2638 3840
307 277 445 304 xxvni

306 352 490 403 Λαμὸάνει
516 364 610 395 ουτος
643 351 790 400 μετάτον
815 353 847 389 ἐν
877 354 920 402 τῇ
939 350 1010 401 ἰδία
1030 347 1143 400 οἰκίᾳ,
1167 347 1248 397 μηδ’
1268 347 1339 389 ἑνὸς

305 415 373 450 τῶν
387 412 520 451 οἰκείων
529 410 630 450 αὐτὸν
641 413 648 436 ¹
661 409 907 462 γνωριζόντων,
920 408 1007 459 μηδὲ
1021 406 1177 453 τῆςῖδίας
1192 406 1337 458 μητρός.

307 471 520 522 Βουλόμενος
539 469 574 507 δὲ
591 472 774 515 πεισθῆναι
788 469 845 507 καὶ
862 467 918 505 τὸν
935 466 1012 518 περὶ
1031 467 1201 517 γυναικῶν
1223 465 1340 516 λόγον,

308 533 338 569 εἰ
371 530 439 583 ἄρα
469 528 599 576 ἀληθής
633 529 726 577 ἐστι,
744 526 893 569 καλέσας
920 525 1001 575 μίαν
1035 526 1103 562 τῶν
1135 525 1343 570 παιδισκων,

309 588 484 640 ὑπέσχετο
502 587 519 611 ¹
539 588 626 639 αὐτῇ
645 585 825 638 χρυσίνους
843 583 1203 634 1ὲ’ξ,“υποκρινόμενος
1234 583 1343 634 φιλεῖν

306 645 368 694 τὴν
388 644 507 698 κυρίαν
527 646 655 693 αὐτῆς,
674 643 832 681 ἑαυτοῦ“
814 641 848 679 οὲ
867 639 1049 690 μητέραω.
1067 638 1111 678 ‘H
1131 639 1166 677 δὲ
1184 638 1342 678 λαὸοῦσα

307 705 346 744 τὸ
373 703 514 756 χρυσίον
536 702 686 749 ἠδυνήθη
707 707 824 739 πεῖσαι
855 698 916 746 τὴν
945 700 1070 744 ἑαυτῆς
1090 697 1229 749 κυρίαν,
1260 700 1344 738 ὑπο-

309 762 462 815 σχομένη
482 766 500 785 ¹¹
530 762 616 812 αὐτῇ
634 758 813 813 χρυσίνους
843 756 885 795 ν’·
909 759 929 803 ἡ
951 756 986 794 δὲ
1017 756 1174 795 συνέθετο
1197 759 1240 808 τῇ
1260 772 1343 794 παι-

309 822 428 873 δίσκῃ,
462 822 626 866 εἰποῦσα,
657 819 707 855 ὅτι
735 816 835 869 ὀψίας
868 814 1005 862 ποιήσω
1045 814 1148 853 αὐτὸν
1182 816 1344 853 εἰσελθεῖν

309 879 438 932 λάθρα,
460 879 518 917 καὶ
539 877 795 928 κοιμηθήσομαι
815 877 890 924 μετ’
906 876 1027 914 αὐτοῦ.
1045 873 1090 914 Ὁ
1110 873 1145 912 δὲ
1164 874 1345 927 φιλόσοφος

308 940 397 991 ἔχων
429 938 530 980 τὰςε
517 935 723 1005 ἐπαγγελίας
754 933 851 985 παρὰ
882 936 946 979 τῆς
975 933 1162 981 παιδίσκης
1190 931 1323 986 ἔπεμψε
1326 949 1343 969 ν

310 997 414 1042 αὐτὴν
433 994 547 1047 οπρὸς
569 994 608 1031 τὸ
627 994 775 1031 δεῖπνον.
800 994 871 1030 Καὶ
903 991 943 1038 δὴ
969 990 1098 1030 τούτων
1132 991 1343 1037 ἀποδειπνη-

309 1055 439 1093 σάντων
460 1062 475 1086 Ρ
493 1055 538 1095 ὡς
556 1046 639 1098 ῆλθε
657 1057 673 1080 ‘¹
691 1050 775 1102 πρὸς
797 1049 854 1089 τὸν
873 1049 994 1097 ὕπνον,
1013 1050 1101 1097 αὐτὴ
1120 1049 1180 1100 μὲν
1199 1051 1345 1102 προσδο-

307 1116 403 1151 κῶσα
425 1113 628 1163 Γσαρκικῶς
650 1112 743 1162 αὐτῶ
763 1112 999 1161 συμμιγῆναι,
1016 1108 1119 1154 αὐτὸς
1134 1108 1210 1146 δὲ“
1190 1125 1237 1152 ως
1253 1108 1342 1147 ἰδίαν

308 1170 441 1221 μητέρα
455 1167 726 1220 περιλαμὸάνων
739 1167 880 1211 καὶτοῖς
895 1168 1084 1220 ὀφθαλμοῖς
1098 1168 1342 1218 περιλάμπων,

307 1229 362 1271 οὒς
378 1233 389 1249 ⁵
409 1227 552 1272 ἐθήλασε
578 1225 729 1276 μαστοὺς
746 1225 946 1276 ῑ-ἐκοιμήθη
977 1225 1040 1268 ἕως
1070 1222 1174 1279 πρωΐ.
1199 1226 1286 1279 Περὶ
1307 1226 1343 1265 δὲ

306 1286 344 1323 τὸ
361 1285 561 1335 διαύγασμα
573 1290 589 1307 “
600 1283 751 1327 ἀναστὰς
768 1285 956 1328 Σεκοῦνδος
972 1285 1173 1323 ἐὸουλεύετο
1184 1284 1343 1329 ἐξελθεῖν.

308 1347 353 1386 ‘H
386 1348 420 1384 δὲ
453 1345 643 1397 ἐκράτησεν
683 1344 785 1383 αὐτὸν
819 1344 968 1395 λέγουσα
981 1361 990 1370 ·
1019 1345 1240 1396 καταγνῶναί
1278 1362 1343 1396 μου

307 1405 412 1443 θέλων
429 1407 528 1443 τοῦτο
545 1402 719 1450 ἐποίησας.
737 1402 782 1443 ‘O
800 1403 836 1442 δὲ
856 1397 962 1442 εἶπεν·
977 1404 1075 1456 οὐχί,
1094 1404 1196 1456 κυρία
1214 1404 1343 1456 μήτηρ.

309 1465 361 1503 Οὖ
379 1463 444 1515 γὰρ
461 1461 590 1500 δίκαιόν
613 1464 718 1508 ἐστιν,
744 1456 848 1514 οἷπερ
870 1462 1021 1510 ἐξῆλθον,
1043 1469 1181 1512 μιᾶναι.
1202 1461 1264 1508 Μὴ
1282 1462 1340 1514 γέ-

306 1538 412 1562 νοιτο.
434 1521 481 1561 ‘H
502 1520 537 1559 δὲ
564 1522 769 1559 ἐπυνθάνετο
788 1524 870 1574 παρ’
891 1523 1017 1569 αὐτοῦ,
1039 1522 1090 1565 τίς
1118 1522 1172 1568 εἴη
1193 1528 1221 1561 ¹.
1240 1521 1286 1561 ‘O
1308 1521 1342 1560 δὲ

308 1584 400 1620 εἶπεν
417 1583 527 1632 αὐτῇ·
546 1579 614 1631 ἐγώ
633 1581 704 1630 εἶμι
725 1581 915 1624 Σεκοῦνδος
935 1583 952 1618 6
972 1581 1043 1624 υἱός
1060 1597 1133 1620 σου.
1153 1579 1198 1619 ‘H
1221 1580 1256 1618 δὲ
1277 1596 1343 1619 κα-

307 1643 478 1688 ταγνοῦσα
510 1641 632 1685 ἑαυτῆς
649 1644 666 1668 7
699 1638 758 1676 καὶ
795 1639 843 1688 μὴ
881 1638 1033 1691 φέρουσα
1073 1638 1136 1685 τὴν
1175 1639 1343 1691 αἰσχύνην

308 1698 438 1750 ἀγχόνῃ
459 1696 646 1748 ἐχρήσατο.
664 1695 709 1735 ‘O
730 1695 765 1734 δὲ
796 1698 985 1741 Σεκοῦνδος
1003 1696 1101 1748 γνοὺς
1122 1696 1175 1735 ὅτι
1196 1698 1252 1736 διὰ
1281 1700 1344 1744 τῆς
1372 1710 1373 1723 ¹

309 1757 412 1794 αὐτοῦ
443 1755 598 1808 γλώττης
626 1755 805 1799 ὁθάνατος
835 1759 895 1802 τῆς
930 1756 1058 1808 μητρὸς
1079 1756 1233 1807 ἐγένετο,
1255 1757 1344 1795 ἀπό-

308 1830 411 1867 φασιν
431 1816 506 1852 καθ’
526 1808 648 1852 ἑαυτοῦ
665 1813 806 1864 ἔδωκεν,
819 1818 879 1852 τοῦ
895 1813 943 1864 μὴ
962 1816 1116 1862 λαλῆσαι
1133 1818 1193 1853 τοῦ
1208 1816 1343 1863 λοιποῦ,
1372 1854 1373 1860 ,

307 1872 366 1911 καὶ
386 1872 489 1925 μέχρι
510 1873 656 1911 θανάτου
676 1872 738 1919 τὴν
759 1872 893 1919 σιωπὴν
913 1872 1083 1920 ἤσκησεν.
1105 1873 1208 1912 Κατὰ
1227 1874 1263 1912 δὲ
1283 1874 1341 1913 τὸν
1372 1879 1378 1917 ἶ,

308 1932 426 1985 καιρὸν
448 1933 572 1970 ἐκεῖνον
594 1930 764 1982 Ἀδριανὸς
786 1934 804 1969 6
826 1934 966 1983 Καῖσαρ
986 1931 1266 1983 παραγενόμενος
1285 1933 1342 1971 ἐπὶ

308 1991 368 2034 τὰς
388 1990 529 2037 Ἀθήνας
561 1990 687 2037 ἤκουσε
721 1989 800 2043 περὶ
831 1992 950 2029 αὗτοῦ.
970 1989 1063 2029 Οὔτε
1094 1991 1162 2043 γάρ
1180 1997 1242 2029 ῑτι
1274 1995 1344 2030 τῶν
1372 2023 1374 2038 ;

629 2049 825 2095 ἐλάνθανεν,
854 2048 914 2087 καὶ
943 2053 1062 2088 τοῦτον
1097 2050 1346 2103 μετεπέμψατο
1372 2062 1374 2106 3

306 2108 460 2162 [ἐλθεῖν].
480 2106 648 2146 Ἔλθόντα
671 2107 706 2145 δὲ
725 2106 782 2145 τὸν
803 2108 990 2146 Σεκοῦνδον
1011 2110 1028 2146 6
1049 2107 1222 2161 Ἀδριανὸς
1247 2109 1344 2147 δοκι-
1372 2128 1374 2156 2

309 2166 418 2217 μάσαι
438 2167 558 2212 θέλων,
577 2166 606 2204 εἷ
632 2167 768 2212 ἀληθῶς
788 2166 856 2219 ἄρα
875 2166 936 2213 τὴν
961 2166 1096 2214 σιωπὴν
1125 2168 1244 2217 ἀσκεῖ,
1262 2170 1346 2207 ἐπα·
1373 2170 1374 2189 ³

308 2051 424 2088 καλῶν
456 2049 556 2087 αὐτὸν
584 2052 599 2071 ⁸

308 2224 435 2268 ναστὰς
453 2239 587 2276 πρωτος
605 2225 791 2270 ἠσπάσατο
810 2223 925 2262 αὐτόν·
946 2224 1005 2262 καὶ
1029 2228 1046 2263 6
1068 2224 1130 2274 μὲν
1157 2227 1345 2269 Σεκουνδος

307 2282 346 2321 τὸ
382 2282 523 2329 σύνηθες
554 2288 651 2341 τηρεῖ
687 2285 748 2329 τῆς
786 2285 939 2355 σιωπῆς,
962 2285 980 2320 6
1011 2282 1047 2321 δὲ
1073 2283 1247 2335 Ἀδριανὸς
1278 2284 1343 2337 ἔφη

309 2343 418 2393 αὐτῷ·
439 2341 606 2390 λάλησον,
629 2331 811 2394 φιλόσοφε,
830 2343 885 2379 ινα
909 2341 1074 2391 μάθωμέν
1095 2340 1112 2364 ¹³
1137 2358 1193 2389 σε,
1211 2344 1249 2381 οὐ
1276 2344 1344 2397 γάρ

308 2401 380 2438 ἐστι
401 2398 542 2438 δυνατὸν
565 2401 763 2443 σιωπῶντος
780 2399 843 2446 τὴν
874 2399 1014 2439 ἐνοῦσάν
1036 2415 1090 2438 σοι
1121 2401 1243 2454 σοφίαν
1264 2403 1343 2440 ἐπι-

306 2460 447 2509 γνῶναι.
467 2456 509 2497 Ὁ
543 2456 579 2495 δὲ
609 2457 796 2500 Σεκοῦνδος
828 2456 955 2506 ὁμοίως
983 2458 1131 2497 ἐσιώπα.
1163 2458 1204 2497 Ὁ
1231 2458 1266 2497 δὲ
1287 2459 1344 2498 Ἀ-

309 2515 441 2567 δριανὸς
466 2514 530 2567 ἔφη
563 2516 670 2564 αὐτῷ·
706 2515 994 2566 Σεκοῦνδε,πρίν
1024 2532 1067 2564 με
1101 2518 1208 2556 ἐλθεῖν
1231 2519 1345 2562 καλῶς

309 2574 471 2619 ἐσιώπας,
483 2575 521 2612 οὗ
537 2573 603 2625 γὰρ
623 2567 712 2625 εἶχες
726 2573 829 2616 ὄντως
845 2573 1055 2626 ἐνδοξότερόν
1073 2591 1133 2614 σου
1154 2576 1342 2627 ἀκροατήν,

309 2631 368 2668 καὶ
399 2634 617 2682 παραστῆναι
647 2637 717 2674 τοῖς
739 2630 870 2684 ῥήμασί
891 2627 951 2671 σου
983 2634 1184 2684 δυνάμενον.
1204 2637 1277 2674 Νῦν
1309 2636 1344 2674 δὲ

310 2688 379 2739 ἐγὼ
399 2689 543 2740 πάρειμι
565 2688 624 2726 καὶ
645 2688 728 2733 ἀξιῶ
741 2720 751 2737 ,
773 2689 940 2738 λάλησον,
956 2691 1083 2743 ἐπᾶρόν
1099 2708 1159 2731 σου
1173 2692 1229 2732 τὸν
1243 2694 1362 2746 λόγον·

311 2748 358 2790 εἷς
381 2747 519 2799 ἀρετήν.
537 2747 581 2786 ‘O
601 2747 636 2785 δὲ
655 2749 840 2791 Σεκοῦνδος
857 2747 933 2786 οὔτε
953 2750 1101 2800 ᾐδέσθη,
1118 2750 1195 2790 οὔτε
1216 2769 1261 2796 ως
1282 2757 1344 2804 βα-

312 2806 409 2843 σιλέα
429 2810 444 2829 c
470 2805 635 2858 ἐφοὸήθη.
669 2805 930 2856 Ἀγανακτήσας
954 2808 989 2845 δὲ
1020 2811 1038 2846 ὁ
1062 2808 1278 2861 Ἀδριανὸς”
1260 2826 1344 2864 εφη,

310 2863 475 2916 Τύρπωνί
505 2862 605 2902 τινι(1
638 2863 760 2914 λέγων,
792 2864 937 2910 ποίησον
970 2865 1028 2903 τὸν
1061 2866 1257 2920 φιλόσοφον,
1287 2869 1344 2907 ἵνα

313 2922 499 2995 φθέγξηται
529 2922 613 2971 ἡμῖν
649 2921 764 2971 λόγον.
788 2921 857 2960 Και
890 2924 907 2959 6
941 2921 1001 2972 μὲν
1032 2923 1197 2976 Τύρπων,
1227 2927 1322 2966 ὥσπε
1309 2945 1345 2981 ρ

313 2979 418 3028 ἐστίν,
447 2995 553 3019 ειπεν·
581 2978 753 3023 λέοντάςθ
781 2996 818 3017 τε
850 2979 909 3019 και
941 2981 1128 3032 παρδάλεις
1161 2984 1219 3022 καὶ
1255 2986 1345 3026 ἄλλα

313 3135 526 3168 Glossari0.-
539 3134 571 3174 (¹)
580 3135 736 3166 αὐτῶν.-
747 3134 787 3174 (k)
801 3135 1006 3167 ὑπέσκετο.-
1015 3134 1049 3176 (¹)
1058 3137 1284 3178 xpucfivou<.—3-
1293 3140 1344 3181 (m)

312 3184 499 3223 μητέραν.-
513 3181 554 3222 (¹¹)
567 3182 846 3223 ὕποκρινομένη.--
858 3181 899 3221 (0)
915 3181 995 3213 αὐτά
1010 3181 1094 3221 quod
1106 3184 1294 3215 mutandum
1315 3185 1347 3217 in

311 3230 417 3268 αὐτήν,
437 3237 536 3268 quum
553 3227 647 3264 αὐτάς
663 3227 717 3258 vix
740 3228 810 3259 ferri
825 3228 934 3268 possit.
947 3247 988 3255 —
999 3228 1038 3268 (n)
1051 3229 1345 3264 ἁποδειπνισάντων.

311 3296 349 3303 -
364 3277 407 3316 ((1)
427 3275 522 3308 ἐλθόν.
537 3292 575 3298 -
592 3274 630 3316 (r)
654 3274 882 3315 προσδοκοῦσα.
903 3291 944 3296 ——
959 3275 995 3315 (⁵)
1013 3277 1066 3310 ὡς.
1081 3292 1124 3299 -
1137 3275 1173 3316 (ῑ)
1199 3278 1345 3316 μασθοὺς.

331 3341 352 3346 -
369 3323 412 3364 (ιι)
431 3323 602 3364 διάφασμα.
615 3323 709 3361 ...(1)
726 3321 770 3358 τίς
789 3323 825 3353 ἀν
839 3322 898 3359 εἴη.
918 3340 957 3345 —-
975 3323 1015 3363 (y)
1040 3323 1161 3354 ἑαυτοῦ.
1175 3324 1257 3365 -(ι.)
1275 3326 1345 3357 οὔτε

312 3370 371 3411 γὰρ
386 3371 438 3402 καὶ
454 3372 490 3402 ut
502 3371 585 3411 apud
601 3369 749 3402 Malalam
763 3369 818 3401 lib.
830 3371 947 3408 XVIII,
964 3379 995 3409 p.
1016 3373 1086 3408 472,
1103 3372 1115 3401 1
1131 3371 1181 3402 ed.
1199 3373 1346 3404 Bonn.—

314 3417 352 3457 (a)
370 3418 463 3458 αὐτῷ.
474 3437 514 3444 -
527 3417 568 3458 (b)
586 3418 734 3457 μάθομεν.
749 3435 788 3442 -
799 3416 838 3457 (c)
855 3415 971 3453 οὔτ’ὡς
993 3417 1145 3458 βασιλεὺς.
1159 3435 1201 3440 ——
1215 3419 1254 3458 (d)
1272 3431 1340 3461 τυρ·

314 3464 443 3501 πωνὶτη.
467 3481 507 3487 --
536 3464 575 3505 (0)
609 3464 736 3501 λέοντές.
766 3480 807 3487 -
835 3464 870 3504 (f)
902 3463 1031 3495 ἔπειθεν.
1060 3483 1099 3492 -
1125 3463 1167 3504 (Β)
1207 3465 1341 3505 ἐπάγειν.

1177 262 1244 300 DE
1273 259 1587 300 PYTHAGORA

1403 346 1506 398 θηρία
1525 344 1658 385 ἔπειθον
1675 344 1687 368 ¹
1708 343 1910 397 ἀνθρωπίνῳ
1937 344 2084 395 στόματι
2108 346 2288 398 λαλῆσαι,
2307 346 2371 395 τὴν
2403 346 2440 386 δὲ

1402 409 1463 443 τοῦ
1495 405 1681 457 φιλοσόφου
1717 404 1874 441 ἀπειθίαν
1906 403 1960 442 οὔ.
1995 405 2265 444 Μετεκαλέσατο
2298 406 2336 445 δέ
2362 421 2439 444 τινα

1403 462 1677 514 σπεκουλάτωρα
1695 460 1858 508 “Empta
1887 461 1946 500 καὶ
1966 461 2052 514 ἔφη·
2075 461 2134 500 τὸν
2155 463 2203 512 μὴ
2233 462 2443 515 βουλόμενον

1402 521 1570 567 λαλῆσαι·
1588 522 1724 573 βασιλεῖ
1742 520 1908 574 Ἀδριανῷ
1934 523 1995 573 ζῇν
2024 522 2062 560 οὗ
2096 520 2283 574 βούλομαι·
2304 522 2417 574 ἄπαγε
2430 553 2440 571 ,

1402 578 1550 617 κόλασον
1573 578 1687 619 αὐτόν.
1712 578 1757 618 Ὁ
1777 579 1812 617 δὲ
1834 579 2007 632 Ἀδριανὸς
2034 580 2146 633 λάθρα
2165 580 2223 619 τὸν
2243 581 2443 620 σπεκουλά-

1403 653 1498 690 τωρα
1518 637 1668 682 καλέσας
1680 667 1689 684 ,
1706 637 1771 691 ἔφη
1791 639 1902 690 αὐτῷ·
1914 639 2015 686 ἡνίκα
2030 638 2087 677 τὸν
2104 638 2289 693 φιλόσοφον
2306 637 2445 690 μέλλεις

1404 696 1550 747 ἀπάγειν
1571 701 1602 743 ⁸,
1623 696 1715 734 κατὰ
1734 696 1797 744 τὴν
1818 697 1893 736 ὁδὸν
1912 698 2065 744 λάλησον
2084 698 2179 750 αὐτῷ
2198 697 2257 736 καὶ
2275 697 2445 750 παραμύ-

1406 756 1510 801 θησαι
1530 758 1588 793 τοῦ
1610 755 1761 801 λαλῆσαι
1779 753 1811 802 ¹¹,
1830 754 1889 793 καὶ
1910 755 1968 794 ἐὰν
1996 753 2058 805 μὲν
2086 756 2324 808 ιπίποκριθ·7’,ναιΙ
2342 757 2443 796 αὗτὸν

1404 813 1545 865 πείσῃς,
1571 814 1827 867 ἀποκεφάλισον
1857 813 1970 854 αὐτόν·
1999 815 2058 853 ἐὰν
2086 815 2123 853 δὲ
2154 817 2217 853 οὐκ
2250 816 2445 868 ἀποκριθῇ,

1404 875 1490 910 σῶον
1511 874 1615 911 πάλιν
1637 874 1739 912 αὐτὸν
1757 875 1906 912 ἐνταῦθα
1937 872 2057 924 ἄγαγε.
2076 872 2272 926 Ἀπηνέχθη
2301 874 2337 912 δὲ
2365 889 2446 914 σιω·

1403 934 1478 970 πῶν
1498 935 1514 970 6
1535 933 1737 976 Σεκοῦνδος.
1765 932 1836 972 Καὶ
1853 935 1870 971 6
1890 931 1953 982 μὲν
1968 931 2218 985 σπεκουλάτωρ
2241 932 2444 972 κατέὸαινεν

1403 993 1493 1045 ἔχων
1511 995 1612 1033 αὐτὸν
1634 995 1680 1038 εἷς
1696 998 1760 1041 τὴν
1780 1001 1914 1047 πεῖραν,
1932 989 1974 1041 ῆν
1989 1010 2011 1046 γ
2014 993 2057 1069 ὰᾜρ
2075 997 2094 1034 6
2110 993 2214 1039 τόπος
2231 995 2357 1039 ἐκεῖνος
2374 1011 2443 1034 των

1403 1052 1664 1103 κολαζομένων,
1686 1052 1746 1091 καὶ
1766 1053 1881 1105 ἔλεγεν
1900 1054 2007 1105 αὗτῳ·
2041 1053 2076 1091 Ω
2096 1053 2287 1102 Σεκοῦνδε,
2303 1053 2339 1092 τί
2363 1067 2446 1091 σιω-

1403 1113 1478 1149 πῶν
1500 1112 1748 1160 ἀποθνήσκεις,
1768 1112 1938 1161 λάλησον,
1961 1112 2020 1150 καὶ
2037 1111 2141 1165 ζήσῃ.
2157 1110 2313 1164 Χάρισαι
2332 1113 2446 1164 ἑαυτῷ

1404 1169 1494 1216 ζωὴν
1515 1169 1571 1208 διὰ
1588 1174 1649 1209 τοῦ
1674 1170 1778 1221 λόγου
1790 1186 1798 1195 ·
1814 1171 1874 1209 καὶ
1895 1169 1962 1223 γὰρ
1979 1173 1997 1209 6
2016 1169 2137 1214 κύκνος
2167 1170 2252 1222 πρὸς
2271 1170 2314 1209 τὸ
2331 1170 2445 1223 τέρμα

1403 1231 1462 1266 τοῦ
1485 1227 1580 1280 βίου,
1600 1227 1660 1266 καὶ
1676 1228 1742 1268 ὅσα
1762 1226 1798 1267 δὲ
1818 1227 1909 1267 ἄλλα
1928 1227 2070 1267 πετεινὰ
2087 1231 2130 1280 τῇ
2150 1227 2316 1282 δεδομένῃ
2331 1229 2447 1273 αὐτοῖς

1405 1290 1500 1339 φωνῇ
1520 1287 1683 1325 κελαδεῖὶ
1701 1286 1760 1325 καὶ
1779 1288 1907 1326 οὐδέν’
1893 1302 1984 1326 εστιν
2001 1287 2135 1340 ἄφωνον
2155 1288 2190 1325 ἐν
2203 1288 2254 1340 τῷ
2275 1287 2354 1340 βίῳ.
2370 1288 2446 1326 Με-

1403 1347 1571 1391 τανόησον
1591 1347 1662 1392 οὖν,
1681 1344 1797 1388 ἱκανὸς
1815 1343 1881 1396 γὰρ
1914 1344 1998 1396 πρὸς
2029 1343 2067 1382 σὲ
2096 1347 2231 1392 σιωπῆς
2260 1344 2444 1396 γενόμενος

1403 1403 1570 1455 χρόνος.
1543 1402 1559 1426 ¹¹
1593 1403 1665 1442 Καὶ
1685 1403 1802 1447 ἄλλοις
1829 1404 1865 1442 δὲ
1885 1403 2020 1442 πλείοσι
2045 1403 2159 1455 λόγοις
2187 1407 2444 1456 παρεμυθεῖτο,

1404 1462 1463 1500 καὶ
1484 1461 1639 1506 ἐδελέαζε
1666 1462 1724 1500 τὸν
1747 1462 1950 1501 Σεκοῦνδον.
1968 1461 2011 1501 Ὁ
2031 1461 2067 1500 δὲ
2097 1463 2285 1506 Σεκοῦνδος
2306 1462 2366 1501 καὶ
2384 1467 2445 1502 τοῦ

1404 1521 1464 1573 ζῇν
1491 1522 1776 1573 καταφρονήσας,
1806 1522 1946 1559 σιωπῶν
1977 1520 2034 1559 τὸν
2069 1520 2215 1559 θάνατον
2247 1520 2443 1574 ἐξεδέχετο,

1402 1585 1473 1622 τοῖς
1492 1578 1602 1630 λόγοις
1619 1578 1668 1629 μὴ
1687 1578 1921 1632 ἐπιστραφείς.
1945 1579 1991 1619 Ὁ
2011 1578 2048 1617 δὲ
2069 1579 2338 1632 σπεκουλάτωρ,
2353 1582 2445 1618 ἀπα-

1403 1635 1521 1690 γαγὼν
1549 1636 1607 1675 τὸν
1639 1636 1747 1689 ἄνδρα
1778 1636 1837 1676 ἐπὶ
1872 1637 1929 1676 τὸν
1961 1637 2090 1685 συνήθη
2121 1636 2242 1685 τόπον,
2267 1637 2357 1690 ἔφη,
2378 1638 2468 1682 Ee»

1402 1697 1540 1742 κοῦνδε,
1553 1694 1732 1749 πρότεινον
1750 1699 1812 1734 σοῦ
1827 1696 1885 1735 τὸν
1901 1695 2031 1768 αὐχένα
2043 1725 2054 1744 ,
2071 1695 2130 1734 καὶ
2147 1696 2238 1741 δέξαι
2254 1696 2297 1735 δι’
2315 1699 2446 1778 αὓτοῦω
2436 1695 2445 1719 ¹

1403 1754 1442 1792 τὸ
1459 1753 1561 1807 ξίφος.
1579 1753 1624 1793 ‘O
1646 1754 1682 1792 δὲ
1699 1756 1889 1798 Σεκοῦνδος
1905 1755 2017 1798 τείνας
2035 1754 2094 1792 τὸν
2114 1754 2245 1807 αὐχένα
2268 1754 2326 1793 διὰ
2340 1757 2446 1802 τῆςω

1405 1816 1538 1860 σιωπῆς
1558 1816 1617 1851 τοῦ
1640 1813 1713 1865 βίου
1733 1813 1965 1854 ἀπετάσσετο.
1989 1816 2019 1854 Γ
2021 1829 2128 1863 υμνον
2147 1814 2183 1852 δὲ
2209 1814 2249 1853 τὸ
2280 1813 2373 1868 ξίφος
2390 1816 2446 1853 ἐν-

1404 1871 1620 1923 δεικνύμενος
1649 1874 1667 1910 6
1694 1872 1981 1926 σπεκουλάτωρ”
1963 1888 2049 1926 εφη·
2078 1875 2107 1911 ὠ
2140 1873 2332 1920 Σεκοῦνδε,
2365 1874 2448 1925 ἀγό-
2502 1913 2507 1918 ,

1406 1947 1509 1983 ρασον
1536 1934 1632 1983 φωνῇ
1657 1946 1717 1970 σου
1748 1930 1806 1969 τὸν
1842 1931 2000 1970 θάνατον.
2022 1930 2069 1971 Ὁ
2099 1931 2134 1970 δὲ
2164 1932 2355 1977 Σεκοῦνδος
2385 1933 2447 1972 οὐκ

1405 1990 1587 2038 ἐλάλησεν.
1610 1988 1838 2042 Παραλαὸὼν
1862 1990 1897 2029 δὲ
1924 1992 1942 2028 6
1960 1990 2209 2042 σπεκουλάτωρ
2231 1989 2348 2038 αὐτόν,
2363 1986 2447 2038 ἦλθε

1404 2049 1489 2101 πρὸς
1518 2048 1692 2102 Ἀδριανὸν
1723 2049 1783 2087 καὶ
1811 2049 1895 2102 ἔφη’
1916 2049 2077 2089 Δέσποτα
2106 2052 2269 2101 Καῖσαρ,
2292 2049 2352 2089 τὸν
2379 2051 2447 2090 Σε-

1405 2108 1562 2155 κοῦνδον,
1593 2107 1711 2146 ὁποῖόν
1739 2123 1799 2157 μοι
1831 2108 2056 2159 παρέδωκας,
2073 2106 2226 2146 τοιοῦτόν
2258 2122 2313 2146 σοι
2342 2108 2446 2147 αὐτὸν

1404 2165 1534 2218 ἤγαγον
1553 2166 1659 2219 μέχρι
1675 2165 1824 2205 θανάτου
1853 2166 2096 2213 σιωπήσαντα.
2115 2164 2289 2218 Ἀδριανὸς
2308 2164 2346 2203 δὲ
2363 2168 2446 2204 θαυ·

1407 2225 1522 2274 μάσας
1552 2224 1615 2273 τὴν
1645 2230 1705 2265 τοῦ
1739 2224 1925 2278 φιλοσόφου
1955 2223 2159 2277 ἐγκράτειαν
2187 2223 2339 2269 ἀναστὰς
2360 2224 2445 2279 ἔφη·

1406 2284 1578 2322 Σεκοῦνδε
1606 2282 1670 2329 τὴν
1707 2282 1841 2329 σιωπὴν
1881 2282 2057 2330 ἀσκήσας,
2083 2281 2203 2334 ὥσπερ
2233 2281 2309 2320 τινὰ
2339 2282 2444 2332 νόμον

1406 2343 1542 2393 σεαυτῷ
1561 2341 1740 2393 προσθείς,
1756 2341 1814 2379 τὸν
1837 2341 1942 2391 νόμον
1973 2356 2034 2380 σου
2062 2342 2262 2393 παραλῦσαι
2283 2342 2347 2380 οὐκ
2363 2343 2446 2388 ἠδυ-

1404 2400 1524 2447 νήθην·
1546 2399 1665 2438 λαὸὼν
1693 2400 1807 2438 τοίνυν
1836 2399 1968 2446 ταύτην
1994 2399 2056 2447 τὴν
2087 2400 2206 2438 δέλτον
2230 2398 2363 2453 γράψον
2386 2398 2449 2439 καὶ

1405 2458 1572 2509 ὃμίλησόν
1595 2474 1655 2510 μοι
1673 2458 1730 2496 διὰ
1747 2461 1815 2496 τῶν
1836 2460 1963 2510 χειρῶν
1983 2474 2064 2516 ⁶⁰⁰3
2079 2457 2273 2508 Δεξάμενος
2289 2458 2325 2496 δὲ
2344 2460 2364 2496 6
2381 2458 2448 2498 Σε·

1406 2519 1546 2561 κοῦνδος
1564 2517 1694 2569 ἔγραψε
1711 2516 1808 2556 τάδε·
1829 2515 1938 2567 Ἐγὼ
1945 2515 2020 2566 μέν,
2038 2532 2067 2554 ω
2088 2515 2266 2569 Ἀδριανέ,
2286 2517 2325 2555 οὐ
2341 2518 2447 2570 φοὸη-

1406 2575 1560 2627 θήσομαί
1593 2592 1632 2614 σε
1664 2579 1723 2614 τοῦ
1755 2576 1954 2626 ἀποθανεῖν,
1983 2591 2100 2627 αρχων
2132 2574 2200 2627 γὰρ
2226 2579 2286 2614 τοῦ
2323 2579 2446 2629 καιροῦ

1404 2635 1527 2674 τούτου
1548 2635 1703 2685 εὑρέθης,
1722 2634 1762 2673 τὸ
1779 2634 1846 2685 γὰρ
1866 2633 2069 2672 ἀποκτεῖναί
2086 2649 2129 2685 με
2149 2636 2184 2672 ἐν
2201 2635 2256 2672 σοί
2275 2635 2368 2680 ἐστι,
2384 2637 2448 2683 τῆς

1407 2696 1443 2734 δ’,
1456 2697 1540 2745 ἐμῆς
1557 2696 1670 2746 φωνῆς
1689 2692 1750 2731 καὶ
1767 2695 1829 2731 τοῦ
1847 2693 1930 2742 ἐμοῦ
1946 2694 2157 2746 προφορικοῦ
2179 2692 2282 2743 λόγου
2298 2693 2445 2742 οὐδεμία

1407 2754 1461 2793 σοι’
1490 2755 1581 2791 ἐστιν
1602 2749 1750 2797 ἐξουσία.
1774 2750 1947 2801 Ἀδριανὸς
1966 2750 2002 2788 δὲ
2029 2749 2195 2801 ἀναγνοὺς
2223 2749 2309 2803 ἔφη·
2328 2751 2445 2794 καλῶς

1408 2810 1630 2862 ἀπελογήσω·
1663 2808 1754 2847 ἀλλὰ
1787 2809 1847 2847 καὶ
1878 2811 1912 2848 ἐν
1946 2808 2072 2861 ἑτέροις
2103 2809 2270 2848 πλείοσιν·
2298 2809 2446 2862 καὶγὰρ

1407 2870 1518 2908 εἴκοσί
1534 2884 1588 2908 σοι
1606 2868 1842 2941 προὸλήματα
1859 2868 2074 2920 προτίθημι,
2093 2863 2140 2906 ὧν
2155 2870 2307 2920 πρῶτον,
2321 2867 2385 2907 τί’
2369 2883 2446 2907 εστι

1406 2928 1559 2978 κόσμος;
1576 2926 1758 2999 ἀπόκριναί
1773 2942 1831 2977 μοι
1844 2926 1929 2977 πρὸς
1945 2930 2066 2964 ταῦτα.
2090 2926 2235 2965 Πάλιν’
2223 2941 2240 2964 ο
2257 2927 2447 2969 Σεκοῦνδος

1407 2985 1617 3039 ἀντέγραψε·
1635 2984 1763 3035 κόσμος
1780 2984 1886 3031 εστίν,
1900 2987 1929 3024 ὠ
1947 2984 2126 3037 Ἀδριανέ,
2147 2984 2186 3022 τὸ
2206 2985 2370 3035 σύστημα
2383 2989 2445 3024 τοῦ

1407 3048 1551 3097 οὐρανοῦ
1584 3045 1644 3083 καὶ
1663 3047 1724 3090 τῆς
1754 3047 1818 3095 γῆς
1837 3042 1897 3081 καὶ
1924 3058 1992 3080 των
2022 3044 2056 3080 ἐν
2078 3043 2192 3086 αὐτοῖς
2219 3043 2374 3089 πάντων,
2396 3046 2445 3081 ὡν

1407 3105 1473 3156 ἐρῶ
1493 3119 1545 3142 σοι
1565 3110 1583 3129 ¹³
1603 3103 1724 3154 μικρὸν
1755 3101 1947 3154 ὕστερον,’
1932 3101 1991 3139 εὰν
2019 3106 2090 3144 τοῖς
2111 3100 2307 3156 λεγομένοις
2335 3116 2446 3151 προσ-

1409 3167 1497 3217 σχῇς
1515 3172 1547 3190 ⁰·
1564 3163 1623 3203 καὶ
1649 3162 1691 3203 συ
1718 3162 1786 3216 γαρ
1812 3163 1990 3216 ἄνθρωπος
2010 3155 2102 3210 εἶ,
2077 3165 2105 3200 ὠ
2125 3161 2301 3215 Ἀδριανέ,
2326 3161 2444 3216 ὥσπερ

1405 3390 1447 3396 -
1463 3373 1505 3414 (h)
1523 3374 1676 3407 Similiter
1689 3373 1823 3406 Malaias
1850 3373 1905 3405 lib.
1933 3374 1989 3412 VI,
2013 3381 2045 3412 p.
2074 3376 2144 3411 160,
2172 3374 2198 3403 1.
2216 3371 2300 3413 —(¹)
2316 3372 2441 3414 κελαθῇ.

1403 3438 1443 3446 -
1457 3420 1497 3460 (k)
1514 3422 1618 3452 ἱκανὸν
1634 3422 1692 3463 γὰρ
1707 3420 1782 3463 πρός
1800 3431 1836 3453 σε
1847 3424 1968 3458 σιωπῆς
1981 3419 2144 3462 γενόμενον
2157 3420 2277 3462 χρόνον.
2288 3437 2329 3444 -
2343 3421 2376 3462 (¹)
2391 3422 2439 3453 αὖ·

1393 3469 1564 3514 Ιτῶι-(111)
1579 3468 1618 3500 δι’
1631 3470 1735 3506 αὐτῆς.
1750 3486 1790 3495 -
1802 3467 1845 3509 (⁰)
1860 3468 1985 3509 ἐροῦμαι
2001 3467 2107 3510 μικρὸν
2121 3468 2304 3510 ὕστερον.-
2319 3467 2359 3508 (⁰)
2371 3479 2442 3509 προ-
