2638 3840
13 3366 24 3387 κ’
13 3285 25 3361 ῑ-ὅῖψψπ

309 309 357 343 84
1170 293 1303 332 PYTH
1310 293 1633 333 AGOREORUM

308 388 568 440 ὑπολαμὸάνειν
598 385 759 425 οὐδέποτέ
791 399 875 437 φασι
902 383 957 421 τὸν
983 380 1103 434 σοφόν,
1125 379 1201 420 οὐδὲ
1222 379 1261 418 τὸ
1281 395 1350 417 πα·

310 448 424 500 ράπαν
443 446 681 498 ἀκαταλήπτῳ
698 445 763 483 τινὶ
780 440 1104 495 συγκατατίθεσθαι,
1124 439 1182 478 διὰ
1202 439 1240 477 τὸ
1262 438 1352 489 μηδὲ

309 506 460 552 δοξάζειν
482 505 600 555 αὐτόν,
634 504 719 555 μηδ’
747 505 878 554 ἀγνοεῖν
911 499 1035 551 μηδέν.
1111 497 1187 546 Τὴν
1207 498 1275 550 γὰρ
1309 498 1351 537 ἄ-

310 579 427 615 γνοιαν
459 562 690 614 μεταπτωτὴν
712 556 819 611 εἶναι,
847 558 1099 609 συγκατάθεσιν
1134 556 1169 596 δὲ
1205 559 1349 605 ἀσθενῆ.

311 622 432 670 Μηδὲν
454 624 483 660 δ’
504 621 762 672 ὑπολαμθάνειν
783 620 931 660 ἀσθενῶς
944 646 953 663 ,
975 616 1066 655 ἀλλὰ
1087 618 1219 667 μᾶλλον
1238 619 1353 670 ἀσφα-

311 684 379 726 λῶς
401 681 460 720 καὶ
489 680 655 733 βεῧαίως,
677 680 719 717 δι’
742 678 759 716 ὃ
780 677 839 716 καὶ
860 676 949 728 μηδὲ
976 675 1130 721 δοξάζειν
1150 675 1209 714 τὸν
1231 677 1350 731 σοφόν.

311 740 438 784 Διττόις
457 739 524 792 γὰρ
544 734 629 777 εἶναι
649 738 760 786 δόξας,
782 735 843 783 τὴν
862 735 925 786 μὲν
940 735 1202 783 ἀκαταλήπτων
1219 750 1353 786 συγκα-

312 800 463 845 τάθεσιν,
480 799 542 843 τὴν
570 799 599 835 δ’
616 797 788 849 ὑπόληψιν
810 796 952 841 ἀσθενῆ·
971 793 1099 838 ταύτας
1119 794 1149 832 δ’
1171 794 1356 849 ἀλλοτρίας

312 852 399 896 εἶναι
418 860 478 903 τῆς
498 861 555 894 τοῦ
580 860 684 908 σοφοῦ
711 853 911 900 διαθέσεως,
930 852 1017 893 διότι
1039 854 1099 892 καὶ
1111 853 1163 877 ²⁰⁵
1176 852 1216 891 τὸ
1233 854 1356 908 προπί-

312 932 409 955 πτειν
430 917 496 968 πρὸ
518 915 762 967 καταλήψεως,
775 913 836 952 καὶ
854 913 1169 964 συγκατατίθεσθαι
1189 914 1281 954 κατὰ
1297 914 1354 952 τὸν

312 979 489 1029 προπετῆ,
511 975 643 1028 φαύλου
664 968 751 1012 εἶναι
764 1003 774 1022 ,
793 973 854 1012 καὶ
876 972 925 1023 μὴ
946 972 1086 1011 πίπτειν
1106 975 1152 1017 εἷς
1168 974 1225 1013 τὸν
1246 975 1355 1028 εὐφυῆ

312 1037 371 1074 καὶ
388 1034 517 1073 τέλειον
535 1034 643 1086 ἄνδρα
669 1034 729 1072 καὶ
750 1033 952 1071 σπουδαῖον.
1011 1032 1102 1071 Οὐδὲ
1123 1031 1303 1070 λανθάνειν
1321 1031 1356 1069 δὲ

288 1135 292 1139 Α
312 1094 413 1134 αὐτόν
426 1111 470 1142 τι,
484 1093 548 1140 τὴν
564 1093 631 1146 γὰρ
646 1091 820 1145 ἀγνωσίαν
840 1089 895 1115 ²⁰⁶
917 1084 1005 1129 εἶναι
1018 1090 1163 1143 ψεύδους
1183 1091 1356 1143 ὑπόληψιν

312 1151 550 1206 ἅποφαντικὴν
570 1152 789 1205 πράγματος.
844 1150 990 1194 Τούτοις
1019 1149 1050 1188 δ’
1080 1150 1276 1192 ἀκολούθως
1297 1150 1358 1188 οὐκ

312 1215 497 1260 ἀπιστεῖν,
519 1212 582 1259 τὴν
605 1211 671 1264 γὰρ
691 1209 859 1250 ἀπιστίαν
881 1203 973 1248 εἶναι
998 1209 1144 1261 ψεύδους
1166 1209 1355 1261 ὑπόληψιν,

313 1272 376 1311 τὴν
399 1271 436 1310 δὲ
461 1271 576 1310 πίστιν
603 1273 740 1308 ἀστεῖον
766 1268 956 1320 ὑπάρχειν,
980 1262 1072 1307 εἶναι
1089 1268 1158 1322 γὰρ
1181 1268 1357 1320 ὑπόληψιν

312 1330 470 1384 ἰσχυράν,
493 1320 700 1381 βεὲαιοῧσαν
717 1328 757 1367 τὸ
775 1327 1125 1379 ὑπολαμὸανόμενον.
1147 1325 1301 1377 Ὁμοίως
1323 1326 1358 1364 δὲ

312 1392 372 1430 καὶ
386 1391 450 1437 τὴν
466 1388 667 1439 ἐπιστήμην
682 1387 933 1438 ἀμετάπτωτον
952 1386 1019 1425 ὑπὸ
1035 1386 1152 1439 λόγου·
1170 1384 1228 1423 διὰ
1244 1384 1357 1424 ταῦτά

313 1464 398 1498 φασι
431 1450 520 1500 μήτε
540 1445 749 1497 ἐπίστασθαί
768 1461 802 1484 τι
821 1445 880 1485 τὸν
903 1447 1034 1500 φαῦλον
1059 1445 1150 1496 μήτε
1163 1444 1353 1483 πιστεύειν.

311 1507 515 1559 Ἔχομένως
543 1506 579 1545 δὲ
599 1504 728 1544 τούτων
748 1504 799 1528 ²⁰⁷
829 1503 906 1543 οὔτε
925 1504 1177 1549 πλεονάζεσθαι
1208 1503 1266 1542 τὸν
1299 1518 1358 1542 σο·

314 1582 376 1620 φον
390 1596 401 1614 ,
422 1565 501 1604 οὔτε
524 1566 788 1617 βουκολεῖσθαι,
811 1562 889 1601 οὔτε
911 1564 1169 1613 διαπατᾶσθαι,
1188 1561 1266 1600 οὔτε
1286 1578 1356 1600 πα·

316 1630 510 1679 ραριθμεῖν,
527 1625 602 1664 οὔτε
620 1623 675 1677 ὑφ’
696 1625 813 1675 ἑτέρου
829 1622 1144 1675 παραριθμεῗσθαι,
1164 1623 1276 1658 ταῦτα
1293 1619 1360 1671 γὰρ

315 1684 433 1723 πάντα
464 1683 527 1731 τὴν
549 1682 688 1728 ἀπάτην
709 1683 886 1734 περιέχειν
900 1712 910 1728 ,
932 1681 992 1720 καὶ
1021 1686 1090 1724 τοῖς
1112 1679 1204 1718 κατὰ
1225 1679 1282 1718 τὸν
1299 1678 1360 1717 τό-

315 1758 379 1781 πον
401 1742 544 1795 ψεύδεσι
564 1742 763 1790 πρόσθεσιν.
823 1740 961 1780 Οὐδένα
979 1739 1015 1778 δὲ
1035 1741 1104 1778 τῶν
1126 1738 1270 1778 ἀστείων
1290 1737 1360 1776 οὔθ’

315 1801 393 1840 ὁδοῦ
430 1800 677 1851 διαμαρτάνειν
693 1829 703 1845 ,
731 1798 803 1837 οὔτ’
829 1798 961 1846 οἰκίας,
995 1798 1074 1836 οὔτε
1109 1801 1255 1836 σκοποῦ·
1280 1796 1357 1835 ἀλλ’

316 1860 394 1898 οὐδὲ
412 1865 569 1911 παρορᾶν
584 1857 636 1882 2⁰⁸
655 1857 731 1897 οὐδὲ
743 1858 955 1909 παρακούειν
971 1856 1149 1907 νομίζουσι
1165 1856 1223 1895 τὸν
1235 1857 1358 1908 σοφόν,

317 1918 394 1957 οὐδὲ
407 1918 447 1957 τὸ
467 1918 607 1956 σύνολον
627 1915 843 1969 παραπαίειν
865 1915 955 1955 κατά
975 1918 1092 1954 τιτῶν
1106 1914 1356 1967 αἰσθητηρίων,

318 2048 439 2080 oritura
449 2056 518 2079 ese-c
529 2048 666 2087 putaret.
677 2047 745 2079 Dici
754 2047 880 2087 insuper
890 2047 1067 2087 sapientem
1078 2055 1141 2078 non
1154 2046 1295 2085 mentiri,
1307 2046 1362 2079 secl
1399 2051 1405 2059 '

320 2114 375 2146 per
391 2105 498 2137 omnia
523 2114 669 2137 veracem
690 2113 781 2145 esse;
801 2113 905 2145 neque
926 2105 1011 2137 enin:
1032 2104 1064 2136 in
1085 2114 1124 2137 eo
1143 2104 1228 2146 quod
1248 2105 1363 2136 salsum

319 2165 367 2197 est
379 2163 513 2196 dicendo
527 2164 729 2196 mendacium
746 2163 846 2204 cerni,
861 2163 917 2196 sed
933 2164 964 2195 in
977 2164 1073 2196 rebus
1087 2163 1264 2204 nugatoriis
1276 2163 1365 2195 [alla-

321 2224 400 2255 citer
412 2223 450 2255 ad
460 2223 663 2264 decipiendos
677 2222 756 2255 alios
768 2222 981 2255 venditandis.
998 2222 1165 2255 Mendacio
1175 2223 1282 2254 tamen
1292 2231 1365 2255 eum

322 2281 483 2314 interdum
502 2282 598 2313 variis
615 2281 719 2314 modis-
734 2282 803 2314 sine
819 2290 950 2314 assensu
969 2281 1014 2313 uti
1038 2290 1133 2322 posse
1150 2281 1362 2321 arbitrantur,

323 2340 410 2372 verbi
428 2341 527 2381 gratia
550 2341 582 2372 in
611 2340 774 2372 (luctando
804 2340 968 2379 exercitu,
998 2340 1153 2373 adversus
1180 2340 1286 2373 liostes
1297 2364 1306 2380 ,
1336 2344 1369 2373 et

324 2399 378 2431 ubi
395 2399 500 2432 videat
523 2399 738 2439 profuturum,
753 2400 787 2431 et
806 2399 836 2430 iu
856 2399 927 2431 aliis
950 2399 1096 2440 plurimis
1127 2399 1172 2431 rei
1206 2399 1368 2432 familiaris

325 2458 470 2498 negotiis,
495 2459 535 2490 At
551 2458 752 2490 mendacium
775 2466 938 2499 nunquam
958 2457 1088 2490 credere
1105 2458 1304 2490 contendunt
1319 2467 1367 2491 sa—

325 2515 461 2556 pientem
479 2525 582 2557 neque.
598 2518 730 2548 omnino
758 2525 824 2548 rem
842 2516 1141 2557 incomprehensam
1169 2517 1367 2558 approbare,

325 2575 491 2614 propterea
502 2574 586 2614 quod
608 2583 711 2615 neque
725 2575 886 2615 opinetur,
908 2584 1012 2615 neque
1034 2575 1158 2615 ignoret
1174 2575 1365 2617 quidquam.

326 2633 541 2671 Ignorantiam
559 2633 643 2664 enim
657 2642 724 2665 esse
740 2633 939 2671 mutabilem,
954 2643 1125 2666 assensum
1142 2636 1251 2667 autem
1265 2635 1369 2668 imbe-

327 2690 446 2722 cillum.
468 2690 550 2722 Niliil
567 2700 640 2723 vero
660 2691 815 2724 imbecille
831 2692 960 2724 credere
990 2693 1176 2733 sapientem,
1188 2695 1243 2727 sed
1262 2693 1370 2726 omnia

328 2749 432 2789 potius
441 2750 571 2781 tirmiter
582 2754 612 2782 et
621 2753 815 2789 constanter,
827 2756 924 2793 atque
933 2752 1015 2785 lianc
1025 2754 1067 2785 el)
1078 2762 1211 2786 causam
1223 2763 1297 2787 eum
1312 2763 1367 2787 ue-

330 2817 390 2847 que
400 2808 536 2848 opinari.
549 2809 717 2848 Duplicem
727 2810 812 2842 euim
822 2819 889 2842 esse
905 2810 1098 2852 opinionem,
1117 2812 1249 2844 alteram
1262 2822 1370 2845 rerum

329 2876 392 2899 non
425 2869 645 2908 perceptarum
668 2868 951 2909 approbationem,
977 2871 1111 2903 alteram
1134 2872 1236 2905 levem
1257 2873 1369 2906 existi-

331 2926 523 2966 mationem;
545 2929 715 2967 utramque
734 2936 810 2960 vcro
829 2927 963 2960 alienam
982 2938 1053 2962 esse
1080 2939 1099 2962 a
1130 2931 1284 2972 sapientis
1304 2933 1371 2974 spi-

331 2987 415 3025 ritu,
433 2985 517 3025 quod
536 2987 565 3017 et
589 2989 661 3018 ante
692 2986 885 3019 intellectum
910 2997 1017 3028 ruere,
1040 2990 1072 3021 et
1092 2999 1296 3032 pra‘propere
1317 3001 1371 3024 as-

329 3044 439 3076 sentiri
449 3044 538 3084 pravi
555 3046 681 3076 tantuin
693 3044 832 3077 bominis
845 3046 899 3086 sit,
913 3056 977 3078 non
990 3051 1095 3080 autem
1110 3049 1204 3082 cadat
1218 3051 1249 3082 iu
1264 3051 1371 3084 virum

329 3103 541 3142 ingeniosum,
557 3104 732 3143 perlectum
746 3108 777 3135 et
792 3105 936 3144 probum.
950 3108 1058 3147 Neque
1072 3107 1170 3140 latere
1188 3118 1263 3142 eum
1280 3110 1371 3151 quid-

330 3171 440 3202 quam,
460 3161 534 3202 quia
554 3161 708 3201 ignoratio
727 3162 770 3194 sit
787 3162 864 3194 salsa
884 3165 1064 3204 persuasio,
1096 3175 1162 3207 qua
1180 3176 1248 3199 rem
1269 3169 1312 3200 ita
1335 3178 1369 3201 se

331 3220 447 3252 habere
463 3219 648 3259 simpliciter
662 3220 860 3253 affirmamus
874 3221 924 3254 vel
941 3231 1105 3263 negamus.
1125 3224 1187 3257 Sed
1206 3225 1255 3257 liis
1274 3228 1371 3259 ratio-

331 3278 426 3311 nibus
444 3279 655 3319 congrnenter
673 3287 748 3310 eum
779 3289 843 3311 nou
864 3280 1027 3321 diuidere,
1054 3282 1174 3315 idcirco
1194 3285 1271 3325 quia
1287 3285 1372 3318 disti-

332 3338 438 3371 dentia
455 3339 531 3371 falsa
546 3339 656 3379 opinio
674 3339 864 3380 appelletur,
882 3349 984 3381 quum
1010 3341 1089 3374 tides
1106 3345 1218 3375 contra
1239 3344 1372 3378 honesta

333 3398 470 3438 dicatur,
486 3397 644 3438 siquidem
659 3398 749 3430 tirma
757 3399 912 3431 sententia
925 3402 987 3438 est,
999 3400 1190 3434 confirmans
1203 3403 1372 3437 creditum.

333 3456 483 3487 Similiter
498 3456 663 3488 scientiam
686 3465 817 3498 quoque
833 3457 940 3489 verbis
966 3459 1082 3491 mutari
1099 3468 1163 3492 non
1178 3469 1268 3501 posse
1285 3462 1373 3495 arbi-

334 3515 476 3554 trantur3
498 3515 706 3555 quamobrem
727 3524 861 3556 pravum
882 3516 1042 3550 bominem
1059 3527 1161 3560 neque
1175 3520 1258 3553 scire
1276 3521 1370 3562 quid·

1415 380 1476 419 καὶ
1494 379 1561 433 γὰρ
1581 379 1711 418 τούτων
1732 378 1879 417 ἐ’καστον
1901 377 2042 429 ἔχεσθαι
2061 377 2240 427 νομίζουσι
2260 377 2371 415 τῶνδε
2391 378 2462 416 τῶν

1415 441 1551 493 ψευδῶν
1573 439 1626 462 ²⁰⁹
1649 437 1950 490 συγκαταθέσεων.
1966 436 2052 475 Οὐδ’
2072 438 2228 475 ὑπονοεῖν
2249 435 2285 475 δέ
2299 451 2385 488 φασι
2406 439 2462 475 τὸν

1417 498 1520 552 σοφόν
1534 529 1544 547 ,
1571 498 1630 536 καὶ
1648 497 1715 550 γὰρ
1734 495 1797 543 τὴν
1819 495 1982 534 ὑπόνοιαν
2007 494 2266 542 ἀκαταλήπτων
2288 494 2342 518 ²¹⁰
2371 488 2459 534 εἶναί

1418 560 1467 610 τῷ
1487 557 1579 610 γένει
1600 556 1855 607 συγκατάθεσιν
1869 584 1879 602 ,
1901 553 1979 594 οὐδὲ
2003 555 2183 604 μετανοεῖν
2204 554 2235 594 δ’
2255 552 2465 604 ὑπολαμὸά-

1420 632 1515 656 νουσι
1533 617 1590 656 τὸν
1606 619 1685 654 νοῦν
1706 616 1856 668 ἔχοντα,
1878 613 1937 652 καὶ
1956 613 2023 665 γὰρ
2038 611 2101 660 τὴν
2118 612 2306 664 μετάνοιαν
2324 613 2465 667 ἔχεσθαι

1419 675 1567 728 ψεύδους
1602 674 1910 726 συγκαταθέσεως,
1943 674 1990 715 ὡς
2023 670 2064 710 ἂν
2094 671 2462 725 προδιαπεπτωκότος.

1419 734 1511 774 Οὐδὲ
1536 734 1819 784 μεταὸάλλεσθαι
1837 733 1872 771 δὲ
1896 733 1974 770 κατ’
1998 730 2121 770 οὐδένα
2140 731 2268 784 τρόπον
2280 762 2291 780 ,
2310 729 2387 771 οὐδὲ
2404 747 2467 782 με·

1418 793 1642 840 τατίθεσθαι,
1664 793 1742 831 οὐδὲ
1760 792 1991 845 σφάλλεσθαι·
2017 793 2130 829 ταῦτα
2150 790 2219 844 γὰρ
2239 783 2329 829 εἶναι
2347 789 2466 829 πάντα

1418 854 1486 890 τῶν
1506 856 1578 896 τοῖς
1597 853 1751 903 δόγμασι
1774 849 2087 901 μεταπιπτόντων,
2108 848 2196 903 ὅπερ
2217 849 2398 903 ἀλλότριον
2420 842 2470 888 εἷ·

1419 926 1477 948 ναι
1507 915 1568 949 τοῦ
1599 914 1678 949 νοῦν
1706 909 1856 962 ἔχοντος.
1915 907 2008 948 Οὐδὲ
2037 909 2150 948 δοκεῖν
2181 911 2278 962 αὐτῷ
2296 909 2331 948 τί
2361 923 2469 962 φασι,

1419 969 1676 1023 παραπλησίως
1696 974 1765 1012 τοῖς
1782 968 1993 1021 εἰρημένοις.
2050 968 2237 1019 Γίγνεσθαι
2257 967 2293 1007 δὲ
2310 967 2371 1007 καὶ
2395 968 2470 1006 δια·

1419 1029 1592 1075 λεληθότα
1616 1029 1694 1067 τινὰ
1727 1027 1832 1081 σοφὸν
1858 1026 2058 1076 νομίζουσι,
2089 1025 2182 1065 κατὰ
2201 1026 2281 1070 τοὺς
2311 1026 2471 1079 πρώτους

1419 1088 1584 1141 χρόνους,
1616 1087 1694 1127 οὔτε
1717 1086 1926 1139 ὀρεγόμενόν
1946 1101 2049 1134 τινος,
2073 1085 2152 1125 οὔτε
2174 1085 2350 1124 ἐπιποθεῗν
2384 1086 2470 1137 βου-

1420 1149 1566 1198 λόμενον
1597 1147 1632 1186 ἕν
1678 1163 1712 1185 τι
1742 1148 1811 1185 τῶν
1849 1147 1884 1184 ἐν
1923 1148 1996 1190 τοῖς
2034 1147 2216 1198 βουλητοῖς
2257 1145 2376 1182 ἷδικῶν
2410 1143 2469 1183 ὄν-

1422 1223 1505 1254 των,
1527 1206 1575 1229 2¹¹
1604 1207 1660 1245 διὰ
1685 1207 1723 1243 τὸ
1744 1205 1794 1256 μὴ
1816 1205 1944 1258 κρίνειν
1973 1220 2007 1243 τι
2033 1207 2128 1257 αὐτῷ
2155 1206 2295 1243 ἀπεῖναι
2313 1196 2362 1241 ὧν
2387 1201 2471 1256 χρή.

1427 1267 1480 1305 Οὐ
1503 1265 1604 1315 μόνον
1627 1266 1656 1304 δ’
1679 1265 1738 1304 ἐπὶ
1751 1267 1815 1312 τῆς
1836 1266 2036 1317 φρονήσεως
2057 1263 2148 1302 ἀλλὰ
2165 1263 2225 1302 καὶ
2244 1262 2386 1302 ἐπὶτῶν
2402 1262 2471 1301 ἅλ-

1421 1327 1492 1364 λων
1512 1327 1647 1377 τεχνῶν
1664 1324 1727 1369 τὰς
1755 1323 1920 1367 τοιαύτας
1941 1322 2083 1362 ἔσεσθαι
2106 1322 2300 1377 διαλήψεις.
2369 1320 2469 1370 Ἔτι,

1421 1383 1563 1422 πάντων
1578 1398 1617 1422 τε
1636 1384 1704 1420 τῶν
1752 1382 2026 1436 ἁμαρτημάτων
2061 1383 2147 1421 ἴσων
2165 1381 2275 1421 ὄντων
2306 1380 2369 1421 καὶ
2402 1382 2472 1420 τῶν

1421 1441 1703 1494 κατορθωμάτων
1718 1473 1728 1491 ‚
1776 1441 1837 1480 καὶ
1875 1441 1955 1486 τοὺς
1993 1440 2146 1496 ἄφρονας
2180 1440 2304 1488 ἐπίσης
2340 1440 2474 1484 πάντας

1423 1500 1573 1553 ἄφρονας
1592 1494 1701 1548 εἶναι,
1728 1499 1793 1548 τὴν
1816 1500 1926 1548 αὐτὴν
1955 1501 2016 1539 καὶ
2036 1500 2116 1550 ἴσην
2138 1500 2284 1553 ἔχοντας
2302 1498 2471 1539 διάθεσιν.

1421 1558 1527 1599 Ἰσων
1547 1560 1582 1599 δὲ
1599 1559 1708 1599 ὄντων
1729 1563 1798 1598 τῶν
1827 1560 2111 1613 ἁμαρτημάτων,
2128 1555 2216 1599 εἶναί
2234 1575 2328 1603 τινας
2353 1560 2390 1598 ἐν
2410 1560 2472 1598 αὖ·

1424 1625 1493 1663 τοῖς
1507 1619 1673 1673 διαφοράς
1688 1648 1698 1666 ,
1721 1620 1799 1658 καθ’
1823 1619 1904 1659 ὅσον
1933 1620 1979 1659 τὰ
2012 1619 2075 1671 μὲν
2096 1620 2211 1658 αὐτῶν
2234 1617 2303 1658 ἀπὸ
2319 1619 2474 1670 σκληρᾶς

1423 1679 1483 1718 καὶ
1504 1679 1668 1718 δυσιάτου
1690 1678 1878 1723 διαθέσεως
1902 1680 2070 1731 γίγνεται,
2091 1678 2135 1718 τὰ
2149 1679 2178 1718 δ’
2199 1678 2252 1718 ού.
2310 1677 2383 1718 Καὶ
2403 1679 2473 1716 τῶν

1427 1739 1626 1779 amoena-w
1661 1738 1696 1777 δὲ
1731 1739 1856 1784 ἀλλους
1883 1739 1998 1779 ἄλλων
2024 1738 2390 1793 προτρεπτικωτέρους
2415 1735 2474 1789 γί-

1425 1813 1466 1850 γν
1475 1801 1572 1836 εσθαι
1589 1798 1648 1836 καὶ
1668 1798 1953 1851 πιστικωτέρους,
1970 1797 2021 1836 ἔτι
2040 1799 2075 1837 δὲ
2094 1799 2155 1836 καὶ
2170 1798 2475 1850 ἀγχινουστέρους,

1425 1856 1517 1894 κατὰ
1545 1856 1589 1894 τὰ
1612 1856 1704 1907 μέσα
1723 1856 1767 1895 τὰ
1790 1856 2172 1907 ἐμπεριλαμὸανόμενα
2189 1859 2258 1895 τῶν
2277 1854 2472 1895 ἔπιτάσεων

1425 1916 1708 1967 συμὸαινουσῶν.
1769 1918 1952 1956 Ιίὖτεκνεῑν
1975 1916 2010 1955 δὲ
2027 1917 2132 1968 μόνον
2149 1916 2208 1955 τὸν
2230 1917 2385 1964 ἀστεῖον,
2410 1914 2470 1955 οὗ·

1676 2002 1760 2009 -.-

1400 2062 1403 2077 ι
1428 2055 1525 2087 quani
1535 2055 1637 2087 neque
1644 2045 1773 2078 credere
1780 2046 1971 2079 defendunt.
1983 2047 2066 2079 Hinc
2075 2047 2163 2088 patet
2174 2055 2278 2088 neque
2291 2046 2478 2081 insolescere

1428 2105 1619 2146 sapientem,
1631 2113 1734 2146 neque
1742 2104 1888 2146 deleniri,
1903 2114 2008 2147 neque
2020 2105 2137 2146 decipi,
2153 2115 2258 2147 neque
2271 2105 2478 2141 fraudulenta

1428 2163 1649 2196 numeratione
1674 2165 1729 2196 aut
1760 2163 1867 2196 saltere
1893 2165 1950 2196 aut
1973 2164 2016 2196 ab
2032 2163 2096 2196 alio
2122 2164 2207 2204 salli,
2233 2164 2384 2206 quoniam
2407 2165 2479 2198 liaec

1428 2222 1537 2255 onmia
1551 2222 1694 2255 fraudem
1710 2223 1895 2256 contineant
1906 2225 2004 2264 atque
2022 2223 2053 2255 in
2065 2223 2199 2265 singulis
2215 2223 2310 2257 rebus
2326 2224 2478 2257 falsorum

1428 2282 1741 2323 comprobationem.
1797 2282 1965 2316 Neminem
1987 2291 2062 2315 vero
2083 2282 2289 2316 honestorum
2307 2283 2477 2316 hominurn

1428 2348 1532 2381 neque
1547 2349 1566 2372 a
1587 2341 1638 2372 via
1658 2340 1817 2380 aberrare,
1837 2350 1941 2382 neque
1958 2350 1976 2373 a
1992 2327 2108 2381 (ionio,
2124 2351 2229 2383 neque
2249 2351 2268 2374 a
2283 2351 2404 2384 scopo;
2420 2342 2476 2376 sed

1400 2335 1404 2475 ψ
1429 2408 1534 2440 neque
1551 2409 1664 2440 parum
1683 2400 1791 2433 videre
1806 2410 1911 2442 neque
1929 2401 2062 2434 auditus
2078 2402 2234 2443 gravitate
2254 2402 2401 2436 laborare
2422 2411 2478 2436 sa-

1400 2477 1404 2483 -
1430 2459 1567 2499 pientem
1583 2459 1786 2498 existimant,
1811 2469 1916 2501 neque
1936 2460 2069 2492 omniuo
2086 2460 2186 2492 ullum
2203 2469 2333 2494 sensum
2358 2461 2478 2495 babere

1429 2517 1639 2556 hebetiorem,
1671 2521 1835 2558 propterea
1865 2519 1951 2560 «prod
1981 2519 2053 2552 lime
2071 2519 2196 2561 singula
2215 2529 2290 2553 cum
2316 2521 2398 2554 salso
2414 2521 2478 2554 islo

1429 2584 1562 2608 assensu
1581 2576 1775 2609 cohaereant.
1799 2579 1911 2619 Neque
1936 2587 2014 2611 vero
2039 2579 2192 2621 suspicari
2218 2579 2332 2612 volunt
2349 2580 2478 2622 sapien-

1431 2637 1516 2674 tem,
1545 2644 1646 2676 quum
1681 2637 1822 2677 suspicio
1853 2637 1895 2670 sit
1919 2647 2027 2670 rerum
2059 2639 2187 2679 generis
2219 2639 2478 2681 incompreliensi

1429 2694 1671 2735 comprobatio;
1694 2704 1798 2736 neque
1815 2695 1976 2729 bominem
2003 2697 2230 2739 intelligentem
2250 2698 2478 2739 poenitentiam

1429 2762 1522 2794 agere
1540 2755 1671 2795 putant,
1690 2755 1841 2795 quoniam
1860 2755 2046 2796 poenitentia
2063 2765 2138 2789 cum
2156 2756 2235 2789 salso
2253 2766 2384 2790 assensu
2398 2767 2479 2792 con·

1429 2813 1540 2853 iuncta
1559 2813 1698 2846 bominis
1715 2814 1756 2846 sit
1773 2816 1879 2854 antea,
1899 2816 1936 2847 ut
1959 2815 2025 2847 fieri
2045 2815 2139 2856 solet,
2151 2825 2209 2857 per
2227 2825 2368 2851 errorem
2385 2818 2478 2860 lapsi.

1431 2871 1478 2904 Ad
1495 2871 1556 2904 lioc
1568 2872 1743 2913 sapientem
1762 2871 1832 2905 ideo
1843 2881 1949 2914 neque
1965 2875 2090 2907 mutare
2104 2876 2295 2909 sententiam
2307 2877 2371 2910 ullo
2384 2880 2480 2920 pacto

1431 2938 1536 2971 neque
1544 2931 1713 2964 retractare
1724 2931 1820 2970 dicta,
1831 2940 1934 2973 neque
1944 2941 2064 2973 errare,
2078 2934 2154 2974 quia
2165 2934 2236 2967 lioec
2246 2936 2354 2969 omnia
2363 2946 2477 2971 eorum

1403 2974 1406 2985 ¹
1432 2989 1495 3021 siut
1519 2989 1574 3030 qui
1599 2989 1641 3021 ab
1667 2989 1866 3023 institutione
1885 2999 1944 3022 sua
1965 2991 2157 3033 desciscant,
2182 2993 2269 3035 quod
2289 3003 2308 3026 a
2325 2995 2480 3037 sapientis

1401 2987 1407 3133 ψ
1432 3046 1587 3088 dignitate
1604 3048 1787 3081 abhorreat.
1851 3051 1961 3090 Neque
1978 3049 2078 3083 videri
2102 3051 2279 3093 quidquam
2295 3054 2324 3086 ei
2344 3054 2479 3088 conten·

1433 3106 1527 3146 dunt,
1549 3107 1580 3139 id
1600 3108 1687 3148 quod
1704 3109 1779 3140 ante
1794 3107 1887 3140 dictis
1903 3109 2007 3141 simile
2022 3110 2082 3142 est.
2121 3110 2182 3143 Sed
2202 3111 2349 3152 ignotum
2372 3122 2478 3155 quen-

1433 3166 1508 3198 dam
1530 3167 1707 3208 sapientem
1733 3167 1843 3208 primis
1868 3168 1966 3200 etiam
1990 3169 2189 3209 temporibus
2220 3162 2382 3204 exstitisse
2404 3180 2476 3206 cre·
2499 3191 2506 3198 ι

1434 3227 1535 3268 dunt,
1565 3229 1621 3270 qui
1638 3237 1743 3270 neque
1773 3230 1938 3270 expeteret
1957 3229 2155 3271 quidquam,
2176 3239 2282 3272 neque
2297 3231 2480 3266 desiderare

1435 3287 1531 3319 vellet
1551 3288 1650 3320 ullam
1671 3297 1738 3321 rem
1757 3297 1799 3321 ex
1815 3288 1874 3329 iis,
1893 3297 1973 3329 quas
1989 3288 2191 3330 peculiariter
2210 3290 2358 3323 homines
2374 3292 2479 3333 requi·

1436 3354 1505 3378 rere
1521 3350 1779 3388 consueverunt,
1797 3347 1871 3388 quia
1890 3347 1969 3380 nihil
2000 3356 2108 3381 retum
2134 3349 2388 3382 necessariarum
2417 3350 2479 3383 sibi

1435 3404 1546 3437 deesse
1559 3406 1729 3446 judicaret.
1773 3408 1936 3439 caeterum
1953 3415 2018 3439 non
2034 3407 2131 3439 modo
2151 3407 2191 3440 de
2214 3408 2398 3450 prudentia,
2416 3418 2471 3442 ve·

1437 3473 1508 3497 rum
1529 3466 1627 3498 etiam
1659 3466 1700 3499 de
1726 3467 1858 3509 reliquis
1882 3467 2006 3500 artibus
2034 3468 2115 3501 tales
2141 3469 2207 3501 sore
2233 3468 2479 3510 disputationes.

1442 3525 1601 3558 Proeterea
1631 3535 1732 3567 quum
1755 3528 1864 3560 omnia
1894 3530 2023 3569 peccata
2042 3536 2107 3560 non
2139 3536 2231 3561 secus
2257 3530 2353 3570 atque
2373 3528 2480 3561 omnia
