2606 3828
325 241 399 274 292
1049 230 1353 271 CYNICORUM
1383 229 1716 270 FRAGMENTA.

321 319 465 370 πόντος,
489 320 541 359 ὅτι
571 322 602 360 οἳ
632 323 741 360 ταῦτα
773 319 958 370 μυούμενοι
979 319 1116 357 πολλῶν
1149 319 1287 370 ἀγαθῶν
1319 318 1354 356 ἐν

322 377 407 433 ᾅδου
428 379 651 432 μετίσχουσι,
669 379 714 418 Τί
734 373 804 426 οὖν,
823 381 886 431 ἔφη
901 406 911 425 ,
929 379 991 416 οὐκ
1007 375 1250 425 ἀποθνήσκεις;

377 437 582 487 (Diogenes
608 437 781 474 Laertius
800 435 870 475 lib.
889 435 953 481 Vl,
973 434 1026 486 4.)

378 507 438 535 117.
474 494 682 547 Ἐρωτηθεὶς
715 494 749 532 τί
783 492 1042 547 μακαριώτερον
1073 494 1108 532 ἐν
1144 491 1353 546 ἀνθρώποις,

321 553 406 606 ἔφη,
429 554 636 604 εὖτυχουντα
659 552 853 591 ἀποθανεῖν.

377 612 583 662 (Diogenes
603 611 775 649 Lae1t1us
795 610 864 649 lib.
890 609 956 657 VI,
976 609 1031 662 5.)

376 684 437 709 118.
468 669 558 714 Ἰοὺς
579 668 806 721 βουλομένους
821 668 1010 712 ἀθανάτους
1029 661 1151 707 εἶναι’
1132 684 1197 722 εφη
1214 668 1282 706 δεῖν
1297 669 1358 720 ζῇν

321 728 450 768 ευσεὸ(
435 745 471 772 ις
489 730 547 767 καὶ
565 727 718 771 δικαίως.

374 788 578 840 (Diogenes
598 788 769 826 Laertius
788 785 858 825 lib.
879 786 950 833 Vl,
969 786 1023 837 6.)

377 857 439 885 119.
471 844 579 883 “OOev
599 845 706 896 ὀρθῶς
725 846 743 881 ὁ
760 843 974 891 Ἀντισθένης
990 838 1099 895 εἶπεν,
1116 845 1168 883 ὅτι
1184 847 1254 888 τοῖς
1273 845 1356 896 μέλ-

325 906 426 942 λουσι
443 902 611 974 σώζεσθαι
629 902 651 948 ἢ
672 900 780 954 φίλων
802 902 852 939 δεῖ
876 901 1028 952 γνησίων
1050 901 1073 949 ἢ
1093 902 1270 955 διαπύρων
1299 905 1358 955 5³24-

319 964 421 1011 Ορῶν.
477 962 522 999 Οἱ
542 960 604 1011 μὲν
623 959 713 1013 γάρ,
728 963 963 1004 νουθετουντες
983 959 1060 1003 τοὺς
1078 960 1356 1013 ἁμαρτάνοντας,

318 1022 350 1058 οἱ
367 1018 424 1069 δέ,
446 1020 679 1070 λοιδοροῦντες
698 1018 946 1071 ἀποτρέπουσι.

371 1078 612 1126 (Plutarchus
631 1078 692 1115 <De
715 1077 903 1129 capienda
930 1091 979 1116 ex
998 1078 1172 1118 hostibus
1195 1081 1359 1118 utilitate

316 1137 402 1176 Vol.
422 1137 491 1174 Vll
512 1151 551 1189 p.
579 1151 654 1186 277
677 1137 736 1177 ed.
756 1137 910 1176 Hutten.
933 1137 984 1177 cf.
1004 1137 1143 1176 Cicero
1162 1138 1219 1176 De
1242 1140 1355 1179 amic.

315 1196 449 1244 XXIV,
469 1196 556 1247 9ο.)
600 1218 602 1220 -

370 1273 430 1298 120.
461 1258 566 1298 Ἀλλὰ
600 1262 717 1311 βοηθεῖ
737 1275 795 1310 μοι
816 1258 855 1298 τὸ
875 1263 935 1297 τοῦ
959 1259 1191 1304 Ἀντισθένους
1214 1277 1358 1312 μνημο-

314 1318 509 1368 νευόμενον.
545 1317 824 1391 Θαυμάσαντος
854 1318 922 1371 γάρ
954 1334 1063 1366 τινος,
1096 1321 1126 1358 εἰ
1157 1319 1201 1358 δι’
1231 1322 1359 1373 ἀγορᾶς

315 1376 416 1419 αὐτὸς
437 1376 531 1429 φέρει
552 1376 708 1429 τάριχον·
726 1376 893 1429 Ἐμαυτῳ
913 1393 973 1428 γε,
993 1381 1104 1418 εἶπεν.

369 1436 606 1486 (Plutarchus
621 1436 730 1488 Reip.
743 1436 1044 1488 getendaeptffaec
1053 1440 1130 1475 vol.
1143 1438 1266 1490 Xllp.
1284 1439 1357 1477 168

314 1495 374 1533 ed.
399 1495 568 1548 Hutten.)

371 1567 431 1593 121.
464 1553 536 1594 Καὶ
563 1553 633 1604 μὴν
664 1554 728 1606 οὐχ
747 1554 847 1605 ἕτερα
876 1554 928 1591 δεῖ
956 1553 1076 1606 βιὸλία
1105 1555 1278 1603 διειλῆσαι
1297 1559 1358 1595 τοῦ

314 1612 523 1665 Χρυσίππου
538 1613 600 1659 τὴν
617 1612 703 1664 πρὸς
720 1612 821 1650 αὑτὸν
840 1612 1116 1662 ἐνδεικνυμένους
1133 1613 1267 1666 μάχην,
1278 1616 1356 1653 ἀλλ’

314 1674 348 1710 ἐν
371 1673 484 1716 αὐτοῖς
516 1671 647 1714 τούτοις
673 1670 757 1708 ποτὲ
779 1670 841 1721 μὲν
864 1675 924 1709 τοῦ
942 1671 1178 1716 Ἀντισθένους
1205 1674 1357 1712 ἐπαινῶν

313 1730 523 1783 προφέρεται
544 1732 583 1768 τὸ
600 1731 669 1768 δεῖν
688 1733 836 1768 κτᾶσθαι
857 1733 932 1776 νοῦν
949 1729 971 1777 ἢ
994 1731 1133 1783 βρόχον.

368 1789 607 1841 (Plutarchus
615 1790 662 1827 de
672 1789 960 1841 Stoic.1·epugn.
973 1803 1059 1842 cap,
1068 1789 1170 1840 XIV,
1180 1792 1357 1832 vol.X111

311 1862 350 1900 p.
377 1848 452 1886 356
475 1850 538 1887 ed.
558 1844 730 1901 Hutten.)

367 1920 431 1946 122.
464 1908 528 1946 Διὸ
543 1909 657 1951 καλῶς
678 1908 741 1959 μὲν
762 1909 1014 1961 Ἀντισθένης’
995 1911 1168 1962 ακούσας,
1185 1912 1238 1951 ὅτι
1251 1928 1357 1952 σπου-

310 1965 435 2009 δαῖός’
421 1981 511 2004 εστιν
531 1966 682 2014 αὐλητὴς
701 1964 903 2042 Ἰσμηνίας,
926 1968 1018 2007 ”Αλλ
1039 1969 1278 2032 ἅνθρωπος,”
1259 1987 1326 2025 εφη
1341 2001 1352 2023 ,

311 2024 503 2077 μοχθηρός·
523 2026 559 2063 οὐ
580 2025 684 2077 γὰρ
668 2042 709 2064 αν
731 2027 821 2065 οὕτω
839 2030 1024 2073 σπουδαῖος
1042 2033 1086 2077 ἠν
1107 2031 1271 2079 αὗλητής.

366 2083 608 2133 (Plutarchus
625 2085 695 2125 vit.
712 2087 848 2126 Pericl.
861 2099 944 2138 cap.
962 2086 995 2135 1,
1015 2089 1094 2129 vol.
1113 2088 1184 2140 lp.
1200 2090 1277 2141 379
1294 2090 1356 2131 ed.

311 2142 480 2192 Hutten.)

364 2213 428 2240 12³.
458 2199 670 2249 Ἀντισθένης
698 2201 734 2241 δὲ
758 2205 777 2241 ὁ
802 2204 1026 2256 Σωκρατικὸς
1043 2204 1113 2245 ἀπὸ
1128 2209 1190 2254 τῆς
1207 2207 1241 2245 ἐν
1259 2205 1352 2245 Λεύ-

310 2274 423 2312 κτροις
443 2259 560 2313 μάχης
579 2263 667 2312 ὁρῶν
696 2260 776 2307 τοὺς
803 2263 985 2311 Θηὸαίους
1005 2264 1096 2316 μέγα
1122 2269 1330 2318 φρονοῦντας
1343 2294 1353 2312 ,

310 2390 459 2430 ceretque
474 2390 622 2422 sacerdos
639 2390 827 2440 hujusmodi
853 2395 975 2434 mystas
991 2394 1085 2426 bonis
1108 2395 1255 2436 plurimis
1273 2394 1359 2436 apud

312 2447 429 2479 interos
448 2448 567 2488 perh-ui
585 2461 594 2481 ι
613 2451 684 2482 Cur
704 2452 826 2493 iqitur,
839 2453 903 2493 ait,
921 2454 994 2494 ipse
1013 2462 1082 2486 non
1107 2456 1276 2486 moreris?

357 2507 426 2537 117.
444 2507 605 2547 Rogatus,
635 2508 790 2549 quidnam
818 2511 902 2550 apud
926 2512 1074 2544 homines
1102 2514 1188 2545 esset
1213 2511 1359 2545 beatissi-

314 2571 423 2603 mum,
439 2565 646 2602 Felicitate,
665 2565 790 2608 inquit,
807 2567 992 2607 florentem
1009 2572 1107 2604 mori.

358 2624 427 2653 118.
453 2624 518 2654 Eos
531 2623 586 2663 qui
599 2627 754 2664 cuperent
768 2625 963 2660 immortales
975 2637 1060 2670 esse,
1071 2631 1220 2670 oportere
1233 2628 1360 2663 dicebat

312 2679 363 2719 pie
380 2680 489 2712 vivere
506 2689 543 2712 ac
556 2681 652 2721 juste.

359 2741 429 2770 119.
453 2739 548 2771 Unde
567 2745 653 2772 recte
672 2741 794 2774 dictum
809 2745 856 2776 est
872 2744 912 2776 ab
926 2746 1131 2787 Antisthene,
1143 2748 1264 2789 eosqui
1277 2747 1358 2780 salvi

313 2805 381 2828 esse
397 2796 536 2829 debeant
552 2798 692 2839 indigere
709 2801 758 2832 vel
783 2802 891 2842 probis
908 2805 1018 2836 amicis
1036 2805 1086 2838 vel
1108 2806 1248 2839 inimicis
1265 2816 1357 2840 acer-

313 2853 412 2886 rimis.
458 2855 583 2887 Etenim
600 2855 644 2888 ini
658 2857 862 2892 admonendo
880 2864 1061 2903 peccantes,
1078 2864 1109 2895 hi
1126 2864 1325 2906 objurgando
1338 2874 1357 2897 a

312 2912 399 2945 vitiis
414 2913 608 2947 absterrent.
733 2954 735 2958 f

355 2976 425 3004 120.
446 2971 507 3004 Sed
522 2972 599 3004 mihi
614 2975 830 3014 patrocinatur
842 2978 1041 3012 Antisthenis
1055 2980 1176 3014 dictum
1194 2984 1357 3016 memoriae

311 3029 474 3071 proditum
485 3054 493 3070 ,
509 3031 563 3071 qui
581 3032 711 3064 miranti
727 3035 855 3067 cuidam
866 3060 874 3075 ,
891 3039 978 3077 quod
996 3039 1223 3073 salsamentum
1238 3051 1293 3082 per
1307 3043 1354 3074 fo-

312 3098 381 3120 rum
399 3090 556 3130 gestaret,
575 3091 738 3132 respondit
755 3105 764 3124 ι
785 3094 873 3126 Mihi
889 3096 1030 3137 quidem
1047 3100 1114 3139 ipsi
1131 3100 1217 3141 fero,

353 3150 422 3179 121.
446 3148 544 3189 Atqui
560 3158 625 3181 non
644 3152 693 3182 est
711 3159 841 3184 necesse
857 3154 936 3186 alios
951 3155 1051 3188 libros
1064 3158 1226 3197 evolvere,
1242 3167 1260 3191 e
1281 3161 1352 3200 qui-

310 3205 371 3237 bus
391 3207 607 3248 Chrysippum
628 3208 735 3250 ipsum
755 3219 866 3243 secum
891 3222 1034 3253 pugnare
1051 3215 1280 3257 ostendamus,
1296 3219 1351 3250 sed

311 3263 344 3294 in
363 3264 412 3295 his
430 3264 509 3305 ipsis
526 3265 697 3308 aliquando
713 3260 914 3302 ‘Antisthenis
930 3270 1007 3303 illud
1036 3274 1200 3313 proterens
1225 3274 1353 3317 laudat,

310 3324 375 3354 aut
392 3326 544 3357 mentem
558 3326 761 3366 parandum
780 3331 844 3361 aut
867 3329 1041 3370 laqueum.

356 3382 426 3414 122.
441 3395 444 3398 *
459 3385 659 3424 Quapropter
691 3387 778 3418 recte
806 3387 1009 3421 Antisthenes
1045 3399 1146 3431 quum
1180 3394 1352 3426 Ismeniam

310 3437 431 3472 bonum
449 3441 611 3475 tibicinem
627 3443 751 3477 audiret
767 3445 956 3487 praedicari,
973 3449 1078 3489 Atqui
1092 3449 1194 3483 homo
1205 3474 1215 3492 ,
1232 3451 1353 3493 inquit,

1414 317 1512 357 οὐδὲν
1535 317 1657 362 αὐτοὺς
1678 317 1743 371 ἔφη
1763 316 1937 370 διαφέρειν
1959 315 2152 371 παιδαρίων
2174 317 2232 357 ἐπὶ
2259 319 2309 371 τῷ
2328 318 2454 372 συγκό-

1415 376 1479 428 ψαι
1498 377 1555 414 τὸν
1576 375 1798 428 παιδαγωγὸν
1818 373 2056 426 γαυριώντων.

1471 434 1715 485 (Plutarchus
1733 435 1803 472 vit.
1831 433 1998 485 Lycurg.
2017 446 2101 486 cap.
2121 434 2171 473 30
2187 435 2266 476 vol.
2291 450 2307 474 1
2327 449 2366 488 p.
2383 441 2457 482 ¹4²

1415 493 1474 531 ed.
1499 493 1667 546 Hutten.)

1472 564 1535 591 124.
1567 554 1631 591 Δεῖ
1659 551 1735 595 τους
1765 550 1955 602 μέλλοντας
1986 551 2135 603 ἀγαθους
2156 553 2285 606 ἄνδρας
2315 551 2459 604 γενήσε-

1418 613 1521 658 σθαι,
1542 610 1582 649 τὸ
1609 610 1670 662 μὲν
1694 612 1799 661 σῶμα
1825 608 2029 661 γυμνασίοις
2048 611 2184 659 ἀσκεῖν,
2206 611 2269 658 τὴν
2288 610 2326 650 δὲ
2342 610 2460 664 ψυχὴν

1417 668 1604 708 παιδευειν.

1475 726 1675 779 (Excerpta
1686 740 1707 765 e
1720 727 1850 766 codice
1861 727 2086 766 Florentino
2098 731 2234 768 Joann.
2243 729 2462 768 Damascen.

1417 787 1458 825 in
1480 786 1587 826 Stob.
1622 787 1752 838 Eclog.
1785 795 1879 826 tom.
1909 786 1946 825 ll
1975 801 2017 839 p.
2046 788 2121 836 734
2155 789 2219 828 ed.
2258 787 2461 836 Gaisford;

1417 848 1506 883 item
1538 848 1578 884 in
1611 845 1714 884 Flor.
1743 848 1823 886 vol.
1849 845 1899 884 lv
1927 860 1968 898 p.
1990 847 2063 898 198
2085 846 2146 886 ed.
2168 847 2336 888 Meinek.
2355 845 2465 886 Ἀντι-

1417 904 1578 956 σθένους.)

1473 976 1537 1003 125.
1570 962 1786 1011 Ἀντισθενης
1803 963 2018 1016 ἔρωτηθεις“
2006 964 2072 1004 υπό
2096 981 2185 1009 τινος
2203 964 2236 1003 τί
2256 936 2385 1011 διδάξει
2404 963 2464 1003 τὸν

1418 1021 1505 1069 υἱόν,
1524 1015 1632 1074 εἶπεν,
1644 1023 1688 1062 Εἰ
1705 1022 1768 1073 μὲν
1782 1024 1870 1068 θεοῖς
1882 1024 2002 1075 μέλλει
2018 1024 2202 1076 συμόιοῦν,
2216 1024 2418 1078 φιλόσοφον,
2435 1024 2466 1062 εἰ

1419 1081 1454 1120 δὲ
1476 1081 1691 1134 ἀνθρώποις,
1715 1082 1860 1135 ῥήτορα.

1475 1139 1715 1193 (Excerptae
1732 1141 1866 1180 codice
1893 1142 2118 1182 Florentino
2148 1142 2289 1181 Joann.
2318 1141 2463 1180 Dama-

1419 1212 1522 1238 scen.
1545 1200 1586 1238 in
1608 1200 1715 1239 Stob.
1734 1201 1865 1251 Eclog.
1884 1210 1978 1241 tom.
2002 1202 2066 1249 11,
2092 1216 2134 1253 p.
2165 1203 2241 1250 734
2267 1200 2331 1239 ed.
2356 1199 2469 1238 Gais-

1419 1259 1527 1307 ford3
1562 1259 1653 1297 item
1677 1259 1718 1298 in
1754 1259 1856 1299 Flor.
1895 1261 1977 1303 vol.
2001 1260 2050 1299 lv
2087 1275 2126 1313 p.
2158 1273 2231 1311 199
2263 1259 2326 1299 ed.
2360 1258 2467 1296 Mei-

1419 1318 1523 1368 nek.)

1473 1390 1536 1416 126.
1573 1378 1643 1417 Καὶ
1659 1371 1757 1423 οὗτος
1773 1380 1806 1430 [ὃ
1820 1376 2051 1434 Ἀντισθένης]
2070 1379 2254 1434 φιλόσοφος
2271 1373 2314 1427 ἦν
2330 1377 2468 1426 ἀλαζὼν

1419 1435 1479 1474 καὶ
1498 1435 1738 1490 ὑπερήφανος,
1766 1437 1802 1482 ὃς
1830 1438 1898 1478 ὑπό
1921 1454 2012 1484 τινος
2040 1438 2205 1491 ὑὸριστοῦ
2223 1438 2264 1477 τὸ
2280 1437 2468 1492 πρόσωπον

1419 1495 1626 1549 συντριὸείς,
1643 1496 1819 1549 ἐπέγραψε
1832 1499 1882 1550 τῷ
1894 1497 2087 1550 προσώπῳ,
2098 1496 2219 1550 ὥσπερ
2230 1498 2264 1536 ἐν
2278 1497 2469 1550 ἀνδριάντι,

1418 1554 1476 1592 τὸν
1489 1554 1679 1603 παίσαντα,
1693 1554 1906 1602 στηλιτεύων
1917 1555 1975 1594 τὸν
1991 1554 2174 1608 ὗὸριστήν,
2186 1555 2243 1595 ἵνα
2257 1554 2469 1609 θερμοτέραν

1417 1612 1482 1660 τὴν
1503 1613 1717 1665 κατηγορίαν
1739 1613 1939 1660 ἐνδείξαιτο.

1473 1672 1653 1722 (Basilius
1670 1672 1794 1714 schol.
1807 1674 1849 1712 in
1865 1673 1983 1724 Greg.
2003 1674 2098 1714 Naz.
2118 1674 2222 1726 apud
2239 1673 2466 1712 Boissonad.

1417 1731 1459 1770 in
1488 1730 1613 1769 Excei
1614 1739 1703 1781 ptoi
1706 1745 1770 1770 um
1804 1745 1826 1770 e
1865 1733 1979 1771 codd.
2014 1733 2117 1772 Bibl.
2144 1732 2246 1785 Imp.
2281 1732 2363 1771 vol.
2392 1730 2470 1780 xl,

1419 1798 1523 1842 palt.
1547 1804 1569 1827 2
1591 1804 1629 1841 p.
1657 1791 1763 1842 138.)

1477 1862 1542 1888 127.
1573 1848 1640 1888 Ἐκ
1660 1848 1695 1886 δὲ
1716 1853 1776 1889 τοῧ
1802 1850 1994 1898 ἀπιθάνου,
2010 1849 2064 1888 ὅτι
2085 1850 2134 1902 μὴ
2158 1849 2248 1895 εἰκός
2267 1851 2374 1898 ἐστιν,
2393 1849 2472 1889 Ἀν-

1419 1907 1578 1956 τισθένην
1611 1907 1767 1947 Ἀττικόν
1797 1925 1838 1961 γε
1869 1909 1954 1948 ὄντα
1981 1909 2262 1963 παραγενόμενον
2287 1908 2471 1957 Ἀθήνηθεν

1421 1968 1469 2010 εἷς
1489 1966 1742 2017 Λακεδαίμονα
1760 1969 1799 2006 ἐκ
1814 1970 1877 2016 τῆς
1894 1968 2178 2020 γυναικωνίτιδος
2201 1968 2313 2020 λέγειν
2336 1968 2385 2011 εἷς
2406 1966 2470 2016 τὴν

1422 2026 1626 2078 ἀνδρωνῖτιν
1648 2026 1800 2064 ἀπιέναι.

1476 2084 1598 2135 (Theo
1614 2085 1910 2136 Progymnasm.
1922 2100 2007 2138 cap.
2020 2086 2057 2134 5,
2069 2087 2134 2135 45,
2144 2086 2202 2126 Cf.
2219 2087 2333 2137 Diog.
2344 2085 2469 2124 Lae-rt.

1419 2144 1485 2191 VI,
1510 2145 1590 2193 59:
1611 2143 1858 2197 Ἐπανήρχετο
1886 2146 1926 2183 ἐκ
1942 2144 2207 2195 Λακεδαίμονος
2233 2145 2281 2188 εἷς
2306 2142 2471 2191 Ἀθήνας·

1417 2218 1503 2256 προς
1514 2197 1572 2242 ουν
1588 2203 1644 2241 τὸν
1660 2203 1866 2254 πυθόμενον,
1876 2205 1948 2243 Ποῖ
1958 2203 2019 2242 καὶ
2035 2204 2170 2243 Πόθεν”
2161 2232 2171 2250 ,
2184 2203 2253 2244 Ἐκ
2265 2206 2327 2251 τῆς
2339 2203 2472 2256 ἀνδρω·

1419 2261 1565 2313 νίτιδος,
1584 2264 1693 2310 εἶπεν,
1712 2263 1759 2306 εἷς
1777 2262 1840 2310 τὴν
1859 2262 2133 2315 γυναικωνῖτιν.)

1424 2396 1477 2427 est
1488 2394 1605 2427 matus
1623 2403 1635 2425 .·
1659 2393 1813 2435 alioquin
1826 2395 1918 2426 enim
1928 2395 2004 2426 tam
2015 2394 2122 2426 bonus
2135 2393 2260 2427 tibicen
2275 2401 2344 2426 non
2363 2392 2467 2432 soret.

1463 2454 1533 2484 123.
1556 2455 1599 2486 At
1615 2460 1694 2484 vcro
1712 2451 1918 2485 Antisthenes
1931 2452 2115 2484 Socraticus
2135 2460 2155 2484 a
2173 2451 2341 2485 Leuctrica
2361 2459 2468 2493 pugna

1418 2510 1590 2544 Thebanos
1613 2510 1703 2543 elatis
1732 2519 1804 2543 esse
1829 2510 1944 2543 animis
1970 2510 2084 2543 videns
2114 2510 2195 2544 nihil
2215 2519 2272 2544 eos
2296 2509 2428 2543 differre
2449 2518 2471 2542 a

1419 2572 1526 2612 pueris
1542 2571 1636 2611 dixit,
1651 2570 1737 2612 quod
1749 2571 1936 2611 magistrum
1947 2570 2192 2612 concidisssent‚
2212 2569 2460 2603 exsultantitms.

1466 2633 1537 2663 124.
1557 2629 1620 2669 Qui
1645 2629 1743 2662 futuri
1764 2631 1840 2662 sunt
1859 2629 1934 2662 boni
1949 2629 2031 2668 viri,
2048 2637 2104 2662 eos
2120 2632 2248 2670 oportet
2265 2630 2336 2662 tum
2353 2637 2470 2670 corpus

1417 2689 1698 2722 exercitationibus
1712 2688 1857 2728 firmare,
1874 2689 1945 2721 tum
1963 2687 2106 2720 animum
2125 2687 2274 2720 doctrina
2298 2687 2462 2720 excolere.

1462 2751 1532 2780 125.
1557 2748 1764 2780 Antisthenes
1791 2747 2008 2787 interrogatus
2025 2755 2045 2779 a
2063 2745 2224 2788 quodam,
2246 2745 2328 2788 quid
2354 2747 2467 2779 auctor

1418 2808 1476 2849 ipsi
1507 2810 1612 2848 esset,
1633 2810 1668 2840 ut
1706 2807 1807 2841 tilium
1828 2807 1976 2848 doceret,
2005 2806 2174 2849 respondit
2198 2819 2206 2840 ε
2233 2807 2272 2840 Si
2285 2814 2367 2840 cum
2393 2805 2463 2839 diis

1417 2874 1532 2899 aevum
1551 2869 1699 2900 acturus
1715 2868 1769 2900 est
1779 2891 1789 2908 ,
1805 2865 2062 2908 philosophiam
2074 2890 2085 2908 ,
2099 2866 2133 2898 si
2154 2873 2237 2899 eum
2251 2864 2467 2907 hominium,

1418 2928 1533 2958 artem
1552 2927 1757 2958 oratoriam.

1465 2991 1534 3020 126.
1557 2988 1620 3020 Hic
1636 2988 1733 3020 etiam
1755 2987 1985 3030 [Antisthenes]
2002 2987 2214 3029 philosophus
2235 2987 2294 3020 ruit
2314 2993 2467 3028 arrogans

1415 3047 1448 3078 et
1460 3046 1619 3087 superbus
1631 3071 1640 3085 ‚
1651 3046 1753 3087 cujus
1767 3055 1867 3087 quum
1880 3055 1917 3078 os
1927 3045 1969 3078 ab
1982 3046 2114 3079 homine
2128 3045 2281 3088 petulanti
2293 3047 2464 3078 contusum
2493 3054 2500 3060 ·

1415 3106 1519 3145 esset,
1536 3105 1696 3147 inscripsit
1714 3105 1747 3137 in
1766 3105 1846 3137 facie
1857 3130 1865 3144 ,
1883 3108 2035 3146 tanquam
2053 3105 2087 3137 in
2113 3108 2239 3146 statua,
2258 3113 2377 3137 nomen
2393 3103 2464 3145 ejus

1414 3172 1432 3194 a
1452 3173 1517 3204 quo
1537 3173 1709 3205 percussus
1734 3166 1822 3204 erat,
1839 3164 1978 3205 prodens
2004 3164 2172 3197 hominem
2197 3162 2410 3204 injuriosum,
2422 3163 2459 3195 ut

1414 3230 1452 3254 eo
1470 3222 1603 3255 acrioris
1621 3222 1817 3255 accusatoris
1837 3226 1943 3263 partes
1959 3223 2129 3256 obtineret.

1458 3283 1527 3313 127.
1551 3283 1598 3314 Ex
1619 3281 1842 3323 improbabili,
1864 3281 1940 3322 quia
1970 3289 2036 3314 non
2061 3282 2111 3314 est
2138 3280 2335 3322 verisimile,
2362 3279 2458 3313 Anti-

1415 3338 1560 3371 sthenem
1581 3339 1719 3380 ‚quidem
1749 3340 1890 3372 Atticum
1910 3348 2012 3381 quum
2035 3339 2170 3372 Athenis
2196 3338 2460 3372 Lacedaemonem

1414 3396 1575 3439 venisset,
1593 3397 1735 3439 dixisse,
1757 3407 1827 3431 sese
1855 3407 1874 3430 a
1900 3397 2091 3431 mulieribus
2109 3397 2148 3429 ad
2175 3397 2261 3433 viros
2283 3397 2460 3439 protectum

1413 3463 1495 3488 esse.
