2638 3840
343 241 386 272 16
1160 228 1442 268 PYTHAGOR
1450 228 1628 269 EORUM

333 321 461 373 χορδᾶν
476 319 615 358 καὶτῶν
631 319 784 373 ὀργάνων
802 321 868 357 τῶν
887 318 961 357 ποτ’
975 317 1143 371 εὐφωνίαν
1162 317 1220 356 καὶ
1234 316 1372 369 πλαγὰν

334 376 657 429 ἐπισυνεργούντων·
689 377 891 430 συναρμογὰ
912 376 947 414 δὲ
970 377 990 415 ἇ
1013 378 1090 414 ποτ’
1111 376 1269 420 ἀλλάλως
1289 376 1372 427 σύγ-

333 450 455 488 κρασις
473 440 541 475 τῶν
562 437 732 490 φθόγγων·
750 436 867 486 ἐπαφὰ
889 435 923 474 δὲ
946 434 1123 494 μωσικὰωᾶ
1142 434 1232 473 κατὰ
1253 449 1375 486 συναρ-

335 495 445 547 μογὰν
479 495 612 539 κίνασις
640 496 707 543 ἤδη
736 495 876 534 τούτων.
933 492 1054 536 Οὕτως
1074 495 1121 531 ὠν
1141 492 1200 530 καὶ
1226 492 1295 543 βίος
1317 496 1375 531 ἀν-

333 556 479 608 θρώπων
513 555 636 607 χρῄζει
669 558 770 606 τριῶν
790 554 919 592 τούτων
950 551 1069 605 τυχέν.
1106 550 1281 604 ἐξάρτυσις
1313 552 1373 603 μὲν

334 614 357 652 ἆ
375 615 444 651 τῶν
467 616 517 651 τῶ
538 613 603 665 βίω
621 613 750 664 μερέων
766 612 835 650 ἐντὶ
850 612 1099 664 συμπλάρωσις
1111 640 1120 658 ,
1140 611 1204 663 βίω
1218 610 1253 649 δὲ
1268 611 1375 664 μέρεα

332 674 375 710 τά
395 688 431 710 τε
462 672 623 722 σώματος
645 672 757 722 ἀγαθὰ
775 671 833 709 καὶ
858 670 902 708 τὰ
922 672 990 708 τῶν
1017 669 1211 722 χρημάτων
1243 670 1303 708 καὶ
1331 670 1375 709 τὰ

331 737 394 774 τᾶς
425 730 523 775 δόξας
554 730 613 768 καὶ
644 732 686 767 τὰ
707 733 775 767 τῶν
797 729 920 781 φίλων·
954 728 1157 780 συναρμογὰ
1184 729 1219 768 δὲ
1249 729 1271 766 ἆ
1298 728 1375 768 κατ’

333 789 458 842 ἀρετὰν
477 789 536 827 καὶ
554 789 666 838 νόμως
689 787 820 826 τούτων
837 786 1014 835 σύνταξις,
1034 787 1153 840 ἐπαφὰ
1174 787 1209 825 δὲ
1235 786 1375 838 μωσικὰ

333 848 355 885 ἁ
373 850 451 886 κατ’
470 846 596 900 ἀρετὰν
617 847 676 884 καὶ
695 846 808 897 νόμως
828 845 958 885 τούτων
979 845 1187 898 σύγκρασις,
1210 848 1374 899 ὃρθοπλο-

330 906 477 957 ουμένας
508 913 567 949 τᾶς
598 907 721 956 ἀρετᾶς
750 904 810 944 καὶ
847 905 954 955 μηθὲν
998 904 1119 950 ἔξωθεν
1169 906 1374 943 ἀντιπῖπτον

331 964 478 1016 ἐχούσας
510 966 612 1016 αὐτᾷ.
648 964 686 1000 οὗ
715 962 783 1014 γὰρ
805 965 838 1001 ἐν
868 966 918 1016 τῷ
939 962 1172 1015 ἀπερύκεσθαι
1200 968 1260 1006 τᾶς
1292 978 1375 1014 προ-

331 1024 440 1066 θέσιος
460 1025 526 1060 τῶν
557 1020 721 1060 ἑκουσίων
742 1024 882 1060 σκοπῶν
902 1022 1063 1061 πέπτωκε
1092 1021 1132 1060 τὸ
1163 1021 1374 1070 εὐδαιμονέν,

332 1081 407 1119 ἀλλ’
425 1083 459 1119 ἐν
483 1083 531 1133 τῷ
551 1079 813 1132 κατατυγχάνειν
829 1084 868 1104 ¹¹¹·
888 1080 957 1119 οὐδ’
977 1082 1011 1119 ἐν
1043 1083 1091 1132 τῷ
1119 1080 1373 1132 ἀδορυφόρατον

330 1135 419 1191 ἦμεν
440 1141 498 1178 καὶ
521 1140 780 1192 ἀνυπηρέτατον
801 1138 863 1177 τὰν
885 1139 1025 1191 ἀρετάν,
1047 1141 1124 1178 ἀλλ’
1145 1140 1179 1176 ἐν
1211 1141 1260 1190 τῷ
1287 1153 1376 1189 συμ-

331 1201 550 1249 πλαροῧσθαι
567 1205 643 1241 ταῖς
663 1197 798 1250 οἷκῄαις
821 1198 982 1250 δυνάμισι
998 1203 1016 1221 “
1033 1198 1113 1237 ποτὶ
1133 1198 1193 1241 τὰς
1213 1196 1372 1249 πράξιας.

331 1258 385 1295 Οὐ
403 1258 470 1309 γὰρ
488 1256 674 1304 αὐτοτελής
692 1257 761 1294 ἐντι
783 1258 800 1299 ὁ
818 1256 1018 1308 ἅνθρωπος,
1042 1257 1119 1296 ἀλλ’
1147 1256 1290 1302 ἀτελής·
1320 1254 1375 1294 τέ-

330 1316 412 1365 λῃος
444 1315 480 1353 δὲ
508 1314 683 1365 γινόμενος
707 1314 728 1352 ἃ
749 1314 810 1365 μὲν
831 1315 914 1367 παρ’
942 1315 1044 1354 αὑτὸν
1072 1315 1094 1352 ἁ
1126 1314 1161 1354 δὲ
1190 1314 1249 1353 καὶ
1277 1313 1374 1366 παρὰ

330 1372 393 1411 τὰν
425 1372 544 1417 ἔξωθεν
576 1372 701 1411 αἰτίαν·
722 1371 780 1410 καὶ
809 1373 929 1425 τέλῃος
961 1373 1036 1421 ἤτοι
1066 1373 1195 1411 καττὰν
1224 1371 1325 1426 φύσιν
1352 1370 1375 1418 ἢ

331 1430 458 1469 καττὸν
492 1430 579 1483 βίον·
609 1431 669 1469 καὶ
695 1431 785 1470 κατὰ
819 1430 880 1482 μὲν
910 1432 972 1471 τὰν
999 1431 1112 1484 φύσιν,
1139 1431 1222 1470 αἴκα
1251 1431 1376 1482 ἀγαθὸς

333 1489 493 1540 γένηται·
516 1490 538 1527 ἇ
559 1490 625 1542 γὰρ
655 1491 791 1529 ἑκάστω
813 1491 919 1543 ἀρετὰ
949 1490 1097 1543 ἀκρότας
1123 1490 1182 1529 καὶ
1212 1490 1376 1542 τελῃότας

331 1549 486 1592 §vvir-1<
516 1549 651 1587 ἑκάστω
677 1550 811 1601 φύσιος·
837 1545 907 1588 οἷον
937 1550 959 1588 ἁ
991 1549 1053 1600 μὲν
1086 1552 1154 1588 τῶν
1188 1551 1375 1602 ὀφθαλμῶν

332 1606 440 1659 ἀρετὰ
461 1614 476 1629 ⁰
494 1608 641 1660 ἀκρότας
668 1609 727 1646 καὶ
750 1610 915 1660 τελῃότας
930 1616 992 1652 τᾶς
1016 1612 1084 1647 τῶν
1105 1610 1290 1661 ὀφθαλμῶν
1310 1608 1376 1661 φύ-

333 1684 402 1711 σιος
422 1674 451 1715 Ρ,
476 1668 498 1705 ἆ
530 1667 565 1705 δὲ
587 1670 653 1706 τῶν
676 1668 809 1707 οὐοίτων
830 1675 890 1712 τᾶς
910 1671 978 1707 τῶν
999 1670 1144 1707 οὐάτων·
1160 1667 1249 1707 οὕτω
1270 1668 1306 1706 δὲ
1326 1672 1375 1707 τῶ

333 1727 504 1778 ἀνθρώπω
526 1727 548 1765 ἆ
569 1727 675 1780 ἀρετὰ
697 1729 845 1781 ἀκρότας
862 1728 930 1766 ἐντὶ
950 1728 1009 1766 καὶ
1029 1728 1195 1780 τελῃότας
1221 1735 1281 1772 τᾶς
1316 1730 1375 1766 ἀν-

332 1785 458 1837 θρώπω
482 1785 614 1839 φύσιος.
642 1786 777 1839 Τέλῃος
793 1788 828 1827 δὲ
848 1787 972 1825 καττὸν
990 1788 1077 1840 βίον,
1097 1786 1178 1825 αἴκα
1199 1788 1374 1838 εὐδαίμων

331 1844 492 1895 γένηται·
510 1845 532 1883 ἁ
549 1845 615 1897 γὰρ
640 1845 842 1898 εὐδαιμονία
861 1847 1025 1899 τελῃότας
1044 1847 1103 1885 καὶ
1126 1846 1376 1898 συμπλάρωσίς

332 1904 402 1941 ἕντι
421 1906 489 1942 τῶν
510 1905 734 1956 ἀνθρωπίνων
765 1908 916 1956 ἀγαθῶν.
977 1908 1039 1944 Διὸ
1057 1906 1164 1944 πάλιν
1189 1905 1297 1958 ἀρετὰ
1316 1905 1374 1944 καὶ

332 1962 475 2014 εὐτυχία
503 1961 610 2015 μέρεα
639 1962 815 2014 γίγνονται
834 1966 883 2003 τῶ
903 1966 961 2002 ὑπ’
986 1966 1074 2017 αὐτᾷ
1089 1969 1106 1994 <1
1129 1964 1210 2017 βίω,
1230 1970 1292 2008 τᾶς
1311 1964 1374 2015 μὲν

333 2022 456 2074 ἀρετᾶς
478 2023 523 2066 ὡς
541 2023 655 2074 ψυχᾶς
670 2022 919 2074 ὑποκειμένας,
940 2029 1003 2067 τᾶς
1017 2024 1046 2061 δ’
1067 2023 1226 2075 εὐτυχίας
1246 2025 1292 2067 ὡς
1306 2022 1374 2061 σώ-

334 2096 464 2130 ματος,
485 2083 554 2119 τῶν
585 2081 620 2118 δὲ
650 2083 917 2134 συναμφοτέρων
938 2085 982 2126 ὡς
1002 2082 1092 2135 ζῴω.
1114 2088 1158 2135 τᾷ
1173 2087 1185 2105 r
1216 2082 1277 2133 μὲν
1307 2081 1375 2137 γὰρ

332 2141 495 2193 χρέεσθαι
525 2142 642 2186 καλῶς
667 2142 780 2185 αὐτοῖς
792 2146 803 2163 ⁵
820 2145 892 2180 ἐστι
911 2143 978 2186 τοῖς
995 2141 1084 2180 κατὰ
1099 2141 1198 2194 φύσιν
1217 2143 1369 2193 ἀγαθοῖς,

331 2200 398 2252 'ff‘
416 2199 450 2238 δὲ
472 2199 534 2238 τὰν
553 2205 678 2252 χρᾶσιν
693 2200 972 2253 ἐμπαρέχεν·καὶ
986 2201 1149 2253 χρέεσθαι
1169 2200 1230 2252 μὲν
1250 2201 1372 2253 ἀρετᾷ,

332 2264 458 2310 χρᾶσιν
473 2259 502 2297 δ’
519 2259 716 2310 ἓμπαρέχεν
734 2260 894 2313 εὐτυχίᾳ·
907 2260 967 2299 καὶ
984 2254 1007 2314 ᾇ
1025 2259 1086 2309 μὲν
1100 2259 1162 2298 τὰν
1175 2258 1374 2312 προαίρεσιν

333 2318 469 2361 καὶτὸν
498 2317 597 2370 λόγον
627 2319 724 2371 ὀρθὸν
754 2318 990 2372 παρέχεσθαι,
1014 2313 1037 2373 ᾇ
1057 2318 1093 2357 δὲ
1114 2318 1175 2363 τὰς
1203 2317 1376 2372 ἐνεργείας

333 2429 386 2462 sed
403 2429 428 2461 si
446 2429 528 2470 quod
548 2431 625 2470 petit
643 2432 869 2471 consequatur,
886 2439 991 2472 neque
1008 2430 1035 2463 si
1053 2430 1155 2463 virtus
1182 2429 1374 2463 satellitibus

333 2489 365 2519 et
390 2487 544 2519 ministris
572 2491 695 2528 careat,
713 2489 767 2520 sed
785 2489 892 2529 potius
910 2489 936 2520 si
955 2489 1159 2520 facultatibus
1175 2488 1241 2520 suis
1258 2487 1297 2520 ad
1324 2496 1374 2519 res

333 2546 469 2586 agendas
487 2547 562 2578 satis
582 2546 738 2579 instructa
757 2548 808 2579 sit.
853 2549 963 2589 Neque
982 2549 1066 2581 enim
1087 2556 1142 2588 per
1161 2555 1195 2579 se
1216 2547 1374 2588 perfectus

334 2609 381 2636 est
395 2605 509 2644 bomo,
523 2605 578 2637 sed
595 2605 815 2646 imperfectus3
833 2607 868 2638 lit
883 2609 991 2639 autem
1009 2606 1167 2647 perfectus
1183 2606 1298 2647 partim
1309 2605 1374 2637 suis

337 2664 474 2701 viribus,
493 2665 607 2705 partim
624 2666 755 2697 externa
785 2675 899 2705 causa;
914 2666 1010 2706 idque
1025 2666 1075 2698 vel
1092 2667 1204 2697 natura
1217 2666 1268 2698 vel
1285 2665 1349 2696 vita
1364 2678 1372 2697 :

334 2725 367 2754 et
393 2726 506 2754 natura
532 2723 679 2763 quidem,
705 2724 730 2755 si
757 2724 858 2756 bonus
883 2725 1027 2757 evadat:
1052 2734 1126 2756 nam
1146 2734 1203 2757 sua
1221 2726 1374 2766 cujusque

336 2782 437 2813 virtus
453 2781 522 2822 ejus
538 2784 660 2814 naturae
681 2783 867 2815 excellentia
885 2785 917 2815 et
936 2784 1085 2824 perfectio
1102 2785 1151 2816 est
1167 2794 1175 2816 :
1194 2784 1280 2816 velut
1297 2793 1374 2816 ocu-

336 2841 438 2873 lorum
453 2840 554 2872 virtus
574 2841 741 2873 oculorum
760 2845 884 2874 naturae
896 2842 1084 2874 excellentia
1101 2846 1132 2875 et
1150 2843 1300 2884 perfectio
1313 2844 1372 2883 est,

335 2900 461 2932 aurium
480 2899 584 2932 virtus
597 2901 742 2931 naturam
762 2900 885 2932 aurium
903 2901 1025 2941 perlicit
1039 2910 1046 2932 :
1061 2901 1107 2933 sic
1124 2901 1219 2934 etiam
1239 2901 1375 2934 bominis

337 2959 438 2991 virtus
455 2958 604 2991 humanae
622 2960 745 2992 naturae
768 2959 953 3000 praestantia
974 2961 1005 2992 et
1024 2961 1173 3001 perfectio
1197 2965 1258 2993 est.
1302 2963 1375 2994 Vita

337 3017 493 3057 perfectus
506 3017 557 3058 fit,
570 3017 596 3049 si
610 3017 721 3050 beatus
733 3017 846 3049 evadat
861 3029 870 3050 ι
885 3018 1048 3050 beatitudo
1060 3018 1144 3050 enim
1160 3019 1374 3052 bumanorum

338 3077 495 3108 bonorum
527 3084 654 3107 summa
683 3076 731 3107 est
760 3077 792 3108 et
820 3076 980 3116 perfectio.
1035 3079 1234 3118 Quapropter
1264 3088 1375 3111 rursus

338 3135 443 3166 virtus
471 3135 503 3165 et
534 3134 725 3174 prosperitas
751 3138 906 3174 tanquam
933 3135 1037 3174 partes
1057 3138 1133 3166 sunt
1158 3135 1234 3167 vitae
1254 3135 1372 3177 beatae,

337 3192 453 3224 virtute
480 3192 564 3223 velut
589 3191 707 3231 animi,
734 3191 815 3223 bona
847 3192 972 3224 fortuna
990 3193 1081 3232 quasi
1108 3194 1247 3234 corporis
1270 3184 1373 3227 vicem

337 3251 521 3291 obtinente,
536 3254 669 3291 utraque
684 3252 791 3282 autem
814 3250 908 3282 simul
933 3250 1077 3282 animalis
1102 3251 1203 3284 instar
1223 3253 1371 3286 habente.

340 3310 386 3342 llli
414 3310 498 3342 enim
526 3310 599 3342 licet
627 3310 702 3350 ipsis
726 3311 849 3342 naturae
874 3309 965 3342 bonis
987 3312 1074 3343 recte
1096 3312 1162 3352 uti,
1187 3311 1261 3344 huic
1280 3322 1373 3345 usum

339 3369 495 3409 praebere3
528 3368 677 3400 nimirum
708 3368 834 3400 virtutis
862 3370 908 3400 est
939 3369 1004 3409 uti,
1039 3371 1251 3410 prosperitatis
1283 3381 1373 3404 usum

340 3430 487 3467 praestare
513 3428 622 3461 :illius
642 3430 693 3460 est
721 3427 888 3461 consilium
914 3429 946 3460 et
974 3428 1128 3461 rationem
1152 3430 1269 3463 rectam
1298 3440 1374 3473 sup-

1434 315 1491 355 καὶ
1522 315 1582 360 τὰς
1612 315 1767 370 πράξιας.
1800 316 1840 356 τὸ
1863 317 1926 367 μὲν
1959 316 2027 370 γὰρ
2059 319 2278 369 βουληθῆμεν
2312 318 2356 358 τὰ
2383 318 2476 359 καλὰ

1435 374 1493 414 καὶ
1513 377 1710 426 ὑποστᾶμεν
1731 375 1775 413 τὰ
1795 375 1887 414 δεινὰ
1904 381 1965 419 τᾶς
1991 376 2117 427 ἀρετᾶς
2134 377 2251 430 οἷκῇόν
2277 380 2347 417 ἐντι
2359 409 2368 425 ,
2385 379 2425 418 τὸ
2444 379 2476 417 δ’

1434 435 1667 487 ὀρθοπλοῆσαι
1685 434 1745 478 τὰς
1766 434 1988 487 προαιρὲσιας
2008 435 2069 473 καὶ
2088 436 2147 474 ἐπὶ
2172 438 2268 482 τέλος
2286 437 2395 476 ἐλθεῖν
2415 437 2477 482 τὰς
2528 480 2531 483 ,

1435 492 1579 545 πράξιας
1613 499 1674 537 τᾶς
1716 493 1891 544 εὐτυχίας.
1934 493 2071 531 ἐνίκασε
2117 494 2184 547 γὰρ
2227 497 2246 533 ὁ
2287 494 2478 547 στραταγὸς

1436 551 1495 590 καὶ
1518 550 1579 590 σὺν
1599 558 1642 605 τᾷ
1663 554 1770 605 ἀρετᾷ·
1791 552 1850 589 καὶ
1872 551 1932 590 σὺν
1952 558 1995 604 τᾷ
2016 552 2178 605 εὐτυχίᾳ,
2199 553 2259 591 καὶ
2286 554 2478 601 εὐπλόησεν

1435 612 1453 648 ὃ
1480 610 1692 662 κυὸερνάτας
1722 610 1782 649 καὶ
1803 610 1863 648 σὺν
1895 617 1941 663 τᾷ
1960 609 2066 663 τέχνα
2087 611 2146 649 καὶ
2177 610 2238 650 σὺν
2256 617 2327 656 τοῖς
2353 611 2479 664 οὐρίοις

1435 668 1641 719 πνεύμασιν,
1661 669 1720 707 καὶ
1751 663 1837 707 εἶδεν
1866 671 1884 706 ὃ
1911 670 2086 722 ὀφθαλμὸς
2116 671 2233 715 καλῶς
2261 671 2321 710 καὶ
2345 670 2407 710 σὺν
2434 677 2480 725 τᾷ

1436 728 1615 782 ὁξυδορκίᾳ
1636 728 1696 767 καὶ
1717 728 1778 766 σὺν
1803 730 1853 779 τῷ
1875 727 1968 779 φάει.
1989 729 2047 767 καὶ
2072 728 2209 781 ἄριστος
2229 731 2247 767 ὁ
2268 728 2341 781 βίος
2365 732 2384 768 ὁ
2407 732 2479 769 τῶν

1436 786 1626 839 ἀνθρώπων
1646 786 1780 838 ἐγένετο
1799 786 1860 824 καὶ
1879 784 1935 824 διὰ
1961 785 2023 824 τὰν
2045 787 2172 840 ἀρετὰν
2196 786 2304 826 αὐτὰν
2332 785 2392 826 καὶ
2421 785 2479 826 διὰ

1435 846 1498 883 τὰν
1518 845 1694 897 εὐτυχίαν.

1491 904 1680 954 (Stobaeus
1710 903 1811 942 Flor.
1840 903 1950 950 Clll,
1975 918 2037 953 27.
2070 904 2239 956 Reposui
2268 908 2313 943 :⁸
2338 904 2477 958 τέλῃος;

1436 964 1548 1005 codd.
1570 963 1717 1011 τελήϊος.
1739 962 1755 986 ¹³
1787 965 1913 1014 ἀρετᾶς
1934 963 1995 1001 καὶ
2025 963 2277 1014 εὖδαιμοσύνας
2298 963 2478 1016 ἐπίμοιρόν

1436 1024 1525 1071 ἐντι,
1548 1023 1684 1061 desunt
1705 1023 1785 1060 haec
1804 1023 1846 1060 in
1866 1023 1980 1061 codd.
1996 1026 2011 1045 ⁰
2032 1023 2096 1073 μὲν
2121 1030 2183 1068 τᾶς
2202 1037 2286 1062 cum
2306 1023 2476 1072 Halmio3

1436 1082 1498 1132 μὲν
1521 1082 1627 1120 libri.
1642 1081 1659 1105 ‘¹
1679 1081 1718 1119 τὸ
1753 1081 1815 1132 μὲν
1838 1095 1924 1120 cum
1945 1082 2157 1130 Meinekio;
2180 1082 2411 1122 membranae
2428 1086 2479 1137 τῷ

1437 1141 1512 1191 μὲν.
1527 1145 1542 1163 ‘³
1563 1141 1749 1188 ἀνωτάτω,
1777 1141 1870 1179 libri
1899 1140 2102 1181 ἀνωτάτων.
2117 1140 2130 1164 ¹
2148 1141 2187 1179 τὸ
2214 1141 2273 1190 δὲ;
2295 1142 2409 1182 codd.
2429 1143 2479 1195 τῷ

1436 1199 1517 1238 δὲ.εζ
1541 1199 1747 1252 τυγχάνοντι
1767 1199 2002 1253 προαιρέσιος,
2018 1200 2130 1238 codd.
2150 1200 2358 1252 τυγχάνοντί
2381 1199 2478 1241 τοι)Ι

1436 1257 1623 1309 ἀντίμιμον
1642 1273 1729 1297 cum
1757 1259 2008 1297 Valckenario
2027 1259 2075 1297 ad
2096 1259 2318 1298 Callimach.
2340 1260 2477 1311 fragm.

1435 1330 1474 1367 p.
1497 1331 1595 1365 2703
1617 1317 1708 1355 libri
1736 1318 1929 1368 ἀντίτιμον.
1947 1318 1954 1341 ¹
1970 1316 2169 1371 χαρακτῆρι
2190 1333 2277 1358 cum
2296 1319 2480 1359 Jacobsio

1435 1376 1477 1413 in
1505 1375 1713 1415 Animadv.
1735 1376 1782 1414 ad
1809 1377 1944 1428 Eurip.
1965 1386 2003 1414 et
2029 1377 2137 1415 Stob.
2170 1391 2207 1429 p.
2235 1380 2333 1428 2963
2363 1376 2477 1417 codd.

1435 1432 1660 1485 χαρακτὴρ.“
1680 1433 1845 1485 ἑπόμενος
1871 1449 1958 1473 cum
1985 1435 2255 1484 eodem51ibri
2285 1436 2478 1488 γενόμενος.

1436 1489 1550 1540 ιμετὰ
1568 1494 1618 1530 τῶ
1640 1494 1701 1539 ζῆν
1730 1495 1765 1530 ἐν
1793 1507 1879 1531 cum
1910 1494 2104 1542 Gesnero3
2125 1494 2238 1534 codd.
2261 1494 2340 1534 οὔτε
2372 1496 2479 1536 ποττὸ

1436 1551 1511 1597 ζῆν.
1527 1555 1553 1572 '¹¹
1577 1551 1864 1604 κατατυγχάνεν,
1886 1552 1979 1590 111)ι·1
2011 1552 2352 1606 κατατυγχάνεσθαι.
2374 1558 2392 1576 “
2421 1555 2480 1594 δυ-

1435 1609 1578 1659 νάμισι,
1621 1610 1713 1649 libri
1761 1611 1941 1661 δυνάμεσι.
1965 1616 1980 1634 ⁰
2027 1612 2134 1664 ἀρετὰ
2181 1627 2267 1651 cum
2299 1613 2476 1661 Orellio;

1436 1668 1530 1706 libri
1560 1668 1672 1722 φύσις.
1692 1678 1708 1702 Ρ
1729 1669 1867 1722 φύσιος;
1889 1670 1994 1709 deest
2023 1673 2063 1708 in
2094 1671 2207 1711 codd.
2223 1677 2241 1701 Ἰ
2262 1673 2351 1726 αὐτᾷ
2382 1672 2411 1711 1.
2442 1685 2477 1712 e.

1436 1728 1661 1781 εὐδαιμονία;
1704 1729 1936 1767 membranae
1984 1731 2092 1782 αὐτῷ.
2110 1735 2125 1753 ““
2158 1737 2223 1784 τᾷ,
2265 1731 2378 1770 codd.
2420 1730 2476 1772 τὸ.

1436 1791 1448 1809 ¹⁵
1468 1788 1601 1836 αὐτοῖς,
1631 1788 1742 1827 codd.
1759 1787 1874 1828 αὐτόν.
1887 1787 1898 1810 ²
1912 1794 1975 1842 τᾷ,
1993 1787 2087 1827 libri
2104 1787 2154 1828 τὸ.

1949 1894 1984 1927 3.

1435 1981 1503 2019 ΕΚ
1535 1981 1640 2020 ΤΩΝ
1675 1981 1943 2021 ΙΠΠΑΡΧΟΥ
1976 1982 2077 2020 ΤΟΥ
2109 1965 2478 2024 ΠΥΘΑΓΟΡΕΙΟΥ

1741 2042 1863 2081 ΠΕΡΙ
1893 2041 2170 2081 ΕΥΘΥΜΙΑΣ.

1490 2140 1556 2184 Ὡς
1578 2141 1662 2195 πρὸς
1689 2141 1747 2180 τὸν
1767 2141 1950 2193 ξύμπαντα
1980 2143 2090 2181 αἰῶνα
2110 2141 2320 2193 ἐξετάζοντι,
2345 2142 2478 2196 βραχύ-

1434 2216 1537 2239 τατον
1559 2200 1696 2252 ἔχοντες
1712 2201 1765 2239 τοὶ
1784 2201 1958 2253 ἄνθρωποι
1975 2201 2031 2239 τὸν
2051 2207 2113 2244 τᾶς
2130 2203 2220 2247 ζωᾶς
2233 2201 2371 2254 χρόνον,
2387 2202 2477 2239 κοίλ-

1434 2260 1551 2298 λιστον
1563 2262 1596 2298 ἐν
1607 2263 1657 2311 τῷ
1672 2259 1737 2313 βίῳ
1748 2259 1850 2298 οἱονεί
1859 2275 1937 2298 τινα
1948 2275 1997 2297 πα
2003 2259 2213 2312 ρεπιδαμίαν
2225 2265 2240 2283 ³
2250 2263 2478 2307 ποιησοῦνται

1436 2317 1490 2355 ἐπ’
1519 2317 1664 2370 εὐθυμία.
1691 2317 1988 2362 καταδιώσαντες.
2045 2317 2186 2357 Ταύταν
2215 2316 2252 2356 δὲ
2272 2316 2381 2362 ἕξοντι
2404 2317 2477 2370 μα’-

1434 2427 1594 2469 peditare,
1615 2427 1710 2468 liujus
1728 2429 1835 2460 autem
1855 2428 1996 2460 actiones
2014 2429 2047 2460 et
2064 2437 2159 2468 opera
2173 2437 2372 2469 promovere.
2394 2430 2476 2462 Nam

1433 2488 1469 2519 ut
1487 2487 1619 2519 honesta
1639 2486 1719 2519 velle
1735 2488 1766 2519 et
1785 2487 1866 2518 ferre
1883 2487 1993 2528 gravia
2014 2487 2142 2520 virtutis
2158 2489 2208 2520 est
2224 2487 2408 2529 proprium,
2429 2487 2477 2520 ita

1435 2545 1639 2577 consiliorum
1659 2547 1788 2585 optatus
1817 2547 1951 2578 eventus
1975 2547 2007 2578 et
2026 2546 2182 2578 factorum
2202 2546 2274 2578 finis
2291 2546 2325 2579 in
2346 2555 2476 2589 prospe·

1435 2605 1529 2636 ritate
1555 2603 1636 2636 situs
1660 2605 1719 2636 est.
1764 2604 2043 2642 Quemadmodum
2069 2605 2153 2637 enim
2175 2605 2276 2637 vincit
2302 2604 2477 2647 imperator

1435 2661 1554 2695 virtute
1577 2664 1610 2695 et
1628 2663 1855 2704 prosperitate,
1877 2663 2008 2696 feliciter
2033 2663 2228 2704 gubernator
2252 2663 2382 2705 navigat
2409 2667 2478 2698 arte

1434 2725 1466 2755 et
1489 2723 1584 2755 vento
1600 2723 1756 2764 secundo,
1780 2726 1865 2756 recte
1883 2723 1983 2756 cernit
1999 2724 2112 2756 oculus
2129 2725 2161 2756 et
2180 2724 2309 2757 videndi
2324 2724 2477 2757 facultate

1434 2783 1468 2814 et
1484 2781 1604 2814 lumine
1624 2794 1633 2814 ε
1654 2782 1700 2814 sic
1715 2782 1855 2814 bumana
1873 2782 1939 2814 vita
1955 2783 2063 2815 evadit
2079 2783 2199 2824 optima
2213 2784 2333 2817 virtute
2358 2783 2476 2825 pariter

1434 2841 1466 2872 et
1486 2840 1703 2882 prosperitate.

1940 2944 1975 2978 3.

1434 3037 1500 3075 EX
1530 3037 1815 3076 HIPPARCHI
1848 3037 2187 3077 PYTHAGOREI
2219 3039 2374 3079 LIBRO
2407 3041 2474 3080 DE

1622 3097 1776 3136 ANIMI
1808 3096 2281 3144 TRANQUILLITATE.

1476 3202 1556 3233 Cum
1573 3201 1797 3234 brevissimum
1812 3201 1854 3233 sit
1873 3200 2020 3232 humanae
2039 3200 2113 3232 vitae
2134 3201 2262 3241 tempus
2281 3210 2353 3233 cum
2378 3205 2472 3234 oeter-

1434 3259 1530 3291 nitate
1545 3260 1713 3301 collatum,
1732 3259 1884 3301 optimam
1911 3259 2056 3291 homines
2071 3259 2147 3291 vitae
2167 3261 2318 3299 tanquam
2338 3260 2472 3300 peregri-

1433 3318 1594 3351 nationem
1616 3319 1807 3359 transigent,
1833 3318 1859 3350 si
1883 3317 1915 3350 in
1937 3317 2164 3357 tranquillitate
2190 3317 2336 3350 vixerint.
2381 3319 2472 3350 Hanc

1434 3378 1542 3408 autern
1558 3378 1701 3409 omnium
1712 3377 1852 3410 maxime
1864 3378 2111 3418 consequentur,
2123 3376 2148 3407 si
2165 3385 2197 3408 se
2212 3376 2294 3417 ipsos
2307 3376 2472 3417 diligenter

1436 3435 1639 3475 cognoverint
1658 3435 1841 3477 sciantque,
1861 3435 2009 3468 mortales
2025 3444 2059 3467 se
2074 3444 2139 3467 csse
2150 3459 2158 3475 ,
2176 3444 2193 3467 e
2208 3444 2301 3467 carne
2314 3437 2471 3477 constare,
