2606 3828
308 257 382 290 324
450 267 455 274 ·
1045 245 1352 286 CYNICORUM
1383 244 1715 286 FRAGMENTA.

305 342 365 381 καὶ
381 346 452 385 τοῖς
471 339 699 394 τυραννείοις,
719 337 836 391 ὥσπερ
858 337 876 375 ὁ
901 336 1041 388 πατήρ,
1074 335 1267 383 ἐπιτήδειος
1286 336 1347 386 ἐγ-

305 399 463 454 γηράσας
481 399 664 439 ἀποθανεῖν
677 430 688 448 ,
706 400 851 438 ἐνταῦθα
877 395 1010 440 παίζων
1031 394 1091 433 καὶ
1116 397 1254 448 τρυφῶν
1275 394 1349 433 διά-

306 475 377 512 γεις
397 461 471 511 μεθ’
494 460 614 510 ἧμῶν;
631 459 642 508 )

359 533 425 559 261.
447 518 611 571 Διογένης
634 515 833 570 ἐρωτηθείς,
852 513 946 558 ὅπως
963 514 1004 552 ἄν
1025 530 1076 558 τις
1099 512 1273 565 ἀμύναιτο
1292 512 1348 552 τὸν

306 579 441 632 ἐχθρόν,
466 578 591 625 Αὐτός,
612 578 677 626 ἔφη
690 606 700 623 ,
718 574 822 618 καλὸς
835 574 983 624 κάγαθὸς
1001 573 1193 626 γενόμενος.

362 638 604 691 (Plutarchus
618 637 674 674 De
688 634 890 673 audiendis
905 634 1029 684 poetis
1049 632 1228 683 v01.V11‚
1243 647 1283 684 p.
1300 634 1349 671 80

305 698 574 748 e‹1.}1utten.)

358 772 425 797 262
457 757 547 808 Περὶ
571 754 753 806 Διογένους
772 768 834 790 του
861 750 1050 796 Σινωπέως
1070 752 1264 803 ἱστορουσιν
1286 751 1350 803 ἅρ-

304 835 392 872 χομε
387 820 453 857 ’νου
470 816 709 871 (ριλοσοφειν,τ
691 830 736 857 ως
749 806 981 860 Ἀθηναίοις
958 828 998 859 ην
1011 811 1128 865 ἑορτή,
1145 811 1247 850 καὶ
1228 811 1350 850 οεῗπνα

305 879 499 924 πολυτελῆ,
517 876 576 915 καὶ
601 874 752 925 θέατρα,
771 871 831 910 καὶ
865 871 1048 915 συνουσίας
1076 873 1152 923 μετ’
1188 871 1351 918 ἀλλήλων

304 939 440 990 ἔχοντες
460 938 641 1011 ἐχρῶντοΝ
641 932 772 984 κώμοις
798 931 858 970 καὶ
885 930 1105 983 παννυχίσιν·
1138 933 1155 969 ὃ
1178 932 1208 969 δ’
1231 931 1264 969 ἔν
1284 946 1351 968 τινι

303 997 411 1069 γωνίᾳ
439 998 501 1042 τῆς
533 994 659 1046 ἆγορᾶς
692 989 1005 1042 συνεσπειραμένος
1039 992 1085 1033 ὥς
1125 989 1350 1036 καθευδήσων

303 1056 483 1095 ενέπιπτεν
505 1054 550 1097 εἷς
577 1050 766 1102 λογισμους
787 1050 976 1101 τρέποντας
1003 1049 1106 1087 αυτὸν
1133 1050 1196 1087 οὐκ
1219 1048 1351 1101 ἀτρέμα

303 1113 362 1152 καὶ
391 1112 580 1165 θραύοντας
593 1141 604 1161 ,
620 1113 666 1153 ὡς
686 1110 745 1148 ὓπ
767 1109 966 1159 οὐδεμιᾶς’
947 1107 1101 1159 ανάγκης
1123 1109 1170 1150 εἷς
1189 1107 1352 1146 ἐπίπονον

302 1170 362 1209 καὶ
380 1168 605 1209 ἀλλόκοτον“
582 1184 677 1216 ηκων
701 1167 774 1221 βίον
792 1167 893 1211 αὐτὸς
909 1166 979 1226 ἐφ’,
979 1169 1104 1206 ἑαυτου
1117 1166 1269 1214 κάθηται
1284 1169 1352 1209 τῶν

303 1229 440 1279 ἀγαθῶν
463 1226 630 1265 ἁπάντων
661 1225 903 1277 ἐστερημένος.
933 1218 979 1263 1⁴2*
967 1239 1022 1262 ιτα
1048 1223 1166 1273 μέντοι
1185 1241 1265 1297 μονν
1275 1240 1354 1276 τινα

303 1286 599 1340 προσερπύσαντα
631 1283 772 1335 λέγεται
808 1283 887 1336 περὶ
919 1282 982 1327 τὰς
1013 1282 1122 1336 ψίχας
1158 1284 1265 1322 αὐτου
1293 1286 1355 1331 τῆς

303 1344 412 1396 μάζης
449 1344 741 1398 ἀναστρέφεσθαι.
782 1341 854 1380 Τὸν
894 1344 923 1381 δ’
955 1338 1051 1386 αὖθις
1087 1341 1272 1396 ἀναφέρειν
1303 1345 1353 1394 τῷ

303 1403 517 1457 φρονήματι,
537 1402 598 1442 καὶ
619 1402 734 1456 λέγειν
754 1401 839 1453 πρὸς
859 1401 982 1440 ἑαυτον
1001 1395 1071 1440 οἷον
1093 1401 1354 1449 ἐπιπλήττοντα

303 1464 364 1503 και
388 1463 587 1508 κακίζοντα·
608 1461 656 1502 Τί
673 1462 757 1515 φής,
778 1478 807 1500 ω
827 1460 1009 1512 Διόγενες·
999 1491 1010 1512 ,
1033 1476 1154 1499 τουτον
1178 1459 1241 1512 μὲν
1262 1461 1352 1498 εὔω-

303 1528 361 1575 χεῖ
382 1522 426 1561 τὰ
444 1522 489 1562 σὰ
514 1521 696 1573 λείμματα
715 1537 776 1559 και
795 1519 930 1573 τρέφει,
956 1519 997 1558 συ
1019 1519 1048 1557 δ’
1065 1522 1082 1557 ὁ
1100 1520 1277 1570 γενναῖος,
1301 1519 1355 1557 ὅτι

304 1580 354 1632 μὴ
377 1580 513 1632 μεθύεις
540 1583 612 1620 ἐκεῖ
632 1579 881 1630 κατακείμενος
900 1580 934 1616 ἐν
951 1580 1100 1622 ἁπαλοῖς
1120 1594 1179 1617 και
1207 1579 1355 1623 ἀνθινοῖς

303 1640 507 1694 στρώμασιν
520 1669 531 1688 ,
553 1638 658 1692 ὀδύρῃ
678 1637 738 1677 καὶ
759 1640 894 1689 θρηνεῖς
916 1637 1080 1685 σεαυτόν,

359 1699 612 1751 (Plutarchus
630 1699 689 1737 De
717 1698 898 1750 profectu
922 1698 964 1735 in
992 1698 1137 1735 virtute
1156 1698 1238 1737 vol.
1259 1698 1352 1746 Vll,

302 1775 343 1812 p.
368 1760 446 1805 248
462 1771 540 1810 seq.
558 1757 796 1797 ed..Hutten.
812 1756 955 1794 Eadem
979 1757 1272 1794 narratiuncula
1302 1757 1355 1794 le-

304 1820 408 1870 gitur
418 1815 521 1870 apud
537 1817 724 1857 AElianum
741 1816 833 1856 Var.
855 1816 944 1856 hist.
959 1815 1031 1853 lib.
1056 1814 1164 1864 XIII,
1185 1829 1270 1867 cap.
1290 1817 1353 1854 26.

304 1878 420 1917 conf.
445 1890 564 1929 supra
578 1876 714 1926 fragm.
742 1875 845 1926 121.)

358 1951 423 1977 263.
479 1935 646 1988 Διογένης
663 1935 761 1986 ἔλεγε
781 1933 842 1973 καὶ
856 1933 914 1973 τὸν
908 1934 1128 2004 Σωκράτην
1150 1934 1255 1972 αὐτὸν
1268 1950 1355 1986 τρυ-

304 2011 426 2051 φησαι·
441 1994 703 2049 περιειργάσθαι
717 1993 784 2047 γὰρ
804 1993 865 2032 καὶ
884 1995 934 2044 τῶ
954 1993 1100 2045 οἱκιδίῳ,
1116 1993 1237 2046 καὶτῷ
1252 2009 1357 2044 σκιμ-

303 2055 438 2109 ποδίῳ,
453 2054 514 2093 καὶ
534 2069 608 2098 ταις
625 2053 791 2106 βλαύταις
812 2052 848 2092 δέ
862 2056 1022 2105 ,αἷσπερ
1043 2069 1102 2092 ουν
1129 2053 1258 2106 ἐχρῆτο
1279 2054 1358 2092 Σω-

305 2115 436 2168 κράτης
455 2113 550 2153 ἔστιν
567 2112 638 2152 ὅτε.

348 2250 419 2278 261.
445 2245 601 2287 Diogenes
617 2245 834 2286 interrogatus
851 2244 1013 2286 quomodo
1030 2244 1103 2285 quis
1120 2244 1230 2277 ulcisci
1247 2245 1356 2277 inimi-
1385 2236 1390 2241 ’

306 2316 382 2340 cum
400 2307 525 2348 posset,
542 2305 706 2347 respondit
721 2318 729 2338 ε
744 2307 780 2339 Si
799 2307 874 2348 ipse
889 2305 1021 2347 probus
1038 2307 1072 2338 et
1086 2305 1250 2338 honestus
1264 2305 1352 2347 fiac.

353 2371 426 2400 262.
450 2367 626 2408 Diogenem
646 2368 827 2400 memorant
850 2366 1057 2408 Sinopensem
1071 2392 1079 2407 ,
1097 2376 1197 2407 quum
1215 2367 1357 2408 philoso-

310 2427 401 2468 pliari
419 2426 584 2468 coepisset,
605 2435 644 2458 ac
657 2426 739 2458 sorte
759 2425 972 2458 Athenienses
996 2426 1094 2458 festos
1114 2427 1243 2466 agerent
1265 2425 1336 2458 dies
1349 2450 1359 2467 ,

308 2486 582 2527 epularenturque
602 2484 767 2526 splendide
788 2493 895 2524 neque
911 2483 1015 2516 solum
1029 2484 1212 2525 spectacula
1231 2486 1358 2524 essent,

309 2545 364 2577 sed
381 2545 529 2577 convivia
542 2544 638 2576 etiam
649 2543 953 2584 comissationesque
972 2551 1028 2583 per
1045 2545 1144 2575 totam
1155 2543 1283 2575 noctem
1301 2542 1359 2575 du·

310 2605 472 2644 cerentur,
496 2603 528 2635 in
553 2602 694 2643 quodam
712 2602 771 2635 sori
795 2601 913 2643 angulo
936 2602 1145 2634 convolutum
1171 2602 1276 2634 somni
1302 2611 1359 2634 ca—

310 2661 419 2703 piendi
440 2662 546 2702 specie
570 2662 729 2700 jacentem
746 2660 779 2693 in
802 2660 1015 2702 cogitationes
1043 2660 1196 2693 incidisse
1215 2660 1360 2693 animum

310 2720 413 2761 ipsius
430 2729 494 2752 non
509 2720 620 2752 leviter
639 2720 680 2751 ab
692 2719 841 2752 instituto
862 2720 1043 2753 avertentes
1056 2720 1155 2760 atque
1168 2719 1360 2760 frangentes,

311 2780 534 2820 reputantem,
550 2779 638 2811 nni-la
666 2787 701 2811 se
722 2778 910 2811 necessitate
934 2782 1084 2811 coactum
1105 2778 1180 2810 vitae
1207 2778 1296 2810 viam
1312 2778 1360 2810 la-

313 2839 476 2872 boriosam
488 2841 584 2880 atque
598 2840 783 2872 inusitatam
802 2839 1029 2879 diversamque
1048 2847 1068 2869 a
1090 2839 1282 2870 caeterorum
1302 2838 1362 2870 lio-

314 2894 437 2931 minum
465 2898 610 2931 moribus
639 2899 818 2939 ingressum
848 2898 999 2931 omnibus
1030 2897 1124 2929 bonis
1158 2905 1266 2929 carere
1288 2907 1297 2928 ε
1328 2898 1364 2929 ut

314 2966 389 2990 vero
410 2966 535 2990 murem
559 2966 706 2998 arrepere
726 2961 759 2990 et
777 2958 862 2990 circa
893 2965 993 2989 mazae
1016 2965 1085 2988 snae
1114 2956 1214 2988 micas
1240 2956 1365 2988 versari

314 3015 410 3057 vidit,
427 3016 574 3048 animum
592 3025 704 3048 rursus
717 3016 872 3056 erexisse,
887 3024 924 3047 ac
943 3024 977 3048 se
998 3015 1102 3055 ipsum
1119 3014 1315 3056 increpuisse
1331 3016 1365 3046 et

316 3075 378 3107 hoc
403 3075 500 3108 modo
529 3074 717 3116 objurgasse
738 3087 746 3107 :
774 3075 864 3112 Quid
882 3076 960 3114 ais,
987 3076 1180 3114 Dioqenes?
1199 3082 1276 3105 mus
1306 3072 1364 3104 hic

315 3135 476 3177 reliquiis
493 3136 564 3167 tuis
580 3135 681 3167 laelus
697 3136 860 3174 vescitur,
874 3136 915 3166 ιιι
929 3142 1007 3166 vero
1022 3132 1216 3173 praeclarus
1229 3132 1366 3164 scilicet

317 3193 417 3226 homo
431 3196 533 3227 tuam
546 3195 654 3227 vicem
676 3193 769 3226 doles
781 3201 822 3226 ac
839 3187 1065 3230 lamentaris,
1087 3193 1121 3224 te
1144 3199 1210 3223 non
1223 3191 1302 3222 istic
1327 3191 1364 3222 in

317 3255 487 3297 seraqulis
503 3255 668 3288 mollibus
680 3257 714 3288 ει
733 3256 837 3296 pictis
854 3254 991 3287 ebrium
1005 3253 1146 3292 jacere?

362 3316 435 3346 263.
459 3314 619 3356 Diogenes
640 3315 804 3348 Socratem
820 3313 917 3346 etiam
933 3311 1039 3352 ipsum
1065 3310 1229 3343 luxuriose
1248 3310 1368 3343 vixisse

1464 334 1660 386 (AElianus
1676 334 1764 374 Var.
1785 334 1876 372 hist.
1901 333 1973 373 lib.
1990 332 2054 381 lv,
2077 332 2154 386 ιι.)

1465 406 1531 435 26⁴.
1563 393 1728 444 Διογένης
1744 391 1863 432 λαὸὼν
1875 392 1973 445 παρὰ
1993 391 2160 444 Διοτίμου
2179 396 2238 432 τοῦ
2262 392 2463 448 Καρυστίου

1411 451 1569 504 νόμισμα
1588 452 1718 504 ὀλίγον,
1739 451 1818 505 ἔφη·

1467 535 1532 575 Σοὶ
1552 534 1587 573 δὲ
1608 534 1678 573 θεοι
1694 534 1782 572 τόσα
1805 534 1916 582 δοῖεν,
1929 532 1995 572 ὅσα
2011 533 2114 588 φρεσὶ
2124 536 2206 588 σῇσι
2225 540 2405 590 μενοινᾷς,

1466 593 1597 646 Ἄνδρα
1610 609 1647 632 τε
1668 609 1728 632 και
1746 585 1856 632 οἶκον.

1412 662 1590 703 Ἐδόκει
1571 662 1608 701 οέ
1625 678 1699 707 πως
1718 663 1737 701 ὁ
1756 661 1921 715 Διότιμος
1941 662 2209 718 μαλθακώτερος
2227 657 2329 705 εἶναι.

1472 741 1657 790 (AElianus
1675 740 1764 779 Var.
1786 740 1880 779 hist.
1904 740 1974 780 lib.
1994 740 2061 789 IV,
2081 756 2144 790 27.
2167 741 2383 782 Diotimum
2410 742 2465 783 ci-

1415 799 1568 838 naedum
1589 800 1782 850 Diogenes
1799 800 2016 851 alloquitur
2029 799 2211 839 versibus
2225 799 2464 849 Homericis,

1412 857 1556 908 quibus
1577 858 1710 897 Ulixes
1741 857 1962 906 Nausimae,
1994 860 2152 899 Alcinoi
2174 859 2283 908 filiae,
2310 851 2466 912 nuptias

1414 925 1452 954 et
1473 919 1652 955 maritum
1669 926 1860 969 precatur.
1876 917 1937 958 Cf.
1951 917 2095 970 Odyss.
2108 917 2179 957 lib.
2191 914 2466 964 vuasto-181.

1414 977 1527 1028 Apud
1546 976 1701 1015 Latinos
1721 989 1876 1028 quoque
1900 976 2083 1016 homines
2106 976 2319 1017 effeminati
2341 981 2467 1015 virum

1413 1050 1582 1085 quoerere
1599 1037 1799 1075 dicuntur.
1817 1036 1904 1076 Vid.
1926 1036 2082 1075 Petron.
2096 1035 2214 1076 Satir.
2240 1049 2256 1074 1
2268 1037 2346 1087 19.)

1471 1108 1537 1133 265.
1570 1094 1719 1148 Ἐπῇνει
1744 1095 1973 1149 Σπαρτιάτης
1992 1095 2031 1135 τὸ
2053 1094 2135 1138 ἔπος
2159 1092 2331 1136 ἹῙσιόδου
2348 1092 2390 1132 τὸ
2409 1093 2470 1133 λε’-

1417 1168 1492 1205 γον·

1469 1214 1553 1253 Οὖδ’
1571 1212 1613 1255 ἂν
1630 1217 1710 1266 βοῦς
1731 1213 1888 1253 ἀπόλοιτ’
1909 1215 1941 1252 εἷ
1956 1212 2008 1264 μὴ
2034 1213 2158 1265 γείτων
2174 1211 2282 1257 κακὸς
2303 1211 2380 1261 εἴη,

1420 1287 1605 1333 ἀκούοντος
1620 1289 1818 1341 Διογένους.
1834 1288 1879 1330 Ὁ
1901 1287 1937 1327 δὲ
1966 1280 2055 1327 εἶπε·
2079 1288 2151 1328 Καὶ
2175 1287 2244 1338 μὴν
2271 1287 2470 1334 Μεσσήνιοι

1418 1346 1479 1386 καὶ
1500 1349 1532 1387 οἱ
1563 1348 1639 1399 βόες
1665 1351 1778 1387 αὐτῶν
1804 1347 2031 1398 ἀπολώλασι,
2051 1345 2111 1387 καὶ
2127 1349 2227 1399 ὑμεῖς
2253 1347 2370 1386 αὐτῶν
2392 1346 2470 1384 ἐστε

1418 1408 1449 1445 οἱ
1472 1407 1635 1459 γείτονες.

1472 1466 1664 1516 (AElianus
1683 1468 1776 1507 Var.
1804 1467 1895 1506 hist.
1909 1466 1981 1505 lib.
1998 1466 2051 1504 lx
2066 1479 2152 1518 cap.
2173 1466 2238 1504 28.
2257 1464 2399 1503 Versus
2413 1472 2472 1503 est

1417 1525 1580 1563 Hesiodi
1599 1528 1672 1577 Op.
1696 1534 1731 1563 et
1750 1526 1795 1563 D.
1819 1527 1909 1573 348,
1923 1538 2049 1576 quem
2043 1531 2338 1562 commemorat
2353 1523 2470 1561 etiam

1417 1584 1642 1623 Heiaclides
1666 1585 1853 1623 Ponticus
1870 1583 1974 1622 libro
1991 1583 2039 1622 de
2056 1582 2305 1630 Civitatibus,
2321 1582 2371 1621 de
2390 1581 2470 1620 Cu·
2500 1591 2514 1633 ᾖ
2570 1591 2574 1598 ’

1418 1643 1526 1681 maeis
1544 1642 1691 1695 agens.)

1471 1715 1536 1741 266.
1556 1704 1597 1740 Δ
1590 1701 1722 1754 οιγένης
1742 1703 1790 1745 εἷς
1806 1700 2011 1752 Ὀλυμπίαν
2026 1699 2156 1748 ἐλθών,
2177 1699 2239 1738 και
2256 1698 2470 1749 θεασάμενος

1417 1761 1452 1799 ἐν
1468 1763 1511 1812 τῇ
1533 1759 1729 1812 πανηγύρει
1746 1759 1951 1805 Ῥοδιακούς
1977 1775 2072 1804 τινας
2099 1757 2301 1803 νεανίσκους
2324 1759 2470 1798 πολυτε-

1417 1821 1487 1864 λῶς
1513 1819 1755 1870 ἠσθημένους,
1786 1819 1938 1872 γελάσας
1968 1818 2060 1872 ἔφη,
2097 1820 2217 1870 Τῧφος
2243 1817 2344 1856 τουτό
2381 1819 2471 1859 ἐστι.

1419 1872 1511 1918 Εἶτα
1545 1878 1743 1931 περιτυχὼν
1770 1877 2064 1939 Λακεδαιμονίοις
2091 1878 2126 1915 ἐν
2152 1875 2297 1928 ἐξωμίσι
2323 1875 2474 1930 φαύλαις

1418 1952 1478 1975 και
1497 1936 1700 1989 ῥυπωσαις,
1723 1934 1870 1986 Ἄλλος,
1892 1929 2005 1983 εἶπεν,
2020 1939 2116 1979 οὗτος
2133 1950 2252 1988 τυφος.

1475 1996 1662 2046 (AElianus
1681 1995 1772 2034 Var.
1794 1996 1885 2035 hist.
1901 1995 1970 2035 lib.
1994 1994 2047 2033 IX
2066 2008 2153 2046 cap.
2173 1993 2258 2045 34.)

1474 2067 1538 2094 267
1569 2052 1686 2106 Ηλγε
1692 2071 1702 2092 ι
1722 2054 1781 2093 τὸν
1805 2056 1901 2104 ὠμον
1919 2052 2103 2105 Διογένης,
2126 2051 2149 2099 ἢ
2169 2050 2332 2104 τρωθείς,
2350 2045 2473 2102 οἶμαι,

1419 2112 1440 2160 ἢ
1462 2129 1494 2159 ες
1479 2113 1621 2160 ’ἄλλης
1653 2114 1742 2158 τινὸς
1768 2113 1894 2157 αἰτίας.
1917 2112 2015 2151 ⁹*E7ts
1991 2127 2020 2150 ei
2041 2110 2078 2150 δὲ
2098 2110 2210 2151 ἐδόκει
2237 2109 2372 2164 σφόδρα
2392 2110 2468 2148 ἀλ-

1461 2248 1531 2279 264.
1556 2247 1718 2288 Diogenes
1738 2247 1871 2287 accepto
1889 2245 2006 2286 exiguo
2025 2253 2160 2277 nummo
2176 2253 2196 2276 a
2213 2243 2357 2277 Diotimo
2376 2247 2474 2284 cary-

1418 2305 1481 2338 stio
1501 2307 1572 2357 ³³⁸5

1512 2393 1557 2422 Di
1577 2393 1634 2422 tibi
1652 2392 1744 2428 dent,
1763 2401 1832 2430 quoe
1850 2394 1951 2421 mente
1963 2394 2052 2429 optas
2069 2394 2099 2420 et
2111 2392 2249 2428 quanta,
2262 2389 2426 2426 virumque

1519 2449 1622 2484 Atque
1638 2447 1778 2476 domum.
2391 2442 2394 2445 '

1421 2543 1601 2576 Videbatur
1620 2543 1730 2575 autem
1751 2542 1916 2583 aliquanto
1935 2541 2060 2573 mollior
2079 2549 2152 2574 esse
2174 2539 2348 2573 Diotimus.

1464 2607 1536 2635 265.
1563 2603 1740 2643 Spartanus
1759 2601 1889 2642 quidam
1905 2599 2034 2633 Hesiodi
2046 2608 2178 2632 versum
2197 2597 2367 2639 laudabat,
2381 2597 2476 2639 cuius

1425 2658 1494 2691 baec
1510 2659 1670 2692 sententia
1694 2659 1744 2691 est
1763 2671 1770 2690 :

1531 2750 1602 2779 Non
1621 2750 1672 2779 vel
1692 2749 1744 2778 bos
1757 2750 1880 2785 pereat,
1894 2747 1958 2776 hisi
1968 2746 2093 2776 vicinus
2108 2745 2214 2775 malus
2229 2745 2330 2781 adsit,

1422 2838 1520 2879 idque
1532 2837 1684 2869 audiente
1698 2836 1850 2876 Diogene.
1868 2833 1925 2867 Ille
1937 2842 2027 2873 vero,
2047 2833 2161 2875 Atqui,
2177 2831 2294 2874 inquit,
2311 2830 2473 2865 Messenii

1425 2899 1459 2931 et
1472 2897 1570 2930 boves
1593 2903 1712 2929 eorum
1721 2894 1920 2937 perierunt,
1936 2894 1970 2925 et
1987 2900 2045 2924 vos
2070 2891 2216 2924 illorum
2231 2891 2313 2924 estis
2324 2889 2442 2923 vicini.

1466 2961 1538 2989 266.
1562 2955 1720 2995 Diogenes
1741 2962 1841 2994 quum
1864 2951 2005 2984 venisset
2026 2950 2211 2992 Olympiam
2228 2952 2262 2982 et
2285 2948 2318 2981 in
2341 2947 2477 2982 celeber·

1426 3015 1508 3047 rimo
1524 3014 1581 3046 illo
1601 3013 1764 3046 conventu
1783 3011 1985 3044 Bliodienses
2004 3008 2162 3051 quosdam
2184 3007 2404 3041 adolescentes
2423 3003 2476 3038 vi·

1425 3074 1525 3106 disset
1540 3072 1685 3114 pretiosis
1702 3070 1846 3104 vestibus
1860 3069 2044 3106 adornatos,
2060 3067 2167 3100 ridens
2183 3066 2252 3099 ait:
2272 3066 2401 3102 Fusius
2413 3063 2476 3098 ille

1426 3134 1492 3165 ese.
1521 3131 1642 3164 Deinde
1664 3139 1766 3172 quum
1784 3128 1948 3161 incidisset
1970 3128 2004 3160 in
2022 3126 2284 3160 Lacedaemonios
2309 3123 2426 3156 vilibus
2440 3123 2475 3156 et

1427 3191 1564 3224 sordidis
1584 3189 1702 3222 tunicis
1716 3189 1816 3231 (quas
1830 3186 1996 3221 exomides
2008 3186 2146 3226 vocant)
2160 3184 2310 3224 indutos,
2331 3183 2410 3222 Hic,
2425 3181 2475 3213 in-

1394 3263 1397 3278 :
1426 3251 1512 3292 quit,
1534 3250 1631 3283 alius
1645 3249 1780 3290 fastus.

1470 3312 1543 3342 267.
1566 3307 1702 3341 numeri
1711 3307 1837 3340 dolores
1846 3305 1987 3339 habebat
1999 3305 2168 3346 Diogenes,
2178 3300 2376 3341 vuineratus,
2384 3299 2474 3341 puto,

321 3372 425 3411 ajebat
443 3386 451 3406 ε
468 3383 542 3405 nam
568 3373 785 3406 incredibilem
813 3371 1009 3412 diligentiam
1033 3369 1204 3402 contulisse
1233 3377 1308 3402 eum
1333 3369 1367 3401 in
1430 3369 1482 3402 vel
1495 3367 1556 3400 alia
1568 3367 1708 3409 quadam
1723 3366 1765 3399 de
1778 3374 1886 3398 causa.
1904 3366 2014 3403 Quum
2034 3363 2130 3404 igitur
2155 3360 2244 3402 gravi
2266 3358 2376 3391 dolore
2390 3356 2475 3390 affici

322 3431 551 3463 domunculam
567 3434 600 3465 et
622 3432 799 3472 lectulum,
823 3428 969 3472 crepidas
985 3432 1102 3472 etiam,
1125 3430 1242 3473 quibus
1266 3430 1367 3464 iuter-

324 3487 402 3521 dum
421 3490 583 3522 utebatur.

1431 3431 1606 3470 videretur,
1621 3426 1720 3458 bomo
1741 3424 1872 3466 quidam
1888 3422 2111 3456 stomachosus
2128 3418 2285 3453 illudebat
2294 3417 2322 3451 ei
2339 3416 2450 3449 dicens
2465 3426 2475 3447 ε

1433 3491 1504 3520 (tur
1517 3489 1633 3530 mitur
1651 3488 1800 3520 mortem
1819 3490 1886 3516 non
1905 3481 1993 3522 obis,
2009 3489 2029 3513 ο
2048 3481 2231 3520 muyans,
2250 3478 2284 3510 et
2309 3477 2345 3509 te
2361 3476 2478 3517 ipsum
