2606 3828
2010 204 2052 228 N

361 260 435 293 310
1099 252 1409 293 CYNICORUM
1434 254 1771 296 FRAGMENTA.

358 344 527 393 ποταμῶν
556 344 710 394 χωροῦσι
739 340 862 391 παγαί·
891 341 920 377 εἷ
952 338 988 378 δὲ
1008 339 1144 391 ἰατρόν,
1165 337 1232 392 ἔφη
1245 370 1255 388 ,
1284 339 1394 392 ἐπρίω
1454 342 1530 382 Καὶ
1550 343 1655 389 δέπας
1673 347 1712 384 ἐκ
1724 344 1891 398 κεράμοιο
1909 348 2006 400 σοφῷ
2025 346 2101 387 κυνὶ
2121 346 2232 401 μέτρα
2249 347 2338 402 βίοιο
2355 347 2494 407 Ἄρκια·

356 404 475 450 νοσῶν,
494 403 555 440 οὐκ
575 401 617 439 ἂν
647 402 740 453 αῧτῷ
759 399 910 446 ἐπείθου,
939 398 1017 436 ἀλλ’
1036 393 1128 442 εἶπες
1145 397 1208 446 ἄν,
1225 400 1270 443 ὡς
1283 397 1300 422 1>
1322 399 1393 438 ἄνω

355 461 522 508 ποταμῶν
541 462 694 512 χωροῦσι
710 457 840 509 παγαί;

406 519 619 571 (Diogenes
633 516 886 555 Laertiuslib.
904 515 972 562 Vl,
991 516 1054 555 36.
1076 515 1244 568 Scripsi:
1261 520 1275 539 ⁰
1287 516 1390 564 ποιή-

351 592 435 623 σεις,
451 578 561 615 codd.
577 575 734 627 ποιήσῃς.
747 597 799 604 -
813 574 829 597 ¹'
842 576 908 621 ὡς;
928 574 1038 612 codd.
1054 575 1100 618 ὡς
1114 574 1168 612 ἄν.
1179 596 1228 604 —-
1240 574 1306 614 Est
1322 589 1390 614 au-

350 644 423 673 tem
436 635 631 686 Euripidis
651 635 691 672 in
712 633 845 673 Medea
860 616 995 671 vefsus
1012 638 1057 677 41
1069 647 1083 670 1
1103 647 1111 670 :
1133 634 1204 672 ἄνω
1219 636 1389 690 ποταμῶν

347 695 447 746 ἱερῶν
466 698 615 746 χωροῦσι
634 693 767 742 παγαί,
783 691 843 730 καὶ
861 690 940 739 δίκη
952 691 1011 729 καὶ
1024 690 1141 729 πάντα
1159 692 1264 730 πάλιν
1282 693 1390 746 στρέ-

346 767 469 805 φεται,
501 753 567 803 qui
602 759 732 803 postea
766 751 807 788 in
835 749 1037 801 proverbii
1071 751 1388 791 consuetudinem

344 811 465 850 venit.
484 810 677 847 Zenobius
695 809 851 846 Centur.
870 808 923 856 11,
947 808 996 846 56
1015 822 1023 845 :
1044 809 1218 861 παροιμία
1238 809 1295 848 ἐπὶ
1313 813 1382 848 τῶν

344 868 552 911 ὑπεναντίως
567 865 764 917 λεγομένων
782 864 804 913 ἢ
819 866 1028 917 γενομένων,
1050 866 1170 914 ἐπειδὴ
1189 868 1219 905 οἱ
1233 869 1384 919 ποταμοὶ

343 926 469 964 ἄνωθεν
486 925 580 963 κάτω
595 925 743 977 ῥέουσιν,
762 925 800 962 οὗ
816 924 970 962 κάτωθεν
989 923 1087 975 ἄνω.)

394 999 459 1025 107.
478 981 609 1023 Ἤθελέ
631 1000 682 1027 τις
704 984 790 1036 παρ’
814 985 910 1037 αὐτῷ
933 984 1143 1037 φιλοσοφεῖν·
1163 986 1182 1023 ὁ
1201 985 1239 1024 δέ
1261 988 1293 1024 οἱ
1315 1002 1384 1025 σα-

338 1043 467 1096 πέρδην
494 1043 569 1087 δοὺς
595 1043 733 1096 φέρειν,
755 1043 915 1091 ἐποίησεν
938 1044 1153 1083 ἀκολουθεῖν.
1186 1044 1251 1089 Ὡς
1271 1045 1305 1084 δ’
1325 1049 1383 1086 ὑπ’

338 1104 451 1147 αἰδοῦς
471 1103 572 1156 ῥίψας
590 1105 747 1150 ἀπῆλθε,
771 1103 862 1153 μετὰ
896 1102 1018 1156 χρόνον
1052 1103 1258 1151 ὑπαντήσας
1286 1107 1381 1159 αὐτῷ

335 1161 395 1199 καὶ
414 1161 564 1212 γελάσας
582 1161 694 1211 λέγει,
712 1160 788 1208 Τὴν
808 1160 872 1209 σὴν
891 1160 952 1198 καὶ
965 1161 1054 1211 ἐμὴν
1069 1160 1184 1214 φιλίαν
1205 1161 1382 1214 σαπέρδης

335 1218 482 1257 διέλυσε.
503 1221 652 1266 Διοκλῆς
682 1220 713 1257 δ’
740 1218 846 1263 οὕτως
863 1218 1067 1272 ἀναγράφει.
1101 1220 1272 1265 Εἰπόντος
1288 1221 1379 1265 τινὸς

335 1278 442 1330 αὐτῷ·
473 1277 663 1316 Ἐπίταττε
697 1280 806 1327 ἡμῖν,
845 1277 1015 1329 Διόγενες,
1052 1277 1246 1330 ἀπαγαγὼν
1274 1279 1375 1318 αὐτὸν

332 1335 546 1385 ἡμιωὸολίου
565 1334 798 1388 τυρὸν”ἐδίδου
819 1337 953 1388 φέρειν,
985 1337 1207 1387 ἀνησαμένου
1230 1337 1284 1385 δέ,
1301 1340 1334 1377 Τ
1335 1338 1377 1385 ὴν

333 1395 412 1446 σήν,
434 1394 498 1448 ἔφη
514 1424 524 1443 ,
544 1394 605 1433 καὶ
633 1394 721 1445 ἐμὴν
741 1394 859 1448 φιλίαν
879 1394 1096 1445 ἠμιωὸολίου
1127 1394 1241 1447 τυρίον
1258 1395 1374 1435 διαλέ-

331 1455 424 1491 λυκε.

383 1512 601 1562 (Diogenes
621 1511 799 1550 Laertius
817 1511 890 1552 lib.
916 1511 982 1559 vl,
1003 1512 1093 1563 36.)

383 1584 446 1609 108.
470 1570 698 1621 Θεασάμενός
737 1586 821 1610 ποτε
854 1570 993 1609 παιδίον
1027 1571 1104 1614 ταῖς
1134 1570 1238 1623 χερσὶ
1273 1576 1373 1610 πῖνον

330 1628 485 1682 ἐξέῤῥιψε
505 1631 567 1676 τ’ἧς
585 1628 702 1681 πήρας
719 1631 782 1676 τὴν
810 1629 958 1675 κοτύλην
971 1659 982 1677 ,
1015 1629 1136 1667 εἷπών·
1156 1629 1306 1669 Παιδίον
1329 1645 1373 1679 με

328 1685 504 1733 νενίκηκεν
517 1686 680 1739 εὐτελείᾳ.
692 1686 859 1732 Ἐξέὸαλε
877 1687 912 1725 δὲ
925 1687 1035 1726 καὶτὸ
1047 1687 1226 1741 τρυὸλίον,
1243 1687 1370 1738 ὁμοίως

328 1743 465 1782 παιδίον
486 1742 711 1796 θεασάμενος,
749 1746 867 1792 ἐπειδὴ
899 1745 1046 1791 κατέαξε
1079 1745 1119 1784 τὸ
1153 1749 1273 1790 σκεῦος
1288 1775 1298 1792 ,
1318 1749 1368 1799 τῷ

327 1803 433 1855 κοίλῳ
450 1802 555 1854 ἄρτου
574 1803 702 1856 ψωμίῳ
719 1802 780 1850 τὴν
803 1807 917 1857 φακῆν
937 1805 1204 1858 ὑποδεχόμενον.

380 1862 597 1911 (Diogenes
624 1862 799 1901 Laertius
829 1863 900 1903 lib.
924 1863 996 1912 Vl,
1037 1865 1099 1912 37.
1138 1864 1288 1916 Scripsi
1319 1867 1369 1917 τῷ

326 1919 432 1971 κοίλῳ
453 1919 557 1971 ἄρτου
578 1919 707 1972 ψωμίῳ
720 1950 732 1971 ,
760 1921 873 1961 codd.
901 1921 940 1960 τὸ
964 1921 1070 1974 κοίλῳ
1091 1922 1186 1974 ἄρτῳ
1216 1926 1276 1962 τοῦ
1294 1924 1365 1975 ψω-

326 1978 418 2028 μίου.
440 1977 496 2018 Cf.
538 1979 767 2017 Plutarchus
797 1980 841 2018 in
869 1979 1005 2018 libello
1033 1980 1241 2026 Quomodo
1277 1982 1366 2032 quis

326 2050 418 2075 suos
443 2037 485 2075 in
515 2038 659 2076 virtute
692 2039 888 2089 sequenda
913 2039 1055 2076 sentire
1078 2040 1203 2090 possit
1232 2040 1368 2091 profe-

325 2105 407 2134 ctus
425 2097 504 2134 vol.
529 2096 599 2134 Vll
618 2110 705 2147 pag.
729 2097 804 2148 254
822 2098 870 2135 ed
889 2097 1045 2135 Hutten.
1070 2098 1298 2149 Simplicius
1319 2099 1367 2136 ad

323 2154 489 2206 Epicteti
513 2155 716 2195 Enchirid.
749 2170 831 2207 cap.
868 2157 916 2201 46
939 2170 977 2207 p.
1010 2158 1085 2204 273
1105 2157 1164 2196 ed.
1199 2157 1361 2196 Salmas.

323 2213 465 2250 Seneca
484 2213 604 2263 Epist.
633 2228 697 2263 90.
723 2214 981 2264 Hieronymus
1001 2210 1090 2254 adit.
1112 2214 1366 2254 Jovinianum

322 2270 392 2310 lib.
418 2271 468 2310 ll.
497 2272 579 2309 Huc
611 2281 755 2323 spectat
788 2273 983 2324 Antiphili
1014 2274 1252 2323 epigramma
1280 2275 1358 2311 An«

322 2330 418 2370 thol.
438 2330 507 2368 lib.
526 2330 556 2367 V
579 2344 589 2368 ι
610 2330 658 2370 ‘H
679 2331 776 2382 πήρη
805 2331 865 2369 καὶ
884 2332 1036 2383 χλαῖνα,
1054 2331 1114 2370 καὶ
1140 2331 1240 2370 ὕδατι
1260 2333 1366 2379 πιλη-

322 2390 417 2427 θεῖσα
443 2390 576 2436 Meta,
612 2388 671 2426 καὶ
703 2391 723 2435 ἡ
756 2388 823 2440 πρὸ
844 2390 957 2428 ποδῶν
980 2389 1104 2442 ῥάὸδος
1134 2390 1335 2443 ἐρειδομένη
1351 2420 1362 2441 ,

322 2602 471 2642 emisses,
491 2609 557 2633 non
575 2601 839 2643 obtemperasses
863 2602 932 2642 illi,
947 2602 1007 2635 sed
1032 2603 1162 2636 diceres
1185 2613 1196 2635 .·
1216 2606 1363 2637 Sursum

321 2658 440 2697 fluunt
451 2661 609 2691 amnium
623 2659 762 2701 fontes?
946 2658 949 2661 ⁴

365 2718 436 2749 107.
459 2717 597 2753 Quidam
619 2717 680 2749 sub
705 2718 849 2758 Diogene
871 2719 1020 2759 magistro
1041 2720 1259 2762 philosophari
1276 2722 1360 2754 vole-

322 2775 395 2814 bat,
412 2775 463 2805 cui
476 2774 528 2807 ille
545 2775 709 2815 saperdam
728 2777 918 2816 gestandum
943 2778 1030 2810 dedit
1042 2779 1074 2811 ct
1092 2788 1127 2811 se
1142 2780 1231 2820 sequi
1247 2780 1358 2821 jussit.

321 2834 384 2871 Qui
399 2842 498 2873 quum
518 2833 642 2874 pudore
661 2837 841 2867 commotus
871 2836 996 2875 abjecto
1019 2836 1107 2877 pisce
1130 2838 1274 2878 abiisset,
1302 2839 1359 2870 ali-

319 2881 438 2932 quanto
465 2892 535 2931 post
564 2891 723 2932 Diogenes
749 2893 777 2925 ei
796 2901 965 2926 occurrens
988 2894 1159 2936 ridensque
1193 2906 1202 2928 τ
1236 2898 1358 2939 Tuam,

319 2949 434 2990 inquit,
453 2951 487 2981 et
504 2957 615 2981 meam
636 2951 832 2982 amicitiam
851 2951 1002 2992 saperda
1018 2953 1187 2987 dissolvit.
1228 2955 1358 2988 Diocles

319 3009 426 3039 autern
445 3007 492 3038 sic
511 3016 578 3039 rem
593 3008 773 3048 perscribit.
794 3009 921 3041 Dixerat
935 3009 981 3041 1111
997 3011 1105 3043 nescio
1118 3013 1211 3052 quis:
1230 3013 1358 3055 Impera

318 3066 424 3105 nobis,
437 3066 608 3106 Diogenes·
626 3067 709 3098 Tum
727 3066 783 3099 ille
810 3067 950 3099 abducto
969 3068 1068 3101 vilem
1096 3079 1226 3103 caseum
1252 3071 1358 3104 feren-

318 3125 396 3156 dum
415 3124 516 3156 dedit.
539 3126 659 3157 Verum
683 3124 745 3157 isto
766 3125 828 3158 hoc
847 3126 1045 3171 detrectante
1069 3137 1078 3159 ε
1102 3131 1223 3170 Tuam,
1240 3130 1357 3171 inquit,

317 3185 351 3216 ec
364 3191 477 3215 meam
491 3185 684 3216 amiciciam
696 3184 776 3216 vilis
794 3193 914 3218 caseus
927 3171 1096 3219 dissolvit.

359 3245 430 3274 108.
459 3244 568 3280 Quum
598 3244 682 3275 esset
710 3243 882 3284 aliquando
910 3253 1045 3285 puerum
1075 3246 1166 3278 cavis
1191 3246 1354 3280 bibentem

315 3300 463 3332 manibus
487 3300 633 3340 intuitus.
647 3301 786 3342 cotylam
799 3310 818 3334 e
836 3311 910 3343 pera
936 3303 1027 3342 ejecit
1039 3303 1147 3336 dicens
1169 3306 1285 3338 zPuer
1301 3315 1355 3339 me

315 3358 523 3398 sruqalitate
543 3362 732 3400 superavit.
788 3361 891 3401 Ejecit
905 3361 1002 3393 etiam
1018 3362 1171 3402 catinum,
1190 3364 1264 3403 quia
1279 3364 1354 3397 item

318 3425 461 3456 puerum,
475 3418 607 3450 vasculo
624 3419 724 3452 fracto
735 3443 745 3459 ,
761 3419 895 3452 vidisset
911 3428 1053 3452 concavo
1066 3421 1156 3461 panis
1172 3421 1276 3455 frusto
1287 3423 1352 3455 len-

315 3476 363 3505 tes
381 3477 487 3507 coctas
503 3476 666 3517 excipere.

1453 401 1518 449 κῆν
1535 403 1667 447 τούτοις
1693 398 1736 451 ἦν
1767 419 1801 442 τι
1820 404 2078 458 περισσότερον.
2131 406 2274 452 Κοίλαις
2306 409 2374 463 γὰρ
2392 412 2494 464 πόμα

1459 461 1579 514 χερσὶν
1619 461 1700 500 ἰδὼν
1722 461 1871 514 ἀρύοντα
1905 462 2053 515 βοώτην,
2074 458 2179 505 E‘fm·
2208 464 2257 506 Τί
2274 467 2336 507 καί
2362 484 2402 509 σι
2424 471 2494 522 μά·

1453 536 1531 568 την,
1567 520 1752 573 ὄστρακον,
1785 522 2023 575 ἠχθοφόρουνς
2063 525 2110 562 In
2148 524 2307 565 eandem
2339 537 2494 569 senten-

1454 580 1544 619 tiam
1576 581 1773 620 Ausonius
1804 581 1940 632 Epigr.
1975 582 2024 620 53
2045 596 2055 621 z
2077 586 2195 632 Pera,
2218 585 2398 639 polenta,
2420 590 2492 629 tri-

1451 637 1550 687 bon,
1570 641 1749 688 baculus,
1768 640 1958 692 scyphus,
1986 650 2092 680 arcta
2118 643 2292 694 supellex
2314 644 2393 685 Ista
2420 648 2494 689 fuit

1451 697 1590 748 Cynici
1614 714 1623 737 z
1647 701 1714 738 sed
1741 708 1851 751 putat
1871 700 1972 739 hanc
1995 701 2172 741 nimiam.
2195 701 2370 755 Namque
2381 707 2490 747 cavis

1451 758 1630 797 manibus
1650 773 1811 798 cernens
1824 768 1959 811 potare
1970 759 2202 810 bubulcum,
2220 761 2309 809 Cur,
2329 765 2489 817 scyphe,

1451 824 1506 863 te,
1525 817 1642 866 dixit,
1664 827 1772 867 gesto
1791 831 2077 870 supervacuum
2091 819 2131 871 Ρ)

1503 889 1568 916 109.
1599 877 1846 930 Συνελογίζετο
1878 878 1914 917 δὲ
1942 878 2002 918 καὶ
2038 878 2159 925 οὕτως·
2190 882 2272 921 Τῶν
2299 882 2384 920 θεῶν
2414 884 2489 923 ἐστι

1447 934 1572 972 πάντα”
1593 935 1686 988 φίλοι
1706 935 1742 974 δὲ
1762 937 1794 975 οἱ
1823 936 1922 991 σοφοὶ
1948 943 2020 982 τοῖς
2041 940 2140 983 Θεοῖς·
2166 938 2265 979 κοινὰ
2297 934 2395 978 δὲ’τᾶι
2417 931 2486 981 τῶν

1446 992 1568 1046 φίλων·
1589 994 1706 1033 πάντα
1727 994 1796 1048 ἄρα
1819 995 1894 1036 ἐστὶ
1911 998 1980 1036 τῶν
2001 1000 2128 1050 σοφῶν.

1499 1053 1715 1105 (Diogenes
1734 1054 1911 1095 Laertius
1925 1056 1996 1097 lib.
2018 1056 2083 1104 VI,
2108 1057 2200 1109 37.)

1499 1125 1564 1152 110.
1586 1114 1816 1165 Θεασάμενός
1828 1131 1913 1154 ποτε
1933 1118 2081 1168 γυναῖκα
2096 1116 2398 1171 ἀσχημονέστερον
2417 1120 2487 1165 τοῖς

1443 1173 1530 1215 θεοῖς
1548 1172 1849 1225 προσπίπτουσαν,
1882 1174 2089 1225 βουλόμενος
2102 1177 2209 1223 αὐτῆς
2227 1178 2398 1229 περιελεῖν
2417 1178 2480 1227 τὴν

1443 1230 1713 1281 δεισιδαιμονίαν
1728 1263 1738 1282 ,
1755 1232 1957 1284 προσελθὼν
1976 1228 2084 1273 εἶπεν·
2102 1235 2182 1274 Οὔκ
2196 1235 2349 1289 εὗλαὸῇ,
2367 1229 2397 1276 ῶ
2414 1238 2482 1290 γύ-

1441 1303 1516 1336 ναι,
1536 1289 1586 1338 μή
1607 1305 1692 1329 ποτε
1713 1294 1790 1330 θεοῦ
1819 1291 1959 1331 ὄπισθεν
1982 1295 2129 1337 ἑστῶτος
2150 1293 2287 1347 (πάντα
2305 1294 2374 1348 γάρ
2389 1297 2482 1335 ἐστιν

1440 1349 1544 1387 αὐτοῦ
1564 1349 1703 1403 πλήρη)
1724 1352 1977 1405 ἀσχημονήσῃς
1993 1366 2005 1402 ;

1493 1409 1505 1461 (
1520 1410 1719 1460 Diogenes
1735 1412 1916 1450 Laertius
1934 1412 2006 1452 lib.
2026 1412 2093 1463 vl,
2118 1413 2210 1465 37.)

1492 1481 1554 1507 111.
1574 1470 1638 1519 Τῷ
1658 1468 1862 1522 Ἀσκληπιῷ
1884 1469 2034 1518 ἀνέθηκε
2052 1470 2214 1519 πλήκτην
2229 1502 2240 1521 ,
2270 1473 2308 1517 ὃς
2323 1471 2403 1517 τοὺς
2422 1473 2482 1512 ἐπὶ

1437 1525 1551 1576 στόμα
1572 1526 1762 1571 πίπτοντας
1782 1527 1976 1581 ἐπιτρέχων
1992 1528 2201 1582 συνέτριὸεν.

1489 1587 1706 1636 (Diogenes
1724 1586 1903 1626 Laertius
1920 1587 1990 1627 lib.
2007 1588 2074 1636 vl,
2096 1589 2185 1638 38.)

1489 1658 1550 1683 112.
1572 1645 1700 1684 Εἰώθει
1718 1645 1844 1698 λέγειν,
1863 1647 1924 1691 τὰς
1941 1647 2110 1699 τραγικὰς
2136 1646 2223 1701 ἀρὰς
2238 1649 2334 1701 αὐτῷ
2350 1663 2478 1698 συνηντ

1433 1702 1591 1750 τηκέναι·
1613 1697 1700 1741 εἶναι
1719 1707 1812 1755 γοῦν·

1510 1807 1672 1857 Ἄπολις,
1693 1808 1808 1852 ἄοικος
1821 1838 1832 1858 ,
1859 1809 2024 1861 πατρίδος
2045 1810 2292 1864 ἐστερημένος,

1513 1867 1670 1920 πτωχός,
1689 1867 1871 1915 πλανήτης
1883 1897 1894 1917 ,
1916 1867 1989 1920 βίον
2011 1868 2101 1921 ἔχων
2118 1869 2216 1922 τούφ’
2239 1870 2389 1922 ἡμέραν.

1486 1972 1703 2023 (Diogenes
1721 1974 1900 2012 Laertius
1929 1973 2001 2013 lib.
2031 1973 2100 2021 Vl,
2137 1975 2200 2014 38.
2230 1974 2344 2021 Quod
2364 1975 2470 2014 idem

1431 2033 1551 2070 refert
1577 2033 1750 2070 AElianus
1778 2045 1865 2072 var.
1899 2033 1991 2073 hist.
2015 2033 2088 2072 lib.
2120 2033 2178 2071 111
2211 2047 2296 2083 cap.
2330 2047 2381 2084 29
2406 2034 2472 2073 his

1430 2092 1563 2129 verbis
1583 2106 1591 2129 :
1615 2091 1780 2143 Διογένης
1799 2093 1816 2129 ὃ
1837 2092 2016 2136 Σινωπεὺς
2032 2094 2184 2144 συνεχῶς
2203 2092 2366 2143 ἐπέλεγεν
2385 2092 2472 2141 ὑπὲρ

1431 2151 1575 2199 ἑαυτοῦ,
1598 2148 1650 2198 ὅτι
1673 2149 1736 2193 τὰς
1761 2151 1801 2188 ἐκ
1831 2151 2025 2203 τραγῳδίας
2054 2150 2140 2202 ἀρὰς
2171 2150 2273 2194 αὐτὸς
2302 2152 2472 2203 ἐκπληροῖ

1431 2209 1490 2246 καὶ
1520 2208 1697 2259 ὑπομένει·
1728 2201 1816 2247 εἶναι
1852 2207 1920 2261 γὰρ
1951 2208 2104 2256 πλάνης,
2139 2208 2278 2257 ἄοικος,
2304 2208 2474 2262 πατρίδος

1429 2268 1668 2320 ἐστερημένος,
1685 2266 1837 2319 πτωχός,
1858 2266 2047 2318 δυσείμων,
2070 2267 2143 2320 βίον
2163 2267 2253 2320 ἔχων
2264 2267 2472 2321 ἐφήμερον.)

1484 2340 1544 2365 113.
1560 2323 1745 2379 ’Έφασκεν
1773 2325 1981 2364 ἀντιτιθέναι
2002 2326 2092 2378 τύχῃ
2115 2326 2178 2377 μὲν
2204 2327 2352 2380 θάρσος,
2370 2326 2467 2380 νόμῳ

1429 2384 1465 2422 δὲ
1488 2384 1601 2438 φύσιν,
1621 2385 1724 2424 πάθει
1748 2383 1783 2423 δὲ
1804 2385 1917 2435 λόγον.

1467 2607 1536 2636 109.
1561 2602 1822 2636 Ratiocinabatur
1848 2610 1924 2634 vero
1948 2601 2046 2633 etiam
2074 2601 2122 2633 sic
2153 2613 2162 2634 z
2191 2601 2309 2634 omnia
2331 2601 2468 2634 deorum

1421 2666 1517 2696 sunt:
1542 2662 1602 2695 diis
1618 2663 1727 2695 autem
1746 2661 1841 2694 amici
1857 2661 2018 2703 sapientes
2043 2661 2146 2694 sunt:
2179 2661 2357 2694 amicorum
2384 2668 2464 2695 vero

1420 2723 1538 2754 cuncta
1556 2719 1740 2754 communia
1764 2729 1773 2751 ε
1791 2720 1901 2752 omnia
1917 2728 1993 2760 ergo
2006 2720 2083 2751 sunt
2098 2719 2294 2759 sapientum.

1464 2785 1535 2813 110.
1567 2779 1783 2820 conspicatus
1809 2777 1981 2819 aliquando
1997 2777 2164 2810 mulierem
2187 2777 2337 2811 indecore
2351 2786 2463 2811 eoram

1419 2839 1480 2871 diis
1500 2839 1690 2880 prostratam
1704 2846 1842 2878 eamque
1858 2836 2085 2878 superstitione
2103 2836 2210 2869 levare
2226 2836 2379 2878 cupiens,
2405 2845 2462 2870 ac-

1417 2898 1514 2931 cessit
1542 2897 1674 2940 propius
1696 2897 1847 2938 illamque
1874 2895 1920 2928 sic
1946 2895 2105 2927 allocutus
2129 2896 2179 2928 est
2200 2897 2299 2931 :Non
2322 2895 2463 2937 vereris,

1418 2956 1544 2996 mulier,
1561 2964 1602 2988 ne
1615 2955 1697 2988 sorte
1715 2955 1820 2987 stante
1832 2962 1852 2986 a
1866 2955 1955 2994 tergo
1968 2953 2028 2986 deo
2043 2952 2136 2994 (ejus
2147 2952 2233 2985 enim
2246 2952 2353 2985 omnia
2368 2953 2462 2994 plena

1417 3014 1510 3055 sunt)
1529 3022 1643 3054 parum
1657 3012 1805 3045 decenter
1822 3013 1856 3044 te
1867 3014 1979 3052 geras?
2276 3059 2280 3062 Ἢ

1460 3075 1530 3105 111.
1548 3072 1676 3105 Gallum
1697 3079 1893 3113 pugnacem,
1914 3070 1967 3112 qui
1985 3070 2065 3103 alios
2093 3070 2184 3103 humi
2209 3070 2385 3121 prostratos
2409 3070 2457 3103 in-

1415 3140 1513 3164 cursu
1529 3131 1725 3170 conterebat,
1737 3129 1921 3170 AEsculapio
1941 3129 2088 3162 sacravit.

1460 3191 1529 3220 112.
1553 3187 1685 3220 Solebat
1710 3187 1836 3228 dicere,
1867 3187 2003 3227 tragicas
2034 3186 2271 3219 exsecrationes
2289 3185 2350 3219 sibi
2380 3194 2458 3220 eve·

1414 3247 1515 3287 nisse·,
1551 3256 1622 3280 esse
1658 3247 1744 3280 enim
1771 3255 1804 3279 se
1835 3246 1998 3287 exsulem,
2036 3245 2132 3278 domo
2164 3246 2319 3286 ejectum,
2357 3245 2458 3287 patria

1415 3309 1594 3347 extorrem,
1624 3315 1814 3348 pauperem,
1840 3306 2020 3346 palantem,
2046 3305 2144 3337 vitam
2174 3304 2206 3336 in
2234 3303 2301 3336 ὀίω
2329 3303 2451 3336 baben-

1415 3367 1494 3398 tem.

1458 3428 1528 3457 113.
1545 3424 1658 3466 Aiebat
1672 3433 1705 3457 se
1724 3433 1885 3466 opponere
1906 3424 2045 3456 fortunae
2071 3421 2199 3464 quidem
2213 3421 2452 3463 confidentiam,

1382 3508 1387 3516 .
1412 3482 1472 3523 legi
1486 3492 1561 3516 vero
1578 3484 1745 3523 naturam,
1764 3482 1995 3524 perturbationi
2007 3481 2145 3523 denique
2159 3480 2326 3513 rationem.

2600 1948 2606 1961 2

2598 1979 2606 2019 ἲ

2594 2077 2606 2176 Ξ

2592 2177 2606 2225 ’1
