2638 3840
0 2101 3 2149 l

0 2155 5 2260 z

1 2263 7 2346 z

329 257 400 289 136
1152 244 1414 284 SOPHISTAE
1443 245 1628 285 GRAECI.

323 341 407 381 λεως
435 339 610 389 ἐπιθυμεῖς
639 341 828 388 τιμᾶσθαι,
850 336 911 381 τὴν
937 335 1038 373 πόλιν
1065 333 1274 387 ὠφελητέον·
1292 332 1360 372 εἴτε
1422 349 1575 384 σματος,
1599 332 1738 373 ἐπαίνου
1757 334 1926 379 σεαυτῆς,
1956 328 2101 377 ἀνήκοος
2124 322 2176 380 εἷ,
2203 328 2264 368 καὶ
2293 332 2354 368 τοῦ
2372 329 2466 368 πάν-

323 397 471 444 ὑπὸτῆς
497 396 666 440 Ἑλλάδος
700 397 814 442 πάσης
845 394 946 439 ἀξιοῖς
981 393 1035 431 ἐπ’
1051 395 1156 445 ἀρετῇ
1188 393 1360 444 θαυμάζε·

324 460 424 505 σθαι,
447 455 511 503 τὴν
530 455 687 495 Ἑλλάδα
710 455 888 507 πειρατέον
914 447 951 490 εὖ
976 458 1096 490 ποιεῖν·
1117 452 1185 491 εἴτε
1211 453 1274 499 τὴν
1297 454 1362 503 γῆν

324 515 437 568 φέρειν
469 530 521 553 σοι
557 514 671 566 βούλει
701 512 852 566 καρποὺς
878 510 1064 564 ἀφθόνους,
1084 511 1145 558 τὴν
1171 514 1235 562 γῆν
1263 515 1359 564 θερα-

327 573 482 612 πευτέον·
502 572 570 611 εἴτε
590 572 658 610 ἀπὸ
680 570 912 624 βοσκημάτων
931 568 995 608 οἴει
1014 570 1082 607 δεῖν
1100 569 1362 616 πλουτίζεσθαι,

324 636 391 672 τῶν
414 632 646 682 βοσκημάτων
667 629 904 681 ἐπιμελητέον·
924 628 992 666 εἴτε
1012 627 1066 666 διὰ
1084 628 1238 679 πολέμου
1252 630 1364 681 ὁρμᾷς

325 691 485 736 αὔξεσθαι
498 691 557 730 καὶ
575 690 690 742 βούλει
707 689 870 727 δύνασθαι
887 688 966 730 τούς
979 703 1015 725 τε
1031 686 1148 740 φίλους
1165 688 1361 739 ἐλευθεροῦν

323 751 382 789 καὶ
412 750 490 794 τοὺς
521 749 659 801 ἐχθροὺς
690 750 915 800 χειροῦσθαι,
939 746 1000 790 τὰς
1027 745 1221 796 πολεμικὰς
1240 745 1364 797 τέχνας

325 809 430 853 αὐτάς
450 824 486 846 τε
506 808 601 859 παρὰ
622 809 687 844 τῶν
715 805 957 855 ἐπισταμένων
979 804 1155 855 μαθητέον
1187 804 1248 843 καὶ
1271 804 1364 847 ὅπως

324 869 442 911 αὐταῖς
469 868 519 904 δεῖ
549 868 699 917 χρῆσθαι
729 862 911 910 ἀσκητέον·
942 864 972 901 εἷ
996 862 1031 901 δὲ
1064 862 1124 902 καὶ
1149 865 1199 915 τῷ
1225 862 1363 914 σώματι

325 926 441 978 βούλει
458 924 598 966 δυνατὸς
618 918 726 969 εἶναι,
745 925 788 975 τῇ
806 922 929 974 γνώμῃ
951 922 1136 973 ὑπηρετεῖν
1158 921 1310 961 ἐθιστέον
1326 921 1364 961 τὸ

323 987 425 1035 σῶμα
449 984 507 1022 καὶ
528 981 740 1034 γυμναστέον
774 979 836 1019 σὺν
865 980 980 1025 πόνοις
1008 980 1066 1020 καὶ
1096 981 1231 1032 ἱδρῶτι.
1291 981 1364 1020 Καὶ

321 1047 343 1091 ἡ
365 1043 484 1082 Κακία
506 1040 730 1079 ὑπολαὸοῦσα
753 1033 864 1087 εἶπεν,
883 1039 928 1083 ὥς
954 1055 1039 1093 φησι
1068 1040 1258 1093 Πρόδικος,
1282 1039 1362 1078 Ἐν-

320 1107 428 1149 νοεῖς,
451 1094 480 1138 ὦ
494 1099 688 1152 ιἹῘράκλεις
702 1130 712 1146 ,
730 1100 776 1142 ὡς
795 1098 956 1150 χαλεπὴν
973 1099 1032 1136 καὶ
1055 1098 1192 1151 μακρὰν
1210 1098 1286 1137 ὁδὸν
1307 1098 1364 1137 ἐπὶ

320 1159 381 1203 τὰς
414 1159 623 1212 εὐφροσύνας
651 1161 672 1205 ἡ
701 1157 788 1209 γυνή
820 1173 874 1196 σοι
904 1157 991 1204 αὕτη
1019 1159 1211 1208 διηγεῖται;
1235 1156 1304 1208 ἐγὼ
1329 1156 1366 1195 δὲ

322 1218 440 1272 ῥᾳδίαν
457 1217 516 1256 καὶ
538 1220 706 1269 βραχεῖαν
724 1216 800 1255 ὁδὸν
816 1216 952 1271 ἐπὶτὴν
975 1215 1197 1267 εὐδαιμονίαν
1221 1215 1293 1261 ἄξω
1310 1232 1362 1257 σε.

321 1277 395 1317 Καὶ
410 1281 431 1325 ἡ
447 1275 566 1329 Ἀρετὴ
582 1270 691 1323 εἶπεν,
709 1269 763 1314 ῗΩ
777 1277 925 1327 τλῆμον,
942 1275 976 1314 τί
990 1275 1026 1314 δὲ
1044 1275 1085 1314 σὺ
1103 1276 1232 1329 ἀγαθὸν
1249 1277 1340 1331 ἔχεις
1350 1293 1362 1328 3

318 1335 342 1380 ἢ
371 1335 405 1374 τί
432 1335 496 1383 ἡδὺ
527 1329 645 1385 οἶσθα,
668 1335 776 1385 μηδὲν
808 1334 938 1373 τούτων
969 1334 1070 1374 ἕνεκα
1098 1335 1264 1388 πράττειν
1290 1337 1363 1376 ἐθέ·

318 1396 455 1445 λουσα,
477 1392 552 1440 ἥτις
573 1394 650 1431 οὐδὲ
669 1392 731 1439 τὴν
752 1395 817 1431 τῶν
837 1395 943 1440 ἡδέων
959 1394 1144 1444 ἐπιθυμίαν
1164 1394 1362 1446 ἀναμένεις,

320 1452 411 1492 ἀλλὰ
428 1452 508 1506 πρὶν
529 1454 764 1503 ἐπιθυμῆσαι,
781 1453 921 1492 πάντων
943 1452 1184 1504 ἐμπίπλασαι,
1199 1453 1280 1507 πρὶν
1302 1453 1364 1506 μὲν

319 1514 440 1559 πεινῆν
466 1511 627 1550 ἐσθίουσα
642 1540 652 1559 ,
671 1511 752 1563 πρὶν
775 1511 810 1550 δὲ
833 1512 935 1566 διψῆν
956 1511 1123 1550 πίνουσα·
1144 1512 1204 1551 καὶ
1222 1512 1281 1552 ἵνα
1302 1513 1364 1564 μὲν

320 1570 430 1618 ἡδέως
459 1570 592 1624 φάγῃς,
615 1571 799 1624 ὀψοποιοὺς
828 1571 1088 1624 μηχανωμένη,
1107 1569 1165 1610 ἵνα
1194 1571 1230 1610 δὲ
1257 1572 1366 1620 ἡδέως

320 1630 402 1682 πίῃς
418 1629 450 1678 ¹¹,
472 1630 579 1674 οἴνους
611 1646 648 1669 τε
681 1631 879 1674 πολυτελεῖς
913 1631 1187 1684 παρασκευάζῃ,
1213 1631 1273 1670 καὶ
1306 1636 1366 1671 τοῦ

321 1689 436 1742 θέρους
460 1688 561 1742 χιόνα
576 1688 583 1711 ¹
601 1689 806 1742 περιθέουσα
835 1690 965 1737 ζητεῖς·
985 1688 1042 1727 ἵνα
1065 1689 1101 1728 δὲ
1135 1689 1367 1741 καθυπνώσῃς

321 1747 448 1796 ἡδέως,
469 1749 507 1786 οὐ
538 1747 640 1799 μόνον
671 1748 732 1792 τὰς
763 1748 944 1800 στρωμνὰς
971 1749 1172 1800 μαλακάςκ,
1197 1750 1287 1788 ἀλλὰ
1307 1750 1367 1790 καὶ

321 1806 382 1850 τὰς
403 1806 525 1851 κλίνας
544 1805 603 1844 καὶ
622 1807 665 1845 τὰ
685 1806 868 1860 ὖπόὸαθρα
881 1806 888 1829 ¹
903 1813 979 1852 ταῖς
997 1808 1130 1852 κλίναις
1144 1812 1368 1862 παρασκευά-

321 1869 403 1911 ζεις.
461 1867 515 1905 Οὐ
534 1864 601 1918 γὰρ
618 1865 675 1904 διὰ
695 1866 734 1904 τὸ
753 1873 883 1915 πονεῖν,
906 1866 996 1905 ἀλλὰ
1017 1866 1073 1906 διὰ
1093 1867 1132 1906 τὸ
1149 1868 1256 1918 μηδὲν
1273 1868 1365 1921 ἔχειν

321 1925 358 1976 δ’,
375 1941 409 1963 τι
432 1924 588 1971 ποιήσεις
608 1924 715 1964 ὕπνου
745 1927 941 1977 ἐπιθυμεῖς·
961 1927 1005 1966 τὰ
1026 1926 1062 1966 δὲ
1083 1928 1269 1981 ἀφροδίσια
1299 1929 1368 1981 πρὸ

321 1988 381 2022 τοῦ
403 1986 534 2022 δεῖσθαι
555 1986 781 2037 ἀναγκάζεις,
806 1986 921 2024 πάντα
944 1986 1207 2040 μηχανωμένη,
1225 1988 1284 2026 καὶ
1303 2003 1366 2040 γυ-

321 2042 409 2088 ναιξὶ
437 2048 507 2087 τοῖς
539 2043 684 2096 ἀνδράσι
718 2046 898 2098 χρωμένη.
957 2045 1063 2085 Οὕτω
1094 2046 1161 2099 γὰρ
1194 2046 1368 2091 παιδεύεις

321 2101 398 2146 τοὺς
420 2105 567 2148 σεαυτῆς
596 2102 737 2156 φίλους,
755 2107 817 2151 τῆς
847 2104 908 2156 μὲν
939 2105 1059 2148 νυκτὸς
1080 2105 1286 2156 ὖὸρίζουσα,
1306 2110 1367 2153 τῆς
1396 2100 1402 2105 ”

1421 408 1488 431 των
1513 391 1656 434 ἡδίστου
1696 391 1867 442 θεάματος
1902 388 2070 432 ἀθέατος·
2097 387 2192 428 οὐδὲν
2228 387 2296 441 γὰρ
2323 387 2467 428 πώποτε

1423 454 1571 498 σεαυτῆς
1586 451 1684 504 ἔργον
1705 449 1811 489 καλὸν
1828 447 2007 488 τεθέασαι.
2063 446 2128 491 Τίς
2143 447 2173 486 δ’
2189 447 2231 486 ἄν
2247 462 2303 487 σοι
2316 445 2467 502 λεγούσῃ

1422 526 1455 548 τι
1479 510 1698 557 πιστεύσειε,
1718 509 1770 553 τίς
1791 510 1821 547 δ’
1855 506 1898 545 ἂν
1925 505 2071 560 δεομένῃ
2098 505 2189 551 τινὸς
2221 505 2466 558 &capadocum

1422 569 1445 616 ἢ
1469 568 1519 613 τίς
1539 569 1580 607 ἂν
1601 562 1639 607 εὗ
1659 569 1793 621 φρονῶν
1812 569 1874 604 τοῦ
1895 568 1958 604 σοῦ
1978 564 2099 604 θιάσου
2128 564 2336 614 τολμήσειεν
2355 558 2465 614 εῖναις

1423 627 1455 667 οἳ
1472 627 1541 666 νέοι
1563 628 1625 679 μὲν
1649 627 1745 671 ὄντες
1763 627 1835 670 τοῖς
1854 625 2015 676 σώμασιν
2033 623 2195 663 ἀδύνατοί
2213 626 2300 673 εἶσι,
2314 624 2467 678 πρεσὸύ-

1422 702 1516 739 τεροι
1538 687 1572 725 δὲ
1595 686 1775 738 γενόμενοι
1801 685 1877 729 ταῖς
1905 685 2034 738 ψυχαῖς
2062 684 2221 731 ἀνόητοι·
2244 683 2382 728 ἀπόνως
2403 683 2468 736 μὲν

1422 746 1563 798 λιπαροὶ
1579 745 1636 784 διὰ
1650 746 1810 792 νεότητος
1824 743 2039 798 τρεφόμενοι,
2057 743 2230 789 ἐπιπόνως
2240 742 2277 783 δὲ
2291 743 2470 797 αὐχμηροὶ

1424 804 1481 843 διὰ
1501 805 1616 857 γήρως
1635 806 1827 856 περῶντες·
1843 808 1914 847 τοῖς
1934 802 1997 854 μὲν
2013 802 2273 855 πεπραγμένοις
2300 802 2470 856 αἰσχυνό-

1424 878 1543 915 μενοι,
1565 869 1636 907 τοῖς
1652 863 1688 902 δὲ
1707 862 1957 915 πραττομένοις
1979 863 2226 915 βαρυνόμενοι,
2244 861 2289 902 τὰ
2305 860 2369 913 μὲν
2382 862 2471 910 ἡδέα

1424 926 1459 963 ἐν
1478 926 1521 975 τῇ
1545 923 1680 970 νεότητι
1701 922 1963 973 διαδραμόντες,
1977 921 2021 960 τὰ
2035 921 2072 961 δὲ
2086 921 2229 975 χαλεπὰ
2244 923 2292 966 εἰς
2305 921 2346 963 τὸ
2359 923 2471 974 γῆρας

1425 979 1647 1033 ἀποθέμενοι.
1707 980 1803 1032 Ἐγὼ
1832 980 1867 1019 δὲ
1898 979 2037 1031 σύνειμι
2056 980 2119 1031 μὲν
2146 985 2254 1028 θεοῖς,
2276 978 2415 1031 σύνειμι
2432 979 2470 1019 δὲ

1425 1041 1620 1092 ἀνθρώποις
1635 1046 1706 1084 τοῖς
1724 1040 1867 1092 ἀγαθοῖς
1878 1055 1887 1063 ·
1903 1039 2001 1093 ἔργον
2017 1039 2053 1078 δὲ
2068 1040 2174 1079 καλὸν
2190 1038 2268 1078 οὔτε
2289 1041 2378 1078 θεῖον
2392 1037 2472 1080 οὔτε

1425 1098 1640 1151 ἀνθρώπινον
1672 1098 1779 1152 χωρὶς
1804 1100 1888 1150 ἐμοῦ
1916 1099 2086 1151 γίγνεται.
2143 1101 2316 1150 Τιμῶμαι
2335 1098 2372 1138 δὲ
2397 1100 2471 1152 μά·

1423 1159 1527 1198 λιστα
1550 1158 1690 1197 πάντων
1713 1158 1773 1197 καὶ
1792 1158 1890 1210 παρὰ
1912 1162 2000 1201 θεοῖς
2019 1156 2080 1196 καὶ
2102 1159 2187 1209 παρ’
2208 1157 2401 1211 ἀνθρώποις
2423 1152 2474 1204 οἷς

1424 1216 1613 1271 προσήκει·
1629 1215 1797 1269 ἀγαπητὴ
1811 1215 1873 1266 μὲν
1890 1216 1958 1269 γὰρ
1977 1216 2140 1269 συνεργὸς
2157 1216 2346 1269 τεχνίταις,
2363 1217 2472 1267 πιστὴ

1424 1275 1462 1315 δὲ
1493 1275 1603 1330 φύλαξ
1637 1275 1741 1314 οἴκων
1770 1274 1979 1326 δεσπόταις,
2013 1275 2159 1326 εὐμενὴς
2190 1275 2226 1314 δὲ
2256 1277 2475 1328 παραστάτις

1424 1335 1598 1386 οἰκέταις,
1619 1334 1734 1386 ἀγαθὴ
1751 1332 1787 1373 δὲ
1808 1334 2030 1387 συλλήπτρια
2050 1336 2119 1373 τῶν
2139 1335 2174 1373 ἐν
2200 1334 2322 1388 εἰρήνῃ
2339 1335 2471 1386 πόνων,

1427 1395 1555 1448 βεὸαία
1574 1394 1610 1433 δὲ
1633 1397 1702 1433 τῶν
1723 1395 1758 1433 ἐν
1778 1392 1925 1447 πολέμῳ
1945 1393 2134 1446 σύμμαχος
2153 1393 2275 1446 ἔργων,
2292 1395 2418 1447 ἀρίστη
2436 1395 2475 1436 δὲ

1425 1454 1542 1508 φιλίας
1572 1452 1749 1497 κοινωνός.
1805 1450 1914 1493 Ἔστι
1944 1451 1980 1491 δὲ
2009 1454 2079 1496 τοῖς
2115 1454 2213 1503 ἐμοῖς
2243 1453 2355 1506 φίλοις
2373 1455 2474 1502 ἡδεῖα

1426 1513 1489 1564 μὲν
1509 1512 1571 1552 καὶ
1591 1512 1792 1565 ἀπράγμων
1813 1511 1920 1551 σίτων
1940 1510 2001 1550 καὶ
2024 1512 2138 1550 ποτῶν
2159 1511 2370 1557 ἀπόλαυσις·
2393 1514 2474 1553 ἀνί-

1425 1587 1548 1625 χονται
1579 1571 1647 1624 γὰρ
1679 1570 1743 1616 ἕως
1777 1570 1816 1609 ἂν
1856 1569 2118 1622 ἐπιθυμήσωσιν
2152 1571 2279 1610 αὐτῶν·
2308 1571 2414 1617 ὕπνος
2435 1573 2473 1612 δὲ

1426 1631 1541 1676 αὐτοῖς
1560 1630 1728 1683 πάρεστιν
1745 1631 1855 1677 ἡδίων
1874 1629 1898 1677 ἢ
1917 1637 1989 1674 τοῖς
2008 1629 2194 1682 ἀμόχθοις,
2211 1630 2271 1670 καὶ
2290 1632 2370 1670 οὔτε
2387 1633 2474 1672 ἀπο·

1426 1690 1586 1736 λιπόντες
1607 1691 1711 1730 αὐτὸν
1731 1690 1922 1744 ἄχθονται,
1940 1689 2018 1729 οὔτε
2042 1687 2100 1727 διὰ
2121 1692 2242 1728 τοῦτον
2260 1693 2402 1741 μεθιᾶσι
2430 1690 2476 1731 τὰ

1428 1749 1550 1789 δέοντα
1567 1749 1747 1803 πράττειν.
1807 1748 1878 1788 Καὶ
1906 1749 1938 1787 οἱ
1964 1746 2028 1800 μὲν
2048 1747 2118 1787 νέοι
2135 1748 2205 1791 τοῖς
2230 1750 2300 1787 τῶν
2321 1748 2476 1803 πρεσὸυ-

1425 1809 1534 1863 τέρων
1571 1809 1724 1853 ἐπαίνοις
1755 1807 1951 1860 χαίρουσιν,
1972 1809 2002 1846 οἳ
2035 1806 2071 1845 δὲ
2098 1806 2292 1859 γεραίτεροι
2311 1813 2388 1853 ταῖς
2406 1810 2476 1848 τῶν

1427 1867 1514 1906 νέων
1533 1872 1651 1918 τιμαῖς
1671 1866 1898 1918 ἀγάλλονται·
1917 1865 1979 1904 καὶ
2007 1864 2119 1912 ἡδέως
2140 1864 2204 1916 μὲν
2225 1867 2296 1904 τῶν
2316 1866 2477 1906 παλαιῶν

1426 1926 1582 1980 πράξεων
1619 1926 1835 1977 μέμνηνται,
1867 1919 1906 1963 εὖ
1941 1924 1978 1963 δὲ
2013 1924 2076 1969 τὰς
2117 1924 2299 1978 παρούσας
2331 1924 2477 1974 ἥδονται

1427 1985 1639 2038 πράττοντες
1655 2015 1664 2030 ,
1684 1986 1729 2023 δι’
1750 1984 1814 2034 ἐμὲ
1843 1983 1935 2038 φίλοι
1958 1983 2035 2035 μὲν.
2048 1987 2135 2028 θεοῖς
2164 1982 2281 2033 ὄντες,
2298 1984 2476 2036 ἀγαπητοὶ

1427 2045 1463 2085 δὲ
1483 2045 1613 2098 φίλοις,
1631 2044 1741 2095 τίμιοι
1761 2043 1798 2083 δὲ
1822 2042 2003 2095 πατρίσιν.
2059 2042 2177 2082 ”Οταν
2198 2044 2229 2082 δ’
2251 2043 2334 2097 ἔλθῃ
2353 2043 2393 2084 τὸ
2409 2060 2476 2084 πε-

1427 2104 1610 2159 πρωμένον
1636 2103 1750 2151 τέλος,
1765 2105 1804 2142 οὗ
1827 2102 1916 2154 μετὰ
1943 2102 2052 2151 λήθης
2072 2102 2193 2153 ἄτιμοι
2219 2105 2369 2152 κεῖνται,
2385 2105 2478 2144 ἀλλὰ
2521 2135 2524 2138 -

323 2160 358 2198 δὲ
378 2161 568 2223 ἡμέραςητὸ
596 2162 871 2214 χρησιμώτατον
892 2164 1206 2215 κατακοιμίζουσα.
1265 2164 1366 2204 Ἀθά·
1427 2163 1516 2211 μετὰ
1547 2163 1690 2214 μνήμης
1717 2163 1776 2200 τὸν
1810 2161 1865 2200 ἀεὶ
1896 2161 2022 2214 χρόνον
2053 2162 2262 2213 ὑμνούμενοι
2294 2163 2475 2204 θάλλουσι.

322 2235 420 2263 νατος
442 2221 477 2258 δὲ
498 2224 584 2259 οὐσα
605 2221 644 2259 ἐκ
664 2223 747 2260 θεῶν
769 2221 832 2272 μὲν
855 2222 1069 2276 ἀπέρριψαι,
1088 2223 1155 2261 ὑπὸ
1177 2223 1212 2262 δὲ
1233 2223 1365 2277 ἀνθρώ·
1395 2247 1401 2276 Ι

1426 2223 1583 2264 Τοιαῦτά
1604 2238 1679 2269 σοι,
1698 2215 1727 2260 ὦ
1746 2227 1813 2261 παῖ
1831 2220 1959 2260 τοκέων
1980 2223 2121 2273 ἀγαθῶν
2137 2221 2345 2274 Ἡράκλεις,
2362 2222 2477 2269 ἔξεστι

322 2294 397 2317 πων
416 2281 554 2331 ἀγαθῶν
577 2281 745 2334 ἀτιμάζῃ.
786 2283 859 2320 Τοῦ
880 2282 915 2320 δὲ
936 2282 1074 2321 πάντων
1097 2283 1238 2330 ἡδίστου
1259 2282 1367 2322 ἀκού-
1395 2279 1401 2325 Ι
1427 2281 1722 2334 διαπονησαμένῳ
1740 2281 1804 2328 τὴν
1833 2280 2142 2333 μακαριστοτάτην
2162 2281 2386 2332 εὖὸαιμονίαν
2413 2297 2475 2321 κε·-

324 2394 480 2435 gaudeas,
507 2404 570 2435 quo
595 2396 690 2436 pacto
718 2405 816 2436 qnam
836 2396 1046 2437 placidissime
1074 2398 1214 2430 dormias
1236 2400 1268 2430 et
1285 2408 1367 2440 quo·
1399 2402 1401 2404 '

324 2453 419 2484 modo
447 2453 516 2486 haec
547 2454 655 2486 omnia
678 2455 825 2487 facillime
849 2457 1067 2497 consequaris.
1111 2457 1173 2489 Sed
1195 2457 1366 2498 siquando

326 2512 383 2544 tibi
404 2512 564 2552 injiciatur
584 2514 741 2554 suspicio,
760 2515 828 2547 sore
849 2519 883 2546 ut
902 2513 1053 2548 deficiant
1069 2524 1106 2548 ea
1126 2516 1211 2548 unde
1238 2517 1366 2549 sumtus

326 2574 377 2605 isti
393 2574 458 2606 tieri
477 2575 597 2615 possint
618 2588 626 2607 ι
644 2585 707 2607 non
735 2575 792 2609 est‘
801 2579 886 2617 quod
913 2579 1037 2610 metuas
1049 2603 1058 2617 ,
1076 2588 1114 2611 nc
1138 2588 1207 2611 rem
1229 2579 1293 2611 huc
1311 2579 1367 2612 de-

327 2632 463 2672 ducam,
483 2637 519 2664 ut
536 2634 590 2665 illa
605 2635 661 2666 tuo
676 2634 784 2667 labore
801 2637 959 2677 variisque
976 2641 1043 2668 tam
1060 2638 1158 2670 animi
1178 2647 1274 2679 quarn
1297 2648 1368 2670 cor-
1391 2630 1396 2637 ’

329 2691 413 2730 poris
438 2692 591 2724 aerumnis
618 2694 830 2733 perpetiendis
857 2695 914 2727 tibi
941 2705 1126 2737 compares,
1147 2697 1203 2729 sed
1233 2697 1369 2729 aliorum

329 2748 438 2780 labore
455 2750 554 2789 partis
574 2753 608 2782 tu
635 2751 765 2790 frueris,
785 2762 888 2793 neque
909 2754 972 2786 ulla
998 2764 1032 2786 re
1054 2755 1227 2788 abstinebis
1251 2765 1289 2789 ex
1308 2766 1370 2798 qua

330 2808 412 2838 lucri
445 2808 565 2848 aliquid
596 2809 699 2842 facere
730 2820 839 2851 queas.
885 2813 963 2844 Nam
988 2814 1135 2854 equidem
1163 2815 1370 2849 familiaribus

332 2866 411 2897 meis
443 2867 582 2908 undique
610 2868 751 2900 lucrandi
783 2872 973 2910 potestatem
1002 2873 1120 2906 desero.
1167 2875 1226 2906 His
1254 2875 1372 2907 auditis

333 2925 484 2957 llcrcules
512 2940 519 2957 :
543 2928 571 2958 Ο
600 2928 727 2967 mulier,
757 2929 878 2969 inquit,
897 2931 982 2970 quod
1006 2932 1061 2963 tibi
1082 2941 1198 2964 nomen
1217 2935 1288 2966 est?
1316 2934 1371 2966 llla

332 2991 420 3022 vero,
441 2984 543 3016 Amici
562 2986 636 3024 mei,
651 2986 771 3026 inquit,
787 2988 982 3021 Felicitatem
1003 3000 1054 3022 me
1073 2992 1250 3032 appellant;
1268 2995 1301 3024 at
1316 2994 1371 3034 qui

333 3041 470 3075 oderunt
497 3043 705 3076 obtrectando
736 3047 852 3076 vocant
883 3047 1056 3086 Ignaviam.
1109 3050 1217 3085 Quum
1247 3050 1371 3081 interim

331 3101 430 3133 altera
446 3102 751 3135 mulieraccessisset
766 3115 773 3135 z
788 3106 853 3144 Ego
868 3114 1007 3145 quoque,
1025 3106 1140 3146 inquit,
1156 3107 1197 3138 ad
1216 3109 1247 3139 te
1265 3109 1369 3149 venio,

335 3162 379 3193 mi
400 3161 568 3200 Hercules,
589 3171 661 3202 quae
681 3164 713 3194 et
732 3165 876 3203 parentes
895 3166 968 3195 tuos
982 3165 1058 3196 novi
1074 3168 1106 3197 et
1123 3174 1196 3206 quae
1214 3169 1268 3198 tua
1288 3169 1372 3199 esset

335 3222 450 3252 natura
476 3221 507 3251 in
535 3221 648 3261 puerili
678 3220 878 3253 institutione
905 3223 1127 3255 animadverti.
1174 3224 1264 3256 Unde
1281 3234 1373 3266 spero

334 3278 402 3310 t'ore
416 3277 453 3310 rit
471 3279 499 3311 si
514 3287 551 3310 ea
572 3288 646 3320 quae
664 3279 703 3311 ad
727 3289 778 3312 me
797 3280 886 3312 ducit
913 3282 965 3313 via
993 3282 1173 3323 incesseris,
1192 3284 1323 3324 pulchra
1342 3289 1374 3318 et

334 3337 483 3376 prm-clara
505 3338 643 3368 facinora
662 3339 796 3378 gloriose
817 3339 937 3371 efficias
953 3342 1047 3381 atque
1065 3345 1098 3373 ut
1117 3351 1176 3382 ego
1203 3343 1294 3383 longe
1314 3344 1371 3375 lio-

333 3395 450 3425 nestior
467 3395 689 3436 bonorumque
706 3407 723 3428 a
739 3406 790 3429 me
813 3397 1026 3437 profectorum
1043 3408 1139 3432 causa
1156 3401 1308 3433 illustrior
1326 3402 1372 3433 vi-

334 3448 416 3481 dear.
447 3452 555 3492 Neque
570 3460 646 3484 vero
662 3453 694 3485 tc
713 3453 870 3494 decipiam
887 3454 1027 3487 exordiis
1042 3464 1060 3487 a
1077 3456 1238 3497 voluptate
1253 3457 1372 3498 ductis,

1427 2398 1482 2431 sed
1501 2395 1778 2439 quemadmodum
1797 2395 1841 2427 dii
1859 2404 1909 2427 res
1937 2395 2024 2436 ipsas
2043 2395 2252 2436 ordinarunt,
2267 2395 2314 2427 sic
2332 2405 2387 2428 eas
2402 2405 2478 2429 vere

1427 2456 1696 2489 commemorabo.
1743 2454 1828 2487 Nihil
1859 2454 1945 2486 enim
1977 2454 2098 2486 bonum
2127 2463 2165 2486 ac.
2189 2453 2378 2496 praeclarum
2409 2456 2478 2490 sim

1429 2515 1538 2548 labore
1553 2524 1590 2547 ac
1605 2514 1712 2547 studio
1729 2513 1773 2545 dii
1788 2513 1973 2545 hominibus
1989 2513 2150 2553 tribuunt;
2168 2512 2224 2545 sed
2239 2513 2308 2546 sive
2320 2513 2401 2547 deos
2416 2513 2478 2548 tibi

1428 2574 1583 2616 propitios
1600 2582 1672 2605 esse
1693 2573 1759 2613 vis,
1775 2572 1900 2604 colendi
1922 2572 1997 2604 sunt
2009 2571 2054 2603 dii
2079 2585 2086 2604 z
2106 2571 2175 2604 sive
2190 2571 2231 2603 ab
2255 2572 2369 2605 amicis
2384 2571 2474 2614 diligi

1429 2632 1497 2673 vis,
1518 2631 1671 2664 beneficia
1693 2631 1725 2663 in
1752 2631 1875 2663 amicos
1894 2629 2087 2662 conferenda
2102 2632 2179 2662 sunt
2201 2642 2210 2662 ι
2231 2631 2301 2663 sive
2315 2639 2334 2663 a
2349 2631 2478 2665 civitate

1429 2692 1536 2733 aliqua
1553 2690 1701 2723 honorari
1716 2690 1823 2731 cupis,
1837 2689 1983 2721 utilitatis
2002 2688 2121 2730 aliquid
2144 2689 2266 2721 civitati
2279 2689 2476 2722 afferendum

1429 2752 1479 2782 est
1500 2763 1508 2781 z
1527 2749 1596 2782 sive
1615 2748 1749 2781 Groeciae
1766 2747 1924 2779 universae
1937 2747 2065 2779 virtutis
2083 2747 2213 2779 nomine
2229 2747 2276 2780 tui
2291 2747 2478 2781 admiratio·

1431 2818 1503 2841 nem
1530 2808 1659 2848 injicere
1677 2807 1737 2847 vis,
1754 2806 1946 2839 tentandum
1965 2809 2032 2847 est,
2050 2807 2088 2838 ut
2104 2806 2144 2838 de
2163 2806 2288 2838 Graecia
2309 2807 2392 2840 bene
2414 2817 2478 2841 me·

1432 2868 1530 2900 rearis
1548 2881 1556 2900 :
1575 2867 1642 2900 sive
1658 2869 1778 2899 terram
1797 2865 1854 2898 tibi
1872 2865 1995 2898 tructus
2023 2864 2139 2897 uberes
2158 2865 2240 2898 serre
2262 2865 2331 2906 vis,
2349 2866 2478 2900 colendi

1431 2930 1523 2959 erunt
1555 2926 1622 2967 agri
1653 2940 1661 2958 :
1685 2925 1754 2958 sive
1791 2933 1823 2957 re
1855 2924 2002 2965 pecuaria
2035 2924 2162 2956 divitias
2199 2923 2388 2966 quaerendas
2420 2925 2494 2958 tibi¹

1432 2995 1500 3019 esse
1535 2985 1718 3024 arbitraris,
1753 2983 1937 3025 pecuariam
1974 2982 2070 3015 facias
2099 2985 2227 3024 oportet
2253 2994 2263 3016 ε
2298 2984 2368 3018 sivo
2394 2984 2479 3018 bello

1433 3046 1592 3086 potentior
1622 3045 1688 3077 fieri
1719 3043 1816 3085 gestis
1850 3051 1889 3076 ac
1922 3042 2106 3074 facultatem
2139 3043 2294 3084 consequi
2323 3043 2374 3076 vis
2407 3046 2479 3077 tum

1432 3104 1550 3136 amicos
1567 3103 1740 3144 liberandi,
1755 3104 1827 3135 tum
1852 3101 2019 3142 subigendi
2044 3101 2170 3141 hostes,
2190 3110 2255 3133 non
2271 3101 2376 3134 solum
2394 3104 2479 3136 artes

1433 3163 1554 3196 bellicae
1583 3163 1624 3195 ab
1656 3171 1765 3196 earum
1790 3161 1898 3203 peritis
1927 3160 1984 3193 tibi
2004 3159 2165 3192 discendae
2188 3162 2276 3200 sunt,
2304 3160 2360 3193 sed
2381 3161 2478 3194 etiam

1432 3222 1594 3263 quomodo
1617 3223 1657 3255 iis
1674 3221 1829 3254 utendum
1853 3220 1898 3267 ⁸2¹.
1919 3219 2150 3252 exercitatione
2165 3218 2245 3250 disci
2269 3228 2399 3252 necesse
2414 3215 2476 3253 est‘.

1433 3282 1579 3323 Denique
1597 3282 1623 3314 si
1650 3282 1744 3314 etiam
1767 3288 1901 3322 corpore
1927 3279 1976 3311 vis
2001 3287 2071 3311 esse
2103 3272 2246 3316 v‘alidus,
2274 3286 2404 3310 necesse
2429 3281 2479 3311 est

1432 3349 1548 3381 corpus
1564 3341 1781 3373 consuefacias
1797 3340 1906 3372 animo
1920 3338 2051 3371 obedire
2065 3337 2295 3378 laboribusque
2309 3346 2349 3370 ac
2361 3337 2480 3370 sudore

1433 3409 1592 3432 exerceas.
1638 3402 1721 3433 Tum
1739 3399 1808 3439 ejus
1820 3407 2000 3432 sermonem
2018 3397 2181 3438 excipiens
2191 3396 2340 3437 Ignavia,
2361 3404 2475 3436 quem-

1433 3458 1607 3492 admodum
1630 3459 1785 3492 Prodicus
1817 3458 1882 3499 ait,
1908 3457 2068 3498 Videsne,
2097 3456 2218 3497 inquit,
2242 3455 2286 3487 mi
2310 3453 2475 3495 Hercules,
