2638 3840
406 457 1306 583 CHALCIDII
1420 452 2106 574 TIMAEUS
2203 456 2207 460 ⁴

548 706 711 799 EX
779 700 1366 797 PLATONIS
1437 698 1963 796 DIALOGO

184 906 794 981 TRANSLATUS
842 907 954 977 ET
1007 907 1100 977 IN
1155 906 1539 977 EUNDEM
1593 902 2344 975 COMMENTARIUS

694 1085 829 1139 CUM
867 1083 1107 1138 GRAECO
1150 1081 1476 1135 PLATONIS
1514 1081 1832 1133 EXEMPLO

506 1207 590 1258 ET
635 1205 883 1257 LATINA
931 1205 1306 1257 CICERONIS
1352 1202 2023 1255 INTERPRETATIONE.

426 1520 532 1580 De
583 1508 999 1580 chalcidio.

244 1647 460 1700 Antequam
498 1646 546 1686 de
585 1647 823 1698 Cynicorum
851 1646 1100 1699 principibus
1135 1648 1240 1686 Anti·

191 1706 349 1757 sthene,
372 1708 570 1758 Diogene,
590 1704 765 1755 cratete,
788 1707 1024 1746 Demonacte
1046 1707 1239 1746 disserere

192 1767 467 1818 aggrediamur
486 1780 700 1819 eorumque
719 1767 933 1818 fragmenta
956 1766 1236 1819 subjiciamus3

190 1826 319 1866 visum
350 1826 467 1866 nobis
486 1835 544 1865 est
564 1826 806 1865 Chalcidium
835 1836 916 1865 tum
945 1826 1098 1866 collatis
1123 1840 1240 1879 supe-

194 1885 372 1926 rioribus
389 1885 633 1925 editionibus
647 1915 659 1932 ‚
681 1894 762 1924 tum
787 1886 976 1925 consultis
1002 1886 1240 1926 membranis

194 1944 430 1985 florentinis
450 1946 691 1996 recognitum
712 1945 786 1984 hoc
805 1945 893 1984 loco
907 1946 1093 1986 inserere.
1114 1946 1241 1998 Hujus

193 2005 554 2058 interpretationem
581 2008 702 2057 partis
722 2005 868 2058 prioris
889 2004 923 2043 Τ
926 2005 1027 2045 imaei
1047 2005 1239 2045 Platonici

193 2077 281 2104 cum
299 2064 603 2115 commentario,
618 2064 686 2116 qui
706 2065 933 2117 praeclarum
957 2066 1128 2117 antiquae
1149 2065 1238 2118 phi·

193 2124 386 2177 losophiae
407 2134 701 2163 monumentum
733 2124 868 2164 baberi
891 2125 1015 2172 solet,
1042 2125 1195 2178 primus
1219 2139 1241 2163 e

193 2182 525 2223 bibliothecarum
548 2183 710 2222 latebris
730 2185 770 2223 in
799 2184 922 2222 lucem
951 2184 1117 2236 protulit
1142 2184 1239 2234 Aug.

193 2243 441 2284 Justinianus
464 2243 624 2283 Lutetiae
645 2244 887 2282 Parisiorum
913 2257 1016 2282 anno
1038 2244 1153 2284 1520.
1175 2246 1241 2282 Se-

195 2312 294 2343 cutae
325 2311 416 2343 sunt
447 2303 533 2342 duae
565 2303 759 2341 editiones
792 2303 906 2353 longe
938 2303 1239 2354 praestantiores.

198 2362 337 2403 liarum
359 2363 480 2402 altera
501 2362 573 2401 suit
591 2363 655 2403 J0.
678 2362 838 2401 Meursii
861 2375 948 2414 quae
971 2362 1151 2411 Lugduni
1172 2362 1242 2401 Ba-

198 2430 376 2463 tavorum
398 2435 502 2461 anno
542 2422 639 2471 1617
670 2421 812 2461 excusa
839 2430 911 2461 est.
935 2421 1067 2460 Altera
1097 2422 1242 2471 insigni

197 2480 263 2519 «lo.
289 2480 381 2522 Alb.
407 2481 573 2520 Fabricii
597 2482 812 2532 diligentia:
833 2481 1011 2531 debetur,
1038 2482 1106 2533 qui
1130 2480 1243 2519 Chal-

200 2539 347 2579 cidium
368 2541 502 2593 paullo
525 2542 744 2580 accuratius
764 2542 997 2580 recensitum
1023 2541 1183 2592 suisque
1208 2550 1243 2579 et

198 2598 358 2639 Meursii
379 2600 701 2640 annotationibus
719 2601 955 2640 illustratum
976 2599 1015 2640 S.
1039 2601 1243 2652 llippolyti

197 2657 384 2710 operibus
406 2659 621 2710 llamburgi
650 2674 754 2699 anno
779 2660 880 2708 17¹8
910 2660 1064 2699 emissis
1086 2660 1242 2711 adjecit.

200 2716 278 2756 Nos
300 2719 435 2770 paucis
463 2717 602 2758 diebus
635 2719 789 2758 codices
815 2718 1007 2757 Mediceos
1043 2718 1246 2757 Florentia.-

197 2789 323 2829 nuper
345 2779 608 2830 percurrimus
622 2808 632 2826 ,
651 2789 693 2817 ut
710 2779 742 2817 si
761 2778 856 2830 quid
877 2778 971 2816 utile
987 2780 1243 2824 continerent,

197 2836 302 2888 quod
324 2836 372 2876 ad
386 2837 668 2876 emendandum
691 2838 793 2877 bunc
816 2837 1046 2889 scriptorem
1068 2836 1243 2876 adbiberi

199 2904 353 2948 posset,
376 2896 415 2935 id
445 2896 671 2936 festinanter
700 2898 740 2936 in
765 2898 906 2936 itinere
934 2910 1242 2948 excerperemus.

204 2956 340 3007 ltaque
362 2957 537 3009 quaedam
555 2957 735 2997 codicum
757 2970 831 3010 ope
846 2987 855 3004 ‚
876 2956 951 2995 alia
972 2964 1104 2994 nostro
1127 2955 1246 2993 Marte

202 3028 458 3055 correximus.

257 3077 313 3113 De
343 3074 537 3115 Cbalcidii
560 3085 668 3115 aetate
698 3089 906 3127 rerumque
938 3087 1135 3113 sat-rarum
1168 3074 1244 3112 sor·

206 3133 311 3172 mula
334 3142 447 3173 vetus
475 3134 578 3174 inter
595 3136 707 3174 viros
727 3136 863 3173 doctos
884 3122 1152 3172 controversia
1174 3142 1243 3171 est.

206 3191 380 3243 Namque
406 3193 474 3232 alii
505 3206 591 3232 eum
612 3193 902 3240 Christianum,
924 3192 991 3230 alii
1017 3190 1245 3239 llebrzeum,

202 3249 270 3289 alii
291 3249 460 3302 denique
473 3253 723 3304 antiquorum
744 3253 904 3290 deorum
925 3251 1111 3289 cultorem
1133 3250 1250 3289 fuisse

206 3308 280 3347 rati
300 3318 406 3350 sunt.
429 3315 483 3350 Ac
505 3310 646 3350 Fabius
663 3311 820 3363 quidem
842 3309 1070 3348 l‘laoriades
1086 3309 1248 3358 Fulgen-

206 3369 308 3415 tius,
345 3369 517 3421 scriptor
546 3370 814 3416 Christianus,
858 3367 1056 3407 Marciano
1093 3368 1250 3421 Capella

206 3434 316 3465 etate
332 3429 542 3479 posterior,
561 3431 628 3481 qui
647 3433 877 3478 Aue-goriam
899 3430 1075 3466 librorum
1094 3430 1251 3477 Ve'rge'le'l

208 3484 410 3526 chalcidio
429 3487 628 3541 inscripsit
648 3502 734 3527 cum
759 3491 964 3526 lanarum
980 3493 1251 3526 sanctissimum

1300 1484 1443 1511 vocare
1467 1486 1546 1511 non
1574 1471 1783 1511 dubitavit.
1807 1470 1969 1510 Accedit
2000 1470 2106 1522 quod
2135 1469 2177 1509 in
2213 1469 2353 1509 inscri-

1301 1532 1435 1584 ptione
1453 1530 1576 1570 libelli
1596 1533 1644 1568 de
1660 1536 1782 1581 prisco
1798 1544 1982 1577 sermone,
2003 1543 2118 1581 quem
2147 1529 2249 1568 idem
2268 1529 2355 1568 Ful·

1301 1592 1456 1640 gentius
1498 1590 1547 1629 ad
1584 1590 1831 1629 Cltalcidium
1868 1589 2000 1637 misit,
2038 1589 2079 1627 in
2112 1588 2355 1628 editionibus

1304 1650 1493 1690 lladriani
1518 1650 1630 1689 Junii
1661 1659 1699 1688 et
1731 1649 1914 1701 Dionysii
1945 1648 2178 1687 Gotliosredi
2210 1648 2357 1688 dicitur

1303 1711 1594 1757 Grammaticus,
1633 1712 1769 1747 Timaee'
1808 1711 1999 1747 Platonici
2032 1709 2271 1759 Ecplzrastes.
2307 1710 2357 1747 At

1302 1769 1383 1808 haec
1414 1769 1536 1808 verba
1561 1782 1583 1808 a
1611 1769 1829 1808 recentiore
1849 1782 1967 1807 manu
2000 1768 2132 1807 addita
2155 1768 2354 1817 videntur,

1302 1843 1421 1882 quum
1444 1830 1485 1869 in
1507 1830 1639 1869 multis
1661 1838 1838 1868 veterum
1865 1828 2152 1881 exemplarium
2175 1837 2250 1867 tam
2270 1829 2353 1867 edi-

1303 1897 1430 1927 torum
1468 1903 1584 1941 quam
1617 1889 1766 1927 calamo
1800 1898 2047 1927 exaratorum
2081 1902 2159 1927 non
2196 1902 2356 1941 compa-

1303 1958 1422 1988 reant.
1444 1948 1640 1996 Quocirca
1662 1948 1796 1987 licebit
1827 1949 2001 1987 Levitam
2024 1948 2136 1987 illum
2168 1961 2191 1986 a
2219 1956 2356 1986 nostro

1302 2007 1506 2047 chalcidio
1540 2009 1743 2047 diversum
1776 2008 2015 2046 existimare..
2050 2007 2199 2046 Omitto
2227 2007 2358 2046 varias

1305 2068 1548 2107 eruditorum
1570 2067 1773 2107 bominum
1792 2067 1840 2106 de
1858 2067 1931 2105 boc
1951 2076 2182 2117 argumento
2202 2074 2356 2105 senten·

1304 2128 1400 2178 tias,
1421 2141 1539 2179 quas,
1572 2128 1605 2166 si
1638 2128 1731 2166 tanti
1759 2136 1838 2177 est,
1866 2127 1957 2166 vide
1979 2128 2018 2165 in
2050 2126 2216 2166 Fabricii
2249 2126 2355 2167 Bibl:

1305 2185 1388 2226 Lat.
1415 2186 1487 2225 lib.
1512 2185 1565 2224 ΙΙΙ
1586 2199 1670 2237 cap.
1701 2185 1790 2232 vn,
1823 2194 1916 2225 tom.
1944 2185 2000 2223 ΙΙΙ
2021 2198 2111 2237 pag.
2145 2185 2214 2223 105
2242 2198 2353 2237 seqq.

1303 2244 1365 2283 ed.
1390 2244 1553 2283 Ernesti.
1583 2245 1661 2283 Nos
1680 2244 1924 2283 Chalcidium
1946 2244 2073 2305 quarti
2102 2244 2232 2282 saeculi
2253 2243 2356 2282 scri-

1305 2312 1454 2355 ptorem
1478 2304 1623 2342 nullam
1657 2313 1797 2342 sectam
1830 2303 2069 2356 professum,
2100 2304 2166 2340 sed
2201 2303 2355 2356 plenam

1306 2364 1450 2402 veteris
1482 2363 1684 2415 sapientiae
1718 2363 1981 2413 cognitionem
2026 2370 2274 2400 consecutum
2310 2361 2360 2401 de

1307 2436 1506 2462 sacrorum
1538 2421 1681 2461 ritibus
1717 2424 1770 2460 ita
1801 2421 1997 2470 judicasse
2026 2420 2280 2471 arbitramur,
2316 2429 2360 2459 ut

1307 2482 1405 2520 nulli
1426 2482 1603 2520 sormulae
1622 2482 1734 2533 quasi
1753 2480 1931 2519 addictus
1945 2489 1981 2519 et
2001 2489 2247 2519 consecratus
2267 2492 2357 2532 par·

1308 2542 1375 2580 tim
1398 2542 1559 2580 Graecos
1577 2540 1850 2592 Romanosque
1861 2540 1954 2579 deos
1966 2569 1976 2587 ,
1993 2541 2133 2592 partim
2150 2540 2360 2592 peregriua

1307 2614 1415 2640 sacra
1446 2601 1607 2639 colenda
1636 2613 1720 2643 esse
1740 2608 1924 2639 statueret
1945 2599 2112 2651 ideoque
2144 2602 2182 2638 in
2213 2599 2274 2637 his
2296 2612 2359 2637 re-

1308 2659 1380 2698 bus
1400 2660 1569 2699 medium
1590 2659 1775 2711 quiddam
1792 2668 1939 2699 teneret
1951 2672 1997 2698 ac
2012 2667 2358 2711 temperamentum

1308 2728 1494 2758 servaret.

1597 2827 1882 2875 CliALClDll
1922 2829 1977 2874 V.
2018 2829 2066 2875 C.

1507 2923 1560 2963 ΙΝ
1594 2922 1841 2963 TtMAEtJM
1879 2922 2104 2963 I‘LATON
2118 2923 2127 2962 1
2140 2924 2165 2963 S

1702 3005 1966 3037 rnooEuuM.

1778 3100 1884 3109 ——-

1556 3196 1850 3232 mummius
1879 3195 1991 3230 0810
2017 3196 2112 3230 ΒΗ)

1736 3270 1931 3297 suuntu-

1364 3372 1541 3409 socrates
1593 3372 1631 3410 in
1673 3369 2013 3410 exhortationibus
2058 3370 2138 3406 suis
2176 3370 2358 3408 virtutem

1313 3429 1496 3478 laudans,
1532 3444 1651 3482 «μιιιιιι
1702 3430 1896 3469 bonorum
1938 3429 2113 3467 onmium
2165 3428 2361 3480 totiusque

1313 3489 1587 3543 prosperitatis
1603 3503 1754 3529 causam
1775 3491 1987 3529 consistere
2015 3501 2133 3540 penes
2148 3499 2232 3527 eam
2252 3488 2359 3528 dice·

1258 3557 1308 3587 m
2208 3557 2253 3590 1ss
