<?xml version="1.0" encoding="UTF-8"?>
<!DOCTYPE html PUBLIC "-//W3C//DTD XHTML 1.0 Transitional//EN"
    "http://www.w3.org/TR/xhtml1/DTD/xhtml1-transitional.dtd">
<html xmlns="http://www.w3.org/1999/xhtml" xml:lang="en" lang="en">
 <head>
  <title>
</title>
<meta http-equiv="Content-Type" content="text/html;charset=utf-8" />
  <meta name='ocr-system' content='tesseract 3.04.00' />
  <meta name='ocr-capabilities' content='ocr_page ocr_carea ocr_par ocr_line ocrx_word'/>
</head>
<body>
  <div class='ocr_page' id='page_1' title='image "./fragmentaphiloso02mulluoft_0362.png"; bbox 0 0 2606 3828; ppageno 0'>
   <div class='ocr_carea' id='block_1_1' title="bbox 320 288 1737 343">
    <p class='ocr_par' dir='ltr' id='par_1_1' title="bbox 320 288 1737 343">
     <span class='ocr_line' id='line_1_1' title="bbox 320 288 1737 343; baseline -0.011 0"><span class='ocrx_word' id='word_1_1' title='bbox 320 310 395 343; x_wconf 77' lang='lat'><strong><em>254</em></strong></span> <span class='ocrx_word' id='word_1_2' title='bbox 1035 292 1292 332; x_wconf 74' lang='lat' dir='ltr'><strong><em>CssALlet</em></strong></span> <span class='ocrx_word' id='word_1_3' title='bbox 1322 288 1737 332; x_wconf 80' lang='lat' dir='ltr'>COMMENTARIUS</span> 
     </span>
    </p>
   </div>
   <div class='ocr_carea' id='block_1_2' title="bbox 303 378 1350 3531">
    <p class='ocr_par' dir='ltr' id='par_1_2' title="bbox 314 378 1348 488">
     <span class='ocr_line' id='line_1_2' title="bbox 316 378 1348 433; baseline -0.014 -10"><span class='ocrx_word' id='word_1_4' title='bbox 316 390 535 433; x_wconf 78' lang='grc' dir='ltr'>μεταπειστόν.</span> <span class='ocrx_word' id='word_1_5' title='bbox 584 389 643 420; x_wconf 83' lang='grc' dir='ltr'><strong><em>Καὶ</em></strong></span> <span class='ocrx_word' id='word_1_6' title='bbox 668 390 723 419; x_wconf 80' lang='grc' dir='ltr'><strong><em>τοῦ</em></strong></span> <span class='ocrx_word' id='word_1_7' title='bbox 751 386 804 427; x_wconf 83' lang='grc' dir='ltr'>μὲν</span> <span class='ocrx_word' id='word_1_8' title='bbox 824 383 910 416; x_wconf 76' lang='grc' dir='ltr'>πάντ’</span> <span class='ocrx_word' id='word_1_9' title='bbox 935 383 1028 422; x_wconf 76' lang='grc' dir='ltr'>ἄνδρα</span> <span class='ocrx_word' id='word_1_10' title='bbox 1050 381 1188 422; x_wconf 79' lang='grc' dir='ltr'><strong>μετέχειν</strong></span> <span class='ocrx_word' id='word_1_11' title='bbox 1217 378 1348 420; x_wconf 83' lang='grc' dir='ltr'><strong>φατέον,</strong></span> 
     </span>
     <span class='ocr_line' id='line_1_3' title="bbox 314 441 1060 488; baseline 0.001 -8"><span class='ocrx_word' id='word_1_12' title='bbox 314 453 368 482; x_wconf 81' lang='grc' dir='ltr'>νοῦ</span> <span class='ocrx_word' id='word_1_13' title='bbox 387 450 420 482; x_wconf 71' lang='grc' dir='ltr'><strong><em>δὲ</em></strong></span> <span class='ocrx_word' id='word_1_14' title='bbox 442 449 526 485; x_wconf 76' lang='grc' dir='ltr'>Οεούς</span> <span class='ocrx_word' id='word_1_15' title='bbox 540 472 549 487; x_wconf 87' lang='lat'><strong><em>,</em></strong></span> <span class='ocrx_word' id='word_1_16' title='bbox 564 447 732 488; x_wconf 76' lang='grc' dir='ltr'>ἀνθρώπων</span> <span class='ocrx_word' id='word_1_17' title='bbox 752 446 783 477; x_wconf 84' lang='grc' dir='ltr'><strong><em>δὲ</em></strong></span> <span class='ocrx_word' id='word_1_18' title='bbox 803 445 887 484; x_wconf 70' lang='grc' dir='ltr'>γένος</span> <span class='ocrx_word' id='word_1_19' title='bbox 905 441 1003 483; x_wconf 59' lang='grc' dir='ltr'>βραχύ</span> <span class='ocrx_word' id='word_1_20' title='bbox 1019 451 1060 471; x_wconf 63' lang='lat'><strong><em>&#39;²‘-</em></strong></span> 
     </span>
    </p>

    <p class='ocr_par' dir='ltr' id='par_1_3' title="bbox 307 497 1350 1310">
     <span class='ocr_line' id='line_1_4' title="bbox 355 497 1349 546; baseline -0.015 -4"><span class='ocrx_word' id='word_1_21' title='bbox 355 511 390 541; x_wconf 81' lang='lat' dir='ltr'><strong><em>Si</em></strong></span> <span class='ocrx_word' id='word_1_22' title='bbox 412 507 610 540; x_wconf 81' lang='lat' dir='ltr'><strong><em>intellectus</em></strong></span> <span class='ocrx_word' id='word_1_23' title='bbox 633 507 781 546; x_wconf 79' lang='lat' dir='ltr'><strong><em>itemque</em></strong></span> <span class='ocrx_word' id='word_1_24' title='bbox 811 510 891 534; x_wconf 81' lang='lat' dir='ltr'><strong><em>vera</em></strong></span> <span class='ocrx_word' id='word_1_25' title='bbox 912 501 1025 540; x_wconf 80' lang='lat' dir='ltr'><strong><em>opinio</em></strong></span> <span class='ocrx_word' id='word_1_26' title='bbox 1046 498 1123 530; x_wconf 75' lang='lat' dir='ltr'><strong><em>duae</em></strong></span> <span class='ocrx_word' id='word_1_27' title='bbox 1153 505 1207 529; x_wconf 88' lang='lat' dir='ltr'><strong><em>res</em></strong></span> <span class='ocrx_word' id='word_1_28' title='bbox 1237 497 1319 529; x_wconf 86' lang='lat' dir='ltr'><strong><em>sunt</em></strong></span> <span class='ocrx_word' id='word_1_29' title='bbox 1338 505 1349 527; x_wconf 93' lang='lat'><strong><em>.·</em></strong></span> 
     </span>
     <span class='ocr_line' id='line_1_5' title="bbox 315 556 1350 605; baseline -0.014 -4"><span class='ocrx_word' id='word_1_30' title='bbox 315 575 445 600; x_wconf 86' lang='lat' dir='ltr'><strong><em>necesse</em></strong></span> <span class='ocrx_word' id='word_1_31' title='bbox 465 568 514 599; x_wconf 87' lang='lat' dir='ltr'><strong><em>est</em></strong></span> <span class='ocrx_word' id='word_1_32' title='bbox 544 565 614 598; x_wconf 67' lang='lat' dir='ltr'><strong><em>hoec</em></strong></span> <span class='ocrx_word' id='word_1_33' title='bbox 635 566 710 605; x_wconf 88' lang='lat' dir='ltr'><strong><em>ipsa</em></strong></span> <span class='ocrx_word' id='word_1_34' title='bbox 734 570 795 603; x_wconf 85' lang='lat' dir='ltr'><strong><em>per</em></strong></span> <span class='ocrx_word' id='word_1_35' title='bbox 817 560 923 593; x_wconf 88' lang='lat' dir='ltr'><strong><em>semet</em></strong></span> <span class='ocrx_word' id='word_1_36' title='bbox 945 566 1016 590; x_wconf 86' lang='lat' dir='ltr'><strong><em>esse</em></strong></span> <span class='ocrx_word' id='word_1_37' title='bbox 1036 556 1216 590; x_wconf 85' lang='lat' dir='ltr'><strong><em>intellectu</em></strong></span> <span class='ocrx_word' id='word_1_38' title='bbox 1231 556 1350 597; x_wconf 84' lang='lat' dir='ltr'><strong><em>potius</em></strong></span> 
     </span>
     <span class='ocr_line' id='line_1_6' title="bbox 313 613 1349 668; baseline -0.014 -9"><span class='ocrx_word' id='word_1_39' title='bbox 313 634 421 668; x_wconf 79' lang='lat' dir='ltr'><strong><em>quam</em></strong></span> <span class='ocrx_word' id='word_1_40' title='bbox 436 624 593 657; x_wconf 76' lang='lat' dir='ltr'><strong><em>sensibus</em></strong></span> <span class='ocrx_word' id='word_1_41' title='bbox 607 619 833 662; x_wconf 84' lang='lat' dir='ltr'><strong><em>assequenda.</em></strong></span> <span class='ocrx_word' id='word_1_42' title='bbox 878 619 939 651; x_wconf 75' lang='lat' dir='ltr'><strong><em>,Sin</em></strong></span> <span class='ocrx_word' id='word_1_43' title='bbox 963 624 1059 656; x_wconf 84' lang='lat' dir='ltr'><strong><em>vero,</em></strong></span> <span class='ocrx_word' id='word_1_44' title='bbox 1080 617 1121 648; x_wconf 90' lang='lat' dir='ltr'><strong><em>ut</em></strong></span> <span class='ocrx_word' id='word_1_45' title='bbox 1138 613 1349 657; x_wconf 78' lang='lat' dir='ltr'><strong><em>quibusdam</em></strong></span> 
     </span>
     <span class='ocr_line' id='line_1_7' title="bbox 313 673 1349 723; baseline -0.014 -5"><span class='ocrx_word' id='word_1_46' title='bbox 313 685 461 723; x_wconf 83' lang='lat' dir='ltr'><strong><em>videtur,</em></strong></span> <span class='ocrx_word' id='word_1_47' title='bbox 478 691 558 716; x_wconf 89' lang='lat' dir='ltr'><strong><em>vera</em></strong></span> <span class='ocrx_word' id='word_1_48' title='bbox 571 683 684 723; x_wconf 84' lang='lat' dir='ltr'><strong><em>opinio</em></strong></span> <span class='ocrx_word' id='word_1_49' title='bbox 697 679 739 712; x_wconf 84' lang='lat' dir='ltr'><strong><em>ab</em></strong></span> <span class='ocrx_word' id='word_1_50' title='bbox 755 677 935 710; x_wconf 75' lang='lat' dir='ltr'><strong><em>intellectu</em></strong></span> <span class='ocrx_word' id='word_1_51' title='bbox 948 675 1040 708; x_wconf 79' lang='lat' dir='ltr'><strong><em>nihil</em></strong></span> <span class='ocrx_word' id='word_1_52' title='bbox 1054 674 1177 715; x_wconf 79' lang='lat' dir='ltr'><strong><em>differt</em></strong></span> <span class='ocrx_word' id='word_1_53' title='bbox 1192 683 1203 705; x_wconf 90' lang='lat'><strong><em>.·</em></strong></span> <span class='ocrx_word' id='word_1_54' title='bbox 1217 673 1349 712; x_wconf 85' lang='lat' dir='ltr'><strong><em>omnia,</em></strong></span> 
     </span>
     <span class='ocr_line' id='line_1_8' title="bbox 312 731 1348 785; baseline -0.013 -9"><span class='ocrx_word' id='word_1_55' title='bbox 312 752 389 785; x_wconf 77' lang='lat' dir='ltr'><strong><em>quoe</em></strong></span> <span class='ocrx_word' id='word_1_56' title='bbox 407 750 544 783; x_wconf 86' lang='lat' dir='ltr'><strong><em>corpore</em></strong></span> <span class='ocrx_word' id='word_1_57' title='bbox 560 741 725 772; x_wconf 85' lang='lat' dir='ltr'><strong><em>sentimus</em></strong></span> <span class='ocrx_word' id='word_1_58' title='bbox 737 761 746 777; x_wconf 93' lang='lat'>‚</span> <span class='ocrx_word' id='word_1_59' title='bbox 765 738 859 769; x_wconf 82' lang='lat' dir='ltr'><strong><em>certa</em></strong></span> <span class='ocrx_word' id='word_1_60' title='bbox 875 733 1035 768; x_wconf 77' lang='lat' dir='ltr'><strong><em>habenda</em></strong></span> <span class='ocrx_word' id='word_1_61' title='bbox 1047 735 1141 767; x_wconf 86' lang='lat' dir='ltr'><strong><em>sunt.</em></strong></span> <span class='ocrx_word' id='word_1_62' title='bbox 1187 731 1254 764; x_wconf 86' lang='lat' dir='ltr'><strong><em>Sed</em></strong></span> <span class='ocrx_word' id='word_1_63' title='bbox 1275 733 1348 773; x_wconf 87' lang='lat' dir='ltr'><strong><em>opi-</em></strong></span> 
     </span>
     <span class='ocr_line' id='line_1_9' title="bbox 314 792 1348 837; baseline -0.011 -3"><span class='ocrx_word' id='word_1_64' title='bbox 314 811 377 834; x_wconf 84' lang='lat' dir='ltr'><strong><em>nor</em></strong></span> <span class='ocrx_word' id='word_1_65' title='bbox 387 801 455 834; x_wconf 86' lang='lat' dir='ltr'><strong><em>duo</em></strong></span> <span class='ocrx_word' id='word_1_66' title='bbox 472 809 538 833; x_wconf 87' lang='lat' dir='ltr'><strong><em>esse</em></strong></span> <span class='ocrx_word' id='word_1_67' title='bbox 551 797 747 836; x_wconf 85' lang='lat' dir='ltr'><strong><em>dicendum,</em></strong></span> <span class='ocrx_word' id='word_1_68' title='bbox 761 797 946 837; x_wconf 83' lang='lat' dir='ltr'><strong><em>propterea</em></strong></span> <span class='ocrx_word' id='word_1_69' title='bbox 960 792 1052 836; x_wconf 80' lang='lat' dir='ltr'><strong><em>quod</em></strong></span> <span class='ocrx_word' id='word_1_70' title='bbox 1058 794 1208 834; x_wconf 84' lang='lat' dir='ltr'><strong><em>utraque</em></strong></span> <span class='ocrx_word' id='word_1_71' title='bbox 1221 799 1348 832; x_wconf 75' lang='lat' dir='ltr'><strong><em>maqna</em></strong></span> 
     </span>
     <span class='ocr_line' id='line_1_10' title="bbox 312 850 1348 898; baseline -0.01 -5"><span class='ocrx_word' id='word_1_72' title='bbox 312 860 514 898; x_wconf 71' lang='lat' dir='ltr'><em>differentia</em></span> <span class='ocrx_word' id='word_1_73' title='bbox 532 857 683 892; x_wconf 66' lang='lat' dir='ltr'><strong><em>distem.-</em></strong></span> <span class='ocrx_word' id='word_1_74' title='bbox 702 857 829 897; x_wconf 79' lang='lat' dir='ltr'><strong><em>quippe</em></strong></span> <span class='ocrx_word' id='word_1_75' title='bbox 849 861 1000 895; x_wconf 81' lang='lat' dir='ltr'><strong><em>quorum</em></strong></span> <span class='ocrx_word' id='word_1_76' title='bbox 1018 852 1171 886; x_wconf 87' lang='lat' dir='ltr'><strong><em>alterum</em></strong></span> <span class='ocrx_word' id='word_1_77' title='bbox 1187 850 1348 884; x_wconf 86' lang='lat' dir='ltr'><strong><em>doctrina</em></strong></span> 
     </span>
     <span class='ocr_line' id='line_1_11' title="bbox 315 912 1349 957; baseline -0.007 -7"><span class='ocrx_word' id='word_1_78' title='bbox 315 919 409 950; x_wconf 82' lang='lat' dir='ltr'><strong><em>nobis</em></strong></span> <span class='ocrx_word' id='word_1_79' title='bbox 429 918 598 957; x_wconf 74' lang='lat' dir='ltr'><strong><em>insinuet,</em></strong></span> <span class='ocrx_word' id='word_1_80' title='bbox 619 916 776 948; x_wconf 86' lang='lat' dir='ltr'><strong><em>alterum</em></strong></span> <span class='ocrx_word' id='word_1_81' title='bbox 796 914 1033 955; x_wconf 77' lang='lat' dir='ltr'><strong><em>persuasionis</em></strong></span> <span class='ocrx_word' id='word_1_82' title='bbox 1053 913 1258 953; x_wconf 75' lang='lat' dir='ltr'><strong><em>assumptio.</em></strong></span> <span class='ocrx_word' id='word_1_83' title='bbox 1305 912 1349 943; x_wconf 85' lang='lat' dir='ltr'><strong><em>Et</em></strong></span> 
     </span>
     <span class='ocr_line' id='line_1_12' title="bbox 313 971 1348 1017; baseline -0.007 -9"><span class='ocrx_word' id='word_1_84' title='bbox 313 977 462 1008; x_wconf 77' lang='lat' dir='ltr'><strong><em>atterum</em></strong></span> <span class='ocrx_word' id='word_1_85' title='bbox 479 975 619 1017; x_wconf 85' lang='lat' dir='ltr'><strong><em>quidem</em></strong></span> <span class='ocrx_word' id='word_1_86' title='bbox 638 982 771 1015; x_wconf 81' lang='lat' dir='ltr'><strong><em>semper</em></strong></span> <span class='ocrx_word' id='word_1_87' title='bbox 788 981 866 1006; x_wconf 88' lang='lat' dir='ltr'><strong><em>cum</em></strong></span> <span class='ocrx_word' id='word_1_88' title='bbox 881 974 1016 1005; x_wconf 85' lang='lat' dir='ltr'><strong><em>ratione</em></strong></span> <span class='ocrx_word' id='word_1_89' title='bbox 1032 980 1112 1005; x_wconf 83' lang='lat' dir='ltr'><strong><em>vera</em></strong></span> <span class='ocrx_word' id='word_1_90' title='bbox 1131 981 1143 1004; x_wconf 88' lang='lat'><strong><em>.·</em></strong></span> <span class='ocrx_word' id='word_1_91' title='bbox 1154 978 1260 1012; x_wconf 87' lang='lat' dir='ltr'><strong><em>porro</em></strong></span> <span class='ocrx_word' id='word_1_92' title='bbox 1273 971 1348 1002; x_wconf 83' lang='lat' dir='ltr'><strong><em>sine</em></strong></span> 
     </span>
     <span class='ocr_line' id='line_1_13' title="bbox 311 1027 1347 1067; baseline -0.006 -1"><span class='ocrx_word' id='word_1_93' title='bbox 311 1035 386 1067; x_wconf 81' lang='lat' dir='ltr'><strong><em>utta</em></strong></span> <span class='ocrx_word' id='word_1_94' title='bbox 416 1036 552 1066; x_wconf 82' lang='lat' dir='ltr'><strong><em>ratione</em></strong></span> <span class='ocrx_word' id='word_1_95' title='bbox 584 1034 748 1066; x_wconf 87' lang='lat' dir='ltr'><strong><em>alterum.</em></strong></span> <span class='ocrx_word' id='word_1_96' title='bbox 794 1034 883 1065; x_wconf 84' lang='lat' dir='ltr'><strong><em>Item</em></strong></span> <span class='ocrx_word' id='word_1_97' title='bbox 918 1031 1072 1064; x_wconf 86' lang='lat' dir='ltr'><strong><em>alterum</em></strong></span> <span class='ocrx_word' id='word_1_98' title='bbox 1095 1037 1216 1063; x_wconf 83' lang='lat' dir='ltr'><strong><em>eorum</em></strong></span> <span class='ocrx_word' id='word_1_99' title='bbox 1245 1027 1347 1061; x_wconf 84' lang='lat' dir='ltr'><strong><em>nulla</em></strong></span> 
     </span>
     <span class='ocr_line' id='line_1_14' title="bbox 309 1088 1347 1134; baseline -0.006 -10"><span class='ocrx_word' id='word_1_100' title='bbox 309 1094 529 1134; x_wconf 78' lang='lat' dir='ltr'><strong><em>persuasione</em></strong></span> <span class='ocrx_word' id='word_1_101' title='bbox 540 1090 792 1124; x_wconf 79' lang='lat' dir='ltr'><strong><em>transducibile</em></strong></span> <span class='ocrx_word' id='word_1_102' title='bbox 809 1099 821 1123; x_wconf 89' lang='lat'>:</span> <span class='ocrx_word' id='word_1_103' title='bbox 839 1090 996 1122; x_wconf 87' lang='lat' dir='ltr'><strong><em>alterum</em></strong></span> <span class='ocrx_word' id='word_1_104' title='bbox 1017 1090 1148 1122; x_wconf 82' lang='lat' dir='ltr'><strong><em>nutans</em></strong></span> <span class='ocrx_word' id='word_1_105' title='bbox 1162 1088 1347 1120; x_wconf 85' lang='lat' dir='ltr'><strong><em>incertum-</em></strong></span> 
     </span>
     <span class='ocr_line' id='line_1_15' title="bbox 309 1147 1348 1192; baseline -0.005 -9"><span class='ocrx_word' id='word_1_106' title='bbox 309 1160 372 1192; x_wconf 80' lang='lat' dir='ltr'><strong><em>que</em></strong></span> <span class='ocrx_word' id='word_1_107' title='bbox 385 1159 515 1192; x_wconf 83' lang='lat' dir='ltr'><strong><em>semper</em></strong></span> <span class='ocrx_word' id='word_1_108' title='bbox 530 1152 562 1183; x_wconf 91' lang='lat' dir='ltr'><strong><em>et</em></strong></span> <span class='ocrx_word' id='word_1_109' title='bbox 575 1149 777 1183; x_wconf 79' lang='lat' dir='ltr'><strong><em>derivabile.</em></strong></span> <span class='ocrx_word' id='word_1_110' title='bbox 822 1147 939 1186; x_wconf 83' lang='lat' dir='ltr'><strong><em>Quid?</em></strong></span> <span class='ocrx_word' id='word_1_111' title='bbox 955 1147 1047 1190; x_wconf 82' lang='lat' dir='ltr'><strong><em>quod</em></strong></span> <span class='ocrx_word' id='word_1_112' title='bbox 1064 1148 1163 1180; x_wconf 77' lang='lat' dir='ltr'><strong><em>reccoe</em></strong></span> <span class='ocrx_word' id='word_1_113' title='bbox 1178 1148 1348 1188; x_wconf 76' lang='lat' dir='ltr'><strong><em>opinionis</em></strong></span> 
     </span>
     <span class='ocr_line' id='line_1_16' title="bbox 309 1206 1347 1250; baseline -0.004 -8"><span class='ocrx_word' id='word_1_114' title='bbox 309 1212 418 1242; x_wconf 89' lang='lat' dir='ltr'><strong><em>omnis</em></strong></span> <span class='ocrx_word' id='word_1_115' title='bbox 442 1209 540 1242; x_wconf 80' lang='lat' dir='ltr'><strong><em>homo</em></strong></span> <span class='ocrx_word' id='word_1_116' title='bbox 555 1210 730 1250; x_wconf 80' lang='lat' dir='ltr'><strong><em>particeps</em></strong></span> <span class='ocrx_word' id='word_1_117' title='bbox 751 1217 762 1241; x_wconf 85' lang='grc'><strong><em>.-</em></strong></span> <span class='ocrx_word' id='word_1_118' title='bbox 783 1207 983 1241; x_wconf 83' lang='lat' dir='ltr'><strong><em>intellectus</em></strong></span> <span class='ocrx_word' id='word_1_119' title='bbox 1001 1215 1081 1240; x_wconf 87' lang='lat' dir='ltr'><strong><em>vero</em></strong></span> <span class='ocrx_word' id='word_1_120' title='bbox 1100 1207 1165 1239; x_wconf 88' lang='lat' dir='ltr'><strong><em>Dei</em></strong></span> <span class='ocrx_word' id='word_1_121' title='bbox 1181 1206 1347 1247; x_wconf 76' lang='lat' dir='ltr'><strong><em>proprius</em></strong></span> 
     </span>
     <span class='ocr_line' id='line_1_17' title="bbox 307 1260 1117 1310; baseline -0.002 -10"><span class='ocrx_word' id='word_1_122' title='bbox 307 1272 341 1302; x_wconf 86' lang='lat' dir='ltr'><strong><em>et</em></strong></span> <span class='ocrx_word' id='word_1_123' title='bbox 356 1277 545 1310; x_wconf 85' lang='lat' dir='ltr'><strong><em>paucorum</em></strong></span> <span class='ocrx_word' id='word_1_124' title='bbox 564 1267 752 1300; x_wconf 84' lang='lat' dir='ltr'><strong><em>admodum</em></strong></span> <span class='ocrx_word' id='word_1_125' title='bbox 764 1260 937 1300; x_wconf 64' lang='lat' dir='ltr'><strong><em>&gt;lectorum</em></strong></span> <span class='ocrx_word' id='word_1_126' title='bbox 951 1267 1117 1298; x_wconf 84' lang='lat' dir='ltr'><strong><em>virorum.</em></strong></span> 
     </span>
    </p>

    <p class='ocr_par' dir='ltr' id='par_1_4' title="bbox 303 1323 1348 2009">
     <span class='ocr_line' id='line_1_18' title="bbox 349 1323 1346 1365; baseline -0.003 -7"><span class='ocrx_word' id='word_1_127' title='bbox 349 1326 581 1365; x_wconf 82' lang='lat' dir='ltr'><strong><em>Quadritariam</em></strong></span> <span class='ocrx_word' id='word_1_128' title='bbox 600 1325 715 1358; x_wconf 83' lang='lat' dir='ltr'><strong><em>dividit</em></strong></span> <span class='ocrx_word' id='word_1_129' title='bbox 732 1325 913 1358; x_wconf 87' lang='lat' dir='ltr'><strong><em>intellectus</em></strong></span> <span class='ocrx_word' id='word_1_130' title='bbox 943 1323 1169 1365; x_wconf 85' lang='lat' dir='ltr'><strong><em>opinionisque</em></strong></span> <span class='ocrx_word' id='word_1_131' title='bbox 1195 1323 1346 1356; x_wconf 79' lang='lat' dir='ltr'><strong><em>disseren-</em></strong></span> 
     </span>
     <span class='ocr_line' id='line_1_19' title="bbox 306 1382 1347 1425; baseline -0.005 -8"><span class='ocrx_word' id='word_1_132' title='bbox 306 1385 404 1425; x_wconf 79' lang='lat' dir='ltr'><strong><em>tiam,</em></strong></span> <span class='ocrx_word' id='word_1_133' title='bbox 423 1393 497 1417; x_wconf 85' lang='lat' dir='ltr'><strong><em>cum</em></strong></span> <span class='ocrx_word' id='word_1_134' title='bbox 514 1385 608 1416; x_wconf 85' lang='lat' dir='ltr'><strong><em>docet</em></strong></span> <span class='ocrx_word' id='word_1_135' title='bbox 625 1383 762 1417; x_wconf 86' lang='lat' dir='ltr'><strong><em>alterum</em></strong></span> <span class='ocrx_word' id='word_1_136' title='bbox 778 1391 910 1423; x_wconf 87' lang='lat' dir='ltr'><strong><em>eorum,</em></strong></span> <span class='ocrx_word' id='word_1_137' title='bbox 928 1382 962 1414; x_wconf 91' lang='lat' dir='ltr'><strong><em>id</em></strong></span> <span class='ocrx_word' id='word_1_138' title='bbox 981 1383 1031 1415; x_wconf 88' lang='lat' dir='ltr'><strong><em>est</em></strong></span> <span class='ocrx_word' id='word_1_139' title='bbox 1045 1382 1255 1422; x_wconf 88' lang='lat' dir='ltr'><strong><em>intellectum,</em></strong></span> <span class='ocrx_word' id='word_1_140' title='bbox 1276 1389 1347 1422; x_wconf 87' lang='lat' dir='ltr'><strong><em>pro-</em></strong></span> 
     </span>
     <span class='ocr_line' id='line_1_20' title="bbox 309 1439 1348 1484; baseline -0.003 -9"><span class='ocrx_word' id='word_1_141' title='bbox 309 1444 416 1476; x_wconf 82' lang='lat' dir='ltr'><strong><em>venire</em></strong></span> <span class='ocrx_word' id='word_1_142' title='bbox 435 1452 474 1476; x_wconf 79' lang='lat' dir='ltr'><strong><em>ex</em></strong></span> <span class='ocrx_word' id='word_1_143' title='bbox 495 1443 683 1484; x_wconf 75' lang='lat' dir='ltr'><strong><em>disciplina,</em></strong></span> <span class='ocrx_word' id='word_1_144' title='bbox 709 1443 844 1475; x_wconf 88' lang='lat' dir='ltr'><strong><em>alterum</em></strong></span> <span class='ocrx_word' id='word_1_145' title='bbox 867 1441 935 1474; x_wconf 85' lang='lat' dir='ltr'><strong><em>sola</em></strong></span> <span class='ocrx_word' id='word_1_146' title='bbox 964 1441 1180 1483; x_wconf 82' lang='lat' dir='ltr'><strong><em>persuasione.</em></strong></span> <span class='ocrx_word' id='word_1_147' title='bbox 1224 1439 1348 1472; x_wconf 85' lang='lat' dir='ltr'><strong><em>Deinde</em></strong></span> 
     </span>
     <span class='ocr_line' id='line_1_21' title="bbox 305 1498 1346 1542; baseline -0.005 -8"><span class='ocrx_word' id='word_1_148' title='bbox 305 1510 379 1534; x_wconf 87' lang='lat' dir='ltr'><strong><em>cum</em></strong></span> <span class='ocrx_word' id='word_1_149' title='bbox 405 1501 535 1542; x_wconf 86' lang='lat' dir='ltr'><strong><em>asserit,</em></strong></span> <span class='ocrx_word' id='word_1_150' title='bbox 567 1501 704 1533; x_wconf 86' lang='lat' dir='ltr'><strong><em>alterum</em></strong></span> <span class='ocrx_word' id='word_1_151' title='bbox 732 1509 806 1533; x_wconf 92' lang='lat' dir='ltr'><strong><em>cum</em></strong></span> <span class='ocrx_word' id='word_1_152' title='bbox 830 1500 950 1533; x_wconf 82' lang='lat' dir='ltr'><strong><em>ratione</em></strong></span> <span class='ocrx_word' id='word_1_153' title='bbox 970 1508 1057 1540; x_wconf 84' lang='lat' dir='ltr'><strong><em>vera,</em></strong></span> <span class='ocrx_word' id='word_1_154' title='bbox 1090 1507 1184 1540; x_wconf 84' lang='lat' dir='ltr'><strong><em>porro</em></strong></span> <span class='ocrx_word' id='word_1_155' title='bbox 1209 1498 1346 1530; x_wconf 85' lang='lat' dir='ltr'><strong><em>alterum</em></strong></span> 
     </span>
     <span class='ocr_line' id='line_1_22' title="bbox 305 1557 1347 1598; baseline -0.003 -6"><span class='ocrx_word' id='word_1_156' title='bbox 305 1560 371 1593; x_wconf 85' lang='lat' dir='ltr'><strong><em>sine</em></strong></span> <span class='ocrx_word' id='word_1_157' title='bbox 388 1559 519 1592; x_wconf 89' lang='lat' dir='ltr'><strong><em>rationis</em></strong></span> <span class='ocrx_word' id='word_1_158' title='bbox 543 1559 699 1592; x_wconf 86' lang='lat' dir='ltr'><strong><em>examine.</em></strong></span> <span class='ocrx_word' id='word_1_159' title='bbox 744 1559 827 1598; x_wconf 87' lang='lat' dir='ltr'><strong><em>Quid</em></strong></span> <span class='ocrx_word' id='word_1_160' title='bbox 855 1568 930 1592; x_wconf 88' lang='lat' dir='ltr'><strong><em>cum</em></strong></span> <span class='ocrx_word' id='word_1_161' title='bbox 957 1558 1055 1597; x_wconf 85' lang='lat' dir='ltr'><strong><em>dicit,</em></strong></span> <span class='ocrx_word' id='word_1_162' title='bbox 1081 1557 1216 1590; x_wconf 83' lang='lat' dir='ltr'><strong><em>alterum</em></strong></span> <span class='ocrx_word' id='word_1_163' title='bbox 1235 1565 1347 1590; x_wconf 81' lang='lat' dir='ltr'><strong><em>eorum</em></strong></span> 
     </span>
     <span class='ocr_line' id='line_1_23' title="bbox 305 1615 1346 1663; baseline -0.004 -12"><span class='ocrx_word' id='word_1_164' title='bbox 305 1619 383 1651; x_wconf 91' lang='lat' dir='ltr'><strong><em>nulli</em></strong></span> <span class='ocrx_word' id='word_1_165' title='bbox 409 1618 604 1659; x_wconf 76' lang='lat' dir='ltr'><strong><em>persuasioni</em></strong></span> <span class='ocrx_word' id='word_1_166' title='bbox 625 1617 818 1658; x_wconf 81' lang='lat' dir='ltr'><strong><em>derivabile3</em></strong></span> <span class='ocrx_word' id='word_1_167' title='bbox 840 1618 873 1650; x_wconf 88' lang='lat' dir='ltr'><strong><em>et</em></strong></span> <span class='ocrx_word' id='word_1_168' title='bbox 902 1616 942 1649; x_wconf 87' lang='lat' dir='ltr'><strong><em>ad</em></strong></span> <span class='ocrx_word' id='word_1_169' title='bbox 974 1618 1187 1663; x_wconf 83' lang='lat' dir='ltr'><strong><em>postremum,</em></strong></span> <span class='ocrx_word' id='word_1_170' title='bbox 1208 1615 1346 1648; x_wconf 90' lang='lat' dir='ltr'><strong><em>alterum</em></strong></span> 
     </span>
     <span class='ocr_line' id='line_1_24' title="bbox 306 1674 1345 1718; baseline -0.004 -8"><span class='ocrx_word' id='word_1_171' title='bbox 306 1686 439 1716; x_wconf 87' lang='lat' dir='ltr'><strong><em>eorum,</em></strong></span> <span class='ocrx_word' id='word_1_172' title='bbox 468 1677 500 1709; x_wconf 90' lang='lat' dir='ltr'><strong><em>id</em></strong></span> <span class='ocrx_word' id='word_1_173' title='bbox 527 1678 575 1710; x_wconf 85' lang='lat' dir='ltr'><strong><em>est</em></strong></span> <span class='ocrx_word' id='word_1_174' title='bbox 593 1677 718 1718; x_wconf 88' lang='lat' dir='ltr'><strong><em>opinio,</em></strong></span> <span class='ocrx_word' id='word_1_175' title='bbox 745 1677 780 1708; x_wconf 90' lang='lat' dir='ltr'><strong><em>in</em></strong></span> <span class='ocrx_word' id='word_1_176' title='bbox 801 1676 948 1717; x_wconf 86' lang='lat' dir='ltr'><strong><em>quemvis</em></strong></span> <span class='ocrx_word' id='word_1_177' title='bbox 968 1675 1130 1707; x_wconf 88' lang='lat' dir='ltr'><strong><em>hominem</em></strong></span> <span class='ocrx_word' id='word_1_178' title='bbox 1151 1674 1245 1707; x_wconf 86' lang='lat' dir='ltr'><strong><em>cadat</em></strong></span> <span class='ocrx_word' id='word_1_179' title='bbox 1265 1682 1275 1706; x_wconf 74' lang='grc' dir='ltr'>ε</span> <span class='ocrx_word' id='word_1_180' title='bbox 1295 1674 1345 1705; x_wconf 88' lang='lat' dir='ltr'><strong><em>in·</em></strong></span> 
     </span>
     <span class='ocr_line' id='line_1_25' title="bbox 305 1733 1346 1775; baseline -0.005 -6"><span class='ocrx_word' id='word_1_181' title='bbox 305 1736 450 1769; x_wconf 86' lang='lat' dir='ltr'><strong><em>tellectus</em></strong></span> <span class='ocrx_word' id='word_1_182' title='bbox 467 1744 543 1768; x_wconf 81' lang='lat' dir='ltr'><strong><em>vero</em></strong></span> <span class='ocrx_word' id='word_1_183' title='bbox 560 1736 617 1768; x_wconf 90' lang='lat' dir='ltr'><strong><em>Dei</em></strong></span> <span class='ocrx_word' id='word_1_184' title='bbox 634 1735 750 1775; x_wconf 90' lang='lat' dir='ltr'><strong><em>solius,</em></strong></span> <span class='ocrx_word' id='word_1_185' title='bbox 768 1738 800 1768; x_wconf 87' lang='lat' dir='ltr'><strong><em>et</em></strong></span> <span class='ocrx_word' id='word_1_186' title='bbox 825 1743 999 1775; x_wconf 87' lang='lat' dir='ltr'><strong><em>paucorum</em></strong></span> <span class='ocrx_word' id='word_1_187' title='bbox 1021 1733 1195 1766; x_wconf 82' lang='lat' dir='ltr'><strong><em>admodum</em></strong></span> <span class='ocrx_word' id='word_1_188' title='bbox 1211 1733 1255 1765; x_wconf 88' lang='lat' dir='ltr'><strong><em>sit</em></strong></span> <span class='ocrx_word' id='word_1_189' title='bbox 1272 1741 1346 1765; x_wconf 86' lang='lat' dir='ltr'><strong><em>exa-</em></strong></span> 
     </span>
     <span class='ocr_line' id='line_1_26' title="bbox 305 1791 1345 1831; baseline -0.005 -4"><span class='ocrx_word' id='word_1_190' title='bbox 305 1795 499 1827; x_wconf 82' lang='lat' dir='ltr'><strong><em>minatorum</em></strong></span> <span class='ocrx_word' id='word_1_191' title='bbox 528 1794 693 1826; x_wconf 80' lang='lat' dir='ltr'><strong><em>virorum?</em></strong></span> <span class='ocrx_word' id='word_1_192' title='bbox 725 1793 846 1831; x_wconf 86' lang='lat' dir='ltr'><strong><em>Quodsi</em></strong></span> <span class='ocrx_word' id='word_1_193' title='bbox 874 1793 987 1825; x_wconf 85' lang='lat' dir='ltr'><strong><em>borum</em></strong></span> <span class='ocrx_word' id='word_1_194' title='bbox 1009 1795 1097 1824; x_wconf 89' lang='lat' dir='ltr'><strong><em>tanta</em></strong></span> <span class='ocrx_word' id='word_1_195' title='bbox 1123 1792 1174 1824; x_wconf 86' lang='lat' dir='ltr'><strong><em>est</em></strong></span> <span class='ocrx_word' id='word_1_196' title='bbox 1194 1791 1345 1823; x_wconf 68' lang='lat' dir='ltr'><strong><em>disserem-</em></strong></span> 
     </span>
     <span class='ocr_line' id='line_1_27' title="bbox 306 1851 1345 1894; baseline -0.003 -9"><span class='ocrx_word' id='word_1_197' title='bbox 306 1853 366 1893; x_wconf 80' lang='lat' dir='ltr'><strong><em>tia,</em></strong></span> <span class='ocrx_word' id='word_1_198' title='bbox 387 1862 499 1885; x_wconf 87' lang='lat' dir='ltr'><strong><em>eorum</em></strong></span> <span class='ocrx_word' id='word_1_199' title='bbox 519 1852 633 1892; x_wconf 87' lang='lat' dir='ltr'><strong><em>etiam,</em></strong></span> <span class='ocrx_word' id='word_1_200' title='bbox 667 1860 739 1894; x_wconf 75' lang='lat' dir='ltr'><strong><em>quae</em></strong></span> <span class='ocrx_word' id='word_1_201' title='bbox 770 1851 963 1884; x_wconf 85' lang='lat' dir='ltr'><strong><em>comitantur</em></strong></span> <span class='ocrx_word' id='word_1_202' title='bbox 994 1851 1166 1891; x_wconf 82' lang='lat' dir='ltr'><strong><em>attutrum,</em></strong></span> <span class='ocrx_word' id='word_1_203' title='bbox 1198 1858 1345 1890; x_wconf 85' lang='lat' dir='ltr'><strong><em>magnam</em></strong></span> 
     </span>
     <span class='ocr_line' id='line_1_28' title="bbox 305 1908 1345 1950; baseline -0.005 -6"><span class='ocrx_word' id='word_1_204' title='bbox 305 1919 433 1944; x_wconf 87' lang='lat' dir='ltr'><strong><em>necesse</em></strong></span> <span class='ocrx_word' id='word_1_205' title='bbox 454 1911 501 1944; x_wconf 86' lang='lat' dir='ltr'><strong><em>est</em></strong></span> <span class='ocrx_word' id='word_1_206' title='bbox 520 1919 589 1944; x_wconf 87' lang='lat' dir='ltr'><strong><em>esse</em></strong></span> <span class='ocrx_word' id='word_1_207' title='bbox 609 1910 803 1943; x_wconf 84' lang='lat' dir='ltr'><strong><em>distantiam.</em></strong></span> <span class='ocrx_word' id='word_1_208' title='bbox 847 1910 929 1942; x_wconf 88' lang='lat' dir='ltr'><strong><em>Sunt</em></strong></span> <span class='ocrx_word' id='word_1_209' title='bbox 947 1917 1041 1950; x_wconf 87' lang='lat' dir='ltr'><strong><em>porro</em></strong></span> <span class='ocrx_word' id='word_1_210' title='bbox 1057 1909 1127 1941; x_wconf 84' lang='lat' dir='ltr'><strong><em>haec</em></strong></span> <span class='ocrx_word' id='word_1_211' title='bbox 1154 1908 1345 1949; x_wconf 79' lang='lat' dir='ltr'><strong><em>intelligibile</em></strong></span> 
     </span>
     <span class='ocr_line' id='line_1_29' title="bbox 303 1965 1209 2009; baseline -0.004 -8"><span class='ocrx_word' id='word_1_212' title='bbox 303 1978 419 2009; x_wconf 80' lang='lat' dir='ltr'><strong><em>genus,</em></strong></span> <span class='ocrx_word' id='word_1_213' title='bbox 438 1970 469 2001; x_wconf 90' lang='lat' dir='ltr'><strong><em>et</em></strong></span> <span class='ocrx_word' id='word_1_214' title='bbox 487 1969 562 2001; x_wconf 87' lang='lat' dir='ltr'><strong><em>item</em></strong></span> <span class='ocrx_word' id='word_1_215' title='bbox 581 1967 750 2009; x_wconf 87' lang='lat' dir='ltr'><strong><em>opinabile.</em></strong></span> <span class='ocrx_word' id='word_1_216' title='bbox 794 1967 885 2000; x_wconf 90' lang='lat' dir='ltr'><strong><em>Unde</em></strong></span> <span class='ocrx_word' id='word_1_217' title='bbox 901 1968 986 1999; x_wconf 88' lang='lat' dir='ltr'><strong><em>recte</em></strong></span> <span class='ocrx_word' id='word_1_218' title='bbox 1005 1965 1209 2007; x_wconf 84' lang='lat' dir='ltr'><strong><em>pronuntiat,</em></strong></span> 
     </span>
    </p>

    <p class='ocr_par' dir='ltr' id='par_1_5' title="bbox 305 2025 1344 2303">
     <span class='ocr_line' id='line_1_30' title="bbox 345 2025 1343 2068; baseline -0.002 -9"><span class='ocrx_word' id='word_1_219' title='bbox 345 2028 470 2059; x_wconf 81' lang='grc' dir='ltr'><strong>Τούτων</strong></span> <span class='ocrx_word' id='word_1_220' title='bbox 498 2027 530 2059; x_wconf 85' lang='grc' dir='ltr'><strong><em>δὲ</em></strong></span> <span class='ocrx_word' id='word_1_221' title='bbox 550 2027 647 2063; x_wconf 77' lang='grc' dir='ltr'>οὕτως</span> <span class='ocrx_word' id='word_1_222' title='bbox 675 2027 809 2068; x_wconf 85' lang='grc' dir='ltr'>ἐχόντων</span> <span class='ocrx_word' id='word_1_223' title='bbox 840 2026 1046 2067; x_wconf 83' lang='grc' dir='ltr'>ὁμολογητέον</span> <span class='ocrx_word' id='word_1_224' title='bbox 1074 2026 1105 2057; x_wconf 85' lang='grc' dir='ltr'>ἓν</span> <span class='ocrx_word' id='word_1_225' title='bbox 1126 2025 1180 2066; x_wconf 84' lang='grc' dir='ltr'>μὲν</span> <span class='ocrx_word' id='word_1_226' title='bbox 1207 2025 1285 2056; x_wconf 86' lang='grc' dir='ltr'>εἶναι</span> <span class='ocrx_word' id='word_1_227' title='bbox 1307 2025 1343 2057; x_wconf 85' lang='grc' dir='ltr'><strong><em>τὸ</em></strong></span> 
     </span>
     <span class='ocr_line' id='line_1_31' title="bbox 305 2084 1342 2127; baseline -0.002 -10"><span class='ocrx_word' id='word_1_228' title='bbox 305 2086 386 2117; x_wconf 79' lang='grc' dir='ltr'>κατὰ</span> <span class='ocrx_word' id='word_1_229' title='bbox 406 2086 503 2118; x_wconf 82' lang='grc' dir='ltr'><strong><em>ταύτὰ</em></strong></span> <span class='ocrx_word' id='word_1_230' title='bbox 519 2086 598 2122; x_wconf 82' lang='grc' dir='ltr'>εἶδος</span> <span class='ocrx_word' id='word_1_231' title='bbox 615 2085 686 2127; x_wconf 86' lang='grc' dir='ltr'>ἔχον</span> <span class='ocrx_word' id='word_1_232' title='bbox 697 2109 706 2125; x_wconf 90' lang='grc'>,</span> <span class='ocrx_word' id='word_1_233' title='bbox 724 2085 888 2126; x_wconf 84' lang='grc' dir='ltr'>ἀγέννητον</span> <span class='ocrx_word' id='word_1_234' title='bbox 899 2109 908 2125; x_wconf 93' lang='grc'><em>,</em></span> <span class='ocrx_word' id='word_1_235' title='bbox 931 2086 983 2117; x_wconf 79' lang='grc' dir='ltr'><strong><em>καὶ</em></strong></span> <span class='ocrx_word' id='word_1_236' title='bbox 1002 2085 1172 2126; x_wconf 82' lang='grc' dir='ltr'>ἀνώλεθρον</span> <span class='ocrx_word' id='word_1_237' title='bbox 1183 2109 1191 2124; x_wconf 94' lang='grc'>,</span> <span class='ocrx_word' id='word_1_238' title='bbox 1210 2085 1280 2116; x_wconf 79' lang='grc' dir='ltr'>οὔτε</span> <span class='ocrx_word' id='word_1_239' title='bbox 1298 2084 1342 2120; x_wconf 85' lang='grc' dir='ltr'><strong><em>εἰς</em></strong></span> 
     </span>
     <span class='ocr_line' id='line_1_32' title="bbox 305 2144 1344 2186; baseline -0.002 -10"><span class='ocrx_word' id='word_1_240' title='bbox 305 2145 397 2176; x_wconf 75' lang='grc' dir='ltr'>ἑαυτὸ</span> <span class='ocrx_word' id='word_1_241' title='bbox 428 2144 643 2186; x_wconf 79' lang='grc' dir='ltr'>εἰσδεχόμενον</span> <span class='ocrx_word' id='word_1_242' title='bbox 675 2145 751 2175; x_wconf 83' lang='grc' dir='ltr'>ἄλλο</span> <span class='ocrx_word' id='word_1_243' title='bbox 780 2144 907 2176; x_wconf 82' lang='grc' dir='ltr'>ἄλλοθεν</span> <span class='ocrx_word' id='word_1_244' title='bbox 934 2144 1004 2176; x_wconf 82' lang='grc' dir='ltr'>οὔτε</span> <span class='ocrx_word' id='word_1_245' title='bbox 1033 2144 1108 2176; x_wconf 81' lang='grc' dir='ltr'><strong>αὐτὸ</strong></span> <span class='ocrx_word' id='word_1_246' title='bbox 1128 2144 1170 2179; x_wconf 78' lang='grc' dir='ltr'><strong><em>εἰς</em></strong></span> <span class='ocrx_word' id='word_1_247' title='bbox 1194 2144 1269 2175; x_wconf 79' lang='grc' dir='ltr'>ἄλλο</span> <span class='ocrx_word' id='word_1_248' title='bbox 1291 2154 1344 2174; x_wconf 87' lang='grc' dir='ltr'><strong><em>ποι</em></strong></span> 
     </span>
     <span class='ocr_line' id='line_1_33' title="bbox 305 2201 1344 2243; baseline 0 -10"><span class='ocrx_word' id='word_1_249' title='bbox 305 2202 370 2240; x_wconf 86' lang='grc' dir='ltr'>ἰόν,</span> <span class='ocrx_word' id='word_1_250' title='bbox 393 2202 521 2243; x_wconf 80' lang='grc' dir='ltr'>ἀόρατον</span> <span class='ocrx_word' id='word_1_251' title='bbox 548 2202 581 2234; x_wconf 84' lang='grc' dir='ltr'><strong><em>δὲ</em></strong></span> <span class='ocrx_word' id='word_1_252' title='bbox 602 2203 655 2234; x_wconf 79' lang='grc' dir='ltr'><strong><em>καὶ</em></strong></span> <span class='ocrx_word' id='word_1_253' title='bbox 675 2202 775 2239; x_wconf 80' lang='grc' dir='ltr'>ἄλλως</span> <span class='ocrx_word' id='word_1_254' title='bbox 801 2201 1002 2242; x_wconf 81' lang='grc' dir='ltr'>ἀναίσθητον,</span> <span class='ocrx_word' id='word_1_255' title='bbox 1030 2205 1121 2234; x_wconf 79' lang='grc' dir='ltr'>τοῦτο</span> <span class='ocrx_word' id='word_1_256' title='bbox 1143 2202 1161 2234; x_wconf 86' lang='grc' dir='ltr'><strong>ὃ</strong></span> <span class='ocrx_word' id='word_1_257' title='bbox 1180 2202 1217 2240; x_wconf 83' lang='grc' dir='ltr'><strong><em>δὴ</em></strong></span> <span class='ocrx_word' id='word_1_258' title='bbox 1239 2201 1344 2239; x_wconf 85' lang='grc' dir='ltr'>νόησις</span> 
     </span>
     <span class='ocr_line' id='line_1_34' title="bbox 305 2261 636 2303; baseline -0.003 -12"><span class='ocrx_word' id='word_1_259' title='bbox 305 2261 426 2303; x_wconf 68' lang='grc' dir='ltr'>εἴληχεν</span> <span class='ocrx_word' id='word_1_260' title='bbox 444 2261 636 2293; x_wconf 72' lang='grc' dir='ltr'>ἐπισκοπεῖν.</span> 
     </span>
    </p>

    <p class='ocr_par' dir='ltr' id='par_1_6' title="bbox 306 2319 1344 2479">
     <span class='ocr_line' id='line_1_35' title="bbox 351 2319 1344 2361; baseline -0.001 -10"><span class='ocrx_word' id='word_1_261' title='bbox 351 2321 460 2352; x_wconf 85' lang='lat' dir='ltr'><strong><em>Unam</em></strong></span> <span class='ocrx_word' id='word_1_262' title='bbox 479 2327 548 2352; x_wconf 89' lang='lat' dir='ltr'><strong><em>esse</em></strong></span> <span class='ocrx_word' id='word_1_263' title='bbox 562 2321 708 2361; x_wconf 89' lang='lat' dir='ltr'><strong><em>speciem</em></strong></span> <span class='ocrx_word' id='word_1_264' title='bbox 725 2328 791 2361; x_wconf 87' lang='lat' dir='ltr'><strong><em>per</em></strong></span> <span class='ocrx_word' id='word_1_265' title='bbox 805 2321 1022 2361; x_wconf 84' lang='lat' dir='ltr'><strong><em>semetipsam</em></strong></span> <span class='ocrx_word' id='word_1_266' title='bbox 1033 2342 1043 2358; x_wconf 92' lang='lat'><strong><em>,</em></strong></span> <span class='ocrx_word' id='word_1_267' title='bbox 1065 2319 1140 2351; x_wconf 88' lang='lat' dir='ltr'><strong><em>sine</em></strong></span> <span class='ocrx_word' id='word_1_268' title='bbox 1156 2321 1255 2358; x_wconf 88' lang='lat' dir='ltr'><strong><em>ortu,</em></strong></span> <span class='ocrx_word' id='word_1_269' title='bbox 1269 2320 1344 2351; x_wconf 90' lang='lat' dir='ltr'><strong><em>sine</em></strong></span> 
     </span>
     <span class='ocr_line' id='line_1_36' title="bbox 306 2377 1343 2420; baseline 0.001 -11"><span class='ocrx_word' id='word_1_270' title='bbox 306 2386 426 2410; x_wconf 86' lang='lat' dir='ltr'><strong><em>occasu</em></strong></span> <span class='ocrx_word' id='word_1_271' title='bbox 438 2401 449 2419; x_wconf 90' lang='lat'><strong><em>,</em></strong></span> <span class='ocrx_word' id='word_1_272' title='bbox 467 2386 573 2420; x_wconf 81' lang='lat' dir='ltr'><strong><em>neque</em></strong></span> <span class='ocrx_word' id='word_1_273' title='bbox 588 2378 672 2420; x_wconf 84' lang='lat' dir='ltr'><strong><em>quid</em></strong></span> <span class='ocrx_word' id='word_1_274' title='bbox 688 2380 724 2411; x_wconf 86' lang='lat' dir='ltr'><strong><em>in</em></strong></span> <span class='ocrx_word' id='word_1_275' title='bbox 740 2387 776 2411; x_wconf 91' lang='lat' dir='ltr'><strong><em>se</em></strong></span> <span class='ocrx_word' id='word_1_276' title='bbox 792 2380 1026 2419; x_wconf 81' lang='lat' dir='ltr'><strong><em>recipientem,</em></strong></span> <span class='ocrx_word' id='word_1_277' title='bbox 1045 2386 1106 2411; x_wconf 85' lang='lat' dir='ltr'><strong><em>nec</em></strong></span> <span class='ocrx_word' id='word_1_278' title='bbox 1118 2377 1343 2419; x_wconf 66' lang='lat' dir='ltr'><strong><em>propredien-</em></strong></span> 
     </span>
     <span class='ocr_line' id='line_1_37' title="bbox 308 2437 1076 2479; baseline 0.003 -11"><span class='ocrx_word' id='word_1_279' title='bbox 308 2438 373 2468; x_wconf 86' lang='lat' dir='ltr'><strong><em>tem</em></strong></span> <span class='ocrx_word' id='word_1_280' title='bbox 392 2438 545 2478; x_wconf 89' lang='lat' dir='ltr'><strong><em>uspiam,</em></strong></span> <span class='ocrx_word' id='word_1_281' title='bbox 568 2437 778 2470; x_wconf 85' lang='lat' dir='ltr'><strong><em>invisibilem</em></strong></span> <span class='ocrx_word' id='word_1_282' title='bbox 798 2438 1076 2479; x_wconf 86' lang='lat' dir='ltr'><strong><em>insensilemque.</em></strong></span> 
     </span>
    </p>

    <p class='ocr_par' dir='ltr' id='par_1_7' title="bbox 307 2495 1345 2761">
     <span class='ocr_line' id='line_1_38' title="bbox 347 2495 1342 2538; baseline 0.001 -12"><span class='ocrx_word' id='word_1_283' title='bbox 347 2495 528 2527; x_wconf 81' lang='lat' dir='ltr'><strong><em>Intellectus</em></strong></span> <span class='ocrx_word' id='word_1_284' title='bbox 542 2499 591 2528; x_wconf 87' lang='lat' dir='ltr'><strong><em>est</em></strong></span> <span class='ocrx_word' id='word_1_285' title='bbox 604 2495 735 2536; x_wconf 87' lang='lat' dir='ltr'><strong><em>species,</em></strong></span> <span class='ocrx_word' id='word_1_286' title='bbox 747 2505 819 2537; x_wconf 77' lang='lat' dir='ltr'><strong><em>quae</em></strong></span> <span class='ocrx_word' id='word_1_287' title='bbox 828 2496 904 2529; x_wconf 82' lang='lat' dir='ltr'><strong><em>Idea</em></strong></span> <span class='ocrx_word' id='word_1_288' title='bbox 915 2495 1044 2529; x_wconf 86' lang='lat' dir='ltr'><strong><em>dicitur.</em></strong></span> <span class='ocrx_word' id='word_1_289' title='bbox 1054 2498 1112 2529; x_wconf 90' lang='lat' dir='ltr'><strong><em>Est</em></strong></span> <span class='ocrx_word' id='word_1_290' title='bbox 1126 2496 1220 2538; x_wconf 80' lang='lat' dir='ltr'><strong><em>igitur</em></strong></span> <span class='ocrx_word' id='word_1_291' title='bbox 1230 2504 1342 2529; x_wconf 86' lang='lat' dir='ltr'><strong><em>exem-</em></strong></span> 
     </span>
     <span class='ocr_line' id='line_1_39' title="bbox 309 2555 1345 2596; baseline 0.003 -11"><span class='ocrx_word' id='word_1_292' title='bbox 309 2555 405 2595; x_wconf 84' lang='lat' dir='ltr'><strong><em>plum.</em></strong></span> <span class='ocrx_word' id='word_1_293' title='bbox 449 2555 513 2587; x_wconf 87' lang='lat' dir='ltr'><strong><em>Nec</em></strong></span> <span class='ocrx_word' id='word_1_294' title='bbox 542 2564 637 2595; x_wconf 89' lang='lat' dir='ltr'><strong><em>vero,</em></strong></span> <span class='ocrx_word' id='word_1_295' title='bbox 656 2556 694 2587; x_wconf 90' lang='lat' dir='ltr'><strong><em>ut</em></strong></span> <span class='ocrx_word' id='word_1_296' title='bbox 717 2555 750 2587; x_wconf 90' lang='lat' dir='ltr'><strong><em>in</em></strong></span> <span class='ocrx_word' id='word_1_297' title='bbox 780 2556 999 2596; x_wconf 87' lang='lat' dir='ltr'><strong><em>superioribus</em></strong></span> <span class='ocrx_word' id='word_1_298' title='bbox 1024 2555 1172 2596; x_wconf 87' lang='lat' dir='ltr'><strong><em>dubitat;</em></strong></span> <span class='ocrx_word' id='word_1_299' title='bbox 1197 2565 1237 2589; x_wconf 90' lang='lat' dir='ltr'><strong><em>ne</em></strong></span> <span class='ocrx_word' id='word_1_300' title='bbox 1265 2557 1345 2589; x_wconf 80' lang='lat' dir='ltr'><strong><em>sorte</em></strong></span> 
     </span>
     <span class='ocr_line' id='line_1_40' title="bbox 309 2613 1345 2654; baseline 0.002 -10"><span class='ocrx_word' id='word_1_301' title='bbox 309 2613 425 2644; x_wconf 77' lang='lat' dir='ltr'><strong><em>frustra</em></strong></span> <span class='ocrx_word' id='word_1_302' title='bbox 445 2614 617 2653; x_wconf 83' lang='lat' dir='ltr'><strong><em>praesumat</em></strong></span> <span class='ocrx_word' id='word_1_303' title='bbox 637 2621 708 2645; x_wconf 90' lang='lat' dir='ltr'><strong><em>esse</em></strong></span> <span class='ocrx_word' id='word_1_304' title='bbox 729 2613 956 2654; x_wconf 83' lang='lat' dir='ltr'><strong><em>intelligibilem</em></strong></span> <span class='ocrx_word' id='word_1_305' title='bbox 979 2613 1114 2654; x_wconf 87' lang='lat' dir='ltr'><strong><em>speciem</em></strong></span> <span class='ocrx_word' id='word_1_306' title='bbox 1130 2613 1230 2653; x_wconf 87' lang='lat' dir='ltr'><strong><em>hanc,</em></strong></span> <span class='ocrx_word' id='word_1_307' title='bbox 1252 2613 1345 2653; x_wconf 83' lang='lat' dir='ltr'><strong><em>cujus</em></strong></span> 
     </span>
     <span class='ocr_line' id='line_1_41' title="bbox 307 2670 1343 2714; baseline 0.003 -12"><span class='ocrx_word' id='word_1_308' title='bbox 307 2670 372 2702; x_wconf 87' lang='lat' dir='ltr'><strong><em>sint</em></strong></span> <span class='ocrx_word' id='word_1_309' title='bbox 399 2671 550 2711; x_wconf 83' lang='lat' dir='ltr'><strong><em>imagines</em></strong></span> <span class='ocrx_word' id='word_1_310' title='bbox 579 2671 727 2711; x_wconf 86' lang='lat' dir='ltr'><strong><em>sensiles,</em></strong></span> <span class='ocrx_word' id='word_1_311' title='bbox 756 2679 890 2712; x_wconf 89' lang='lat' dir='ltr'><strong><em>eamque</em></strong></span> <span class='ocrx_word' id='word_1_312' title='bbox 922 2671 1001 2703; x_wconf 85' lang='lat' dir='ltr'><strong><em>nihil</em></strong></span> <span class='ocrx_word' id='word_1_313' title='bbox 1025 2672 1111 2704; x_wconf 88' lang='lat' dir='ltr'><strong><em>aliud</em></strong></span> <span class='ocrx_word' id='word_1_314' title='bbox 1147 2681 1216 2705; x_wconf 88' lang='lat' dir='ltr'><strong><em>esse</em></strong></span> <span class='ocrx_word' id='word_1_315' title='bbox 1246 2681 1343 2714; x_wconf 90' lang='lat' dir='ltr'><strong><em>quam</em></strong></span> 
     </span>
     <span class='ocr_line' id='line_1_42' title="bbox 307 2729 414 2761; baseline 0 -1"><span class='ocrx_word' id='word_1_316' title='bbox 307 2729 414 2761; x_wconf 81' lang='lat' dir='ltr'><strong><em>verba.</em></strong></span> 
     </span>
    </p>

    <p class='ocr_par' dir='ltr' id='par_1_8' title="bbox 308 2787 1347 3531">
     <span class='ocr_line' id='line_1_43' title="bbox 350 2787 1343 2831; baseline 0.004 -12"><span class='ocrx_word' id='word_1_317' title='bbox 350 2788 581 2820; x_wconf 81' lang='lat' dir='ltr'><strong><em>CCCXXXIX.</em></strong></span> <span class='ocrx_word' id='word_1_318' title='bbox 604 2787 642 2820; x_wconf 89' lang='lat' dir='ltr'><strong><em>Id</em></strong></span> <span class='ocrx_word' id='word_1_319' title='bbox 665 2789 770 2820; x_wconf 87' lang='lat' dir='ltr'><strong><em>lamen</em></strong></span> <span class='ocrx_word' id='word_1_320' title='bbox 787 2788 893 2830; x_wconf 89' lang='lat' dir='ltr'><strong><em>ipsum</em></strong></span> <span class='ocrx_word' id='word_1_321' title='bbox 912 2789 1114 2830; x_wconf 81' lang='lat' dir='ltr'><strong><em>syllogisticis</em></strong></span> <span class='ocrx_word' id='word_1_322' title='bbox 1136 2799 1265 2831; x_wconf 84' lang='lat' dir='ltr'><strong><em>quoque</em></strong></span> <span class='ocrx_word' id='word_1_323' title='bbox 1292 2799 1343 2822; x_wconf 81' lang='lat' dir='ltr'><strong><em>ra-</em></strong></span> 
     </span>
     <span class='ocr_line' id='line_1_44' title="bbox 309 2845 1343 2889; baseline 0.005 -13"><span class='ocrx_word' id='word_1_324' title='bbox 309 2845 447 2877; x_wconf 83' lang='lat' dir='ltr'><strong><em>tionibus</em></strong></span> <span class='ocrx_word' id='word_1_325' title='bbox 467 2846 635 2886; x_wconf 84' lang='lat' dir='ltr'><strong><em>explanare</em></strong></span> <span class='ocrx_word' id='word_1_326' title='bbox 662 2855 725 2877; x_wconf 89' lang='lat' dir='ltr'><strong><em>non</em></strong></span> <span class='ocrx_word' id='word_1_327' title='bbox 746 2846 886 2887; x_wconf 85' lang='lat' dir='ltr'><strong><em>dubitat,</em></strong></span> <span class='ocrx_word' id='word_1_328' title='bbox 915 2847 1031 2888; x_wconf 88' lang='lat' dir='ltr'><strong><em>quippe</em></strong></span> <span class='ocrx_word' id='word_1_329' title='bbox 1058 2857 1195 2889; x_wconf 88' lang='lat' dir='ltr'><strong><em>caveus,</em></strong></span> <span class='ocrx_word' id='word_1_330' title='bbox 1223 2858 1263 2882; x_wconf 89' lang='lat' dir='ltr'><strong><em>ne</em></strong></span> <span class='ocrx_word' id='word_1_331' title='bbox 1293 2850 1343 2881; x_wconf 86' lang='lat' dir='ltr'><strong><em>vel</em></strong></span> 
     </span>
     <span class='ocr_line' id='line_1_45' title="bbox 308 2903 1341 2947; baseline 0.005 -13"><span class='ocrx_word' id='word_1_332' title='bbox 308 2903 556 2935; x_wconf 83' lang='lat' dir='ltr'><strong><em>inexaminatum</em></strong></span> <span class='ocrx_word' id='word_1_333' title='bbox 582 2903 754 2944; x_wconf 86' lang='lat' dir='ltr'><strong><em>quidquam</em></strong></span> <span class='ocrx_word' id='word_1_334' title='bbox 782 2904 954 2945; x_wconf 88' lang='lat' dir='ltr'><strong><em>relinquat,</em></strong></span> <span class='ocrx_word' id='word_1_335' title='bbox 972 2906 1022 2938; x_wconf 79' lang='lat' dir='ltr'><strong><em>vel</em></strong></span> <span class='ocrx_word' id='word_1_336' title='bbox 1046 2905 1086 2937; x_wconf 88' lang='lat' dir='ltr'><strong><em>ad</em></strong></span> <span class='ocrx_word' id='word_1_337' title='bbox 1108 2907 1267 2947; x_wconf 82' lang='lat' dir='ltr'><strong><em>prolixum</em></strong></span> <span class='ocrx_word' id='word_1_338' title='bbox 1285 2916 1341 2940; x_wconf 89' lang='lat' dir='ltr'><strong><em>na-</em></strong></span> 
     </span>
     <span class='ocr_line' id='line_1_46' title="bbox 309 2962 1342 3006; baseline 0.006 -13"><span class='ocrx_word' id='word_1_339' title='bbox 309 2964 381 2994; x_wconf 87' lang='lat' dir='ltr'><strong><em>tura</em></strong></span> <span class='ocrx_word' id='word_1_340' title='bbox 411 2970 469 2993; x_wconf 92' lang='lat' dir='ltr'><strong><em>sua</em></strong></span> <span class='ocrx_word' id='word_1_341' title='bbox 499 2963 691 3001; x_wconf 87' lang='lat' dir='ltr'><strong><em>tractatum,</em></strong></span> <span class='ocrx_word' id='word_1_342' title='bbox 720 2962 851 2994; x_wconf 83' lang='lat' dir='ltr'><strong><em>minime</em></strong></span> <span class='ocrx_word' id='word_1_343' title='bbox 881 2963 1040 3003; x_wconf 81' lang='lat' dir='ltr'><strong><em>pertinens</em></strong></span> <span class='ocrx_word' id='word_1_344' title='bbox 1063 2964 1102 2996; x_wconf 86' lang='lat' dir='ltr'><strong><em>ad</em></strong></span> <span class='ocrx_word' id='word_1_345' title='bbox 1134 2967 1342 3006; x_wconf 84' lang='lat' dir='ltr'><strong><em>quaestionem</em></strong></span> 
     </span>
     <span class='ocr_line' id='line_1_47' title="bbox 308 3018 1340 3064; baseline 0.005 -13"><span class='ocrx_word' id='word_1_346' title='bbox 308 3018 479 3051; x_wconf 78' lang='lat' dir='ltr'><strong><em>verborum</em></strong></span> <span class='ocrx_word' id='word_1_347' title='bbox 502 3027 614 3059; x_wconf 86' lang='lat' dir='ltr'><strong><em>agmen</em></strong></span> <span class='ocrx_word' id='word_1_348' title='bbox 633 3019 751 3059; x_wconf 84' lang='lat' dir='ltr'><strong><em>addat,</em></strong></span> <span class='ocrx_word' id='word_1_349' title='bbox 773 3028 903 3051; x_wconf 87' lang='lat' dir='ltr'><strong><em>omnem</em></strong></span> <span class='ocrx_word' id='word_1_350' title='bbox 921 3020 1151 3054; x_wconf 76' lang='lat' dir='ltr'><strong><em>dubitationem</em></strong></span> <span class='ocrx_word' id='word_1_351' title='bbox 1173 3023 1340 3064; x_wconf 85' lang='lat' dir='ltr'><strong><em>syllogisti-</em></strong></span> 
     </span>
     <span class='ocr_line' id='line_1_48' title="bbox 308 3077 1343 3124; baseline 0.005 -14"><span class='ocrx_word' id='word_1_352' title='bbox 308 3077 353 3110; x_wconf 86' lang='lat' dir='ltr'><strong><em>cis</em></strong></span> <span class='ocrx_word' id='word_1_353' title='bbox 383 3077 578 3119; x_wconf 86' lang='lat' dir='ltr'><strong><em>compendiis</em></strong></span> <span class='ocrx_word' id='word_1_354' title='bbox 604 3077 722 3110; x_wconf 86' lang='lat' dir='ltr'><strong><em>dirimit</em></strong></span> <span class='ocrx_word' id='word_1_355' title='bbox 749 3077 849 3110; x_wconf 80' lang='lat' dir='ltr'><strong><em>ductu</em></strong></span> <span class='ocrx_word' id='word_1_356' title='bbox 873 3079 906 3111; x_wconf 86' lang='lat' dir='ltr'><strong><em>et</em></strong></span> <span class='ocrx_word' id='word_1_357' title='bbox 931 3078 981 3110; x_wconf 89' lang='lat' dir='ltr'><strong><em>via</em></strong></span> <span class='ocrx_word' id='word_1_358' title='bbox 1003 3088 1137 3120; x_wconf 84' lang='lat' dir='ltr'><strong><em>pergens</em></strong></span> <span class='ocrx_word' id='word_1_359' title='bbox 1156 3083 1196 3113; x_wconf 89' lang='lat' dir='ltr'><strong><em>ad</em></strong></span> <span class='ocrx_word' id='word_1_360' title='bbox 1215 3083 1343 3124; x_wconf 84' lang='lat' dir='ltr'><strong><em>syllogi-</em></strong></span> 
     </span>
     <span class='ocr_line' id='line_1_49' title="bbox 308 3136 1343 3181; baseline 0.004 -12"><span class='ocrx_word' id='word_1_361' title='bbox 308 3146 428 3169; x_wconf 87' lang='lat' dir='ltr'><strong><em>smum.</em></strong></span> <span class='ocrx_word' id='word_1_362' title='bbox 473 3136 599 3170; x_wconf 86' lang='lat' dir='ltr'><strong><em>Etenim</em></strong></span> <span class='ocrx_word' id='word_1_363' title='bbox 609 3136 690 3169; x_wconf 89' lang='lat' dir='ltr'><strong><em>inter</em></strong></span> <span class='ocrx_word' id='word_1_364' title='bbox 703 3136 927 3177; x_wconf 87' lang='lat' dir='ltr'><strong><em>intelligentem</em></strong></span> <span class='ocrx_word' id='word_1_365' title='bbox 940 3138 972 3169; x_wconf 86' lang='lat' dir='ltr'><strong><em>et</em></strong></span> <span class='ocrx_word' id='word_1_366' title='bbox 985 3137 1061 3170; x_wconf 89' lang='lat' dir='ltr'><strong><em>item</em></strong></span> <span class='ocrx_word' id='word_1_367' title='bbox 1074 3147 1147 3172; x_wconf 86' lang='lat' dir='ltr'><strong><em>vere</em></strong></span> <span class='ocrx_word' id='word_1_368' title='bbox 1159 3140 1343 3181; x_wconf 83' lang='lat' dir='ltr'><strong><em>opinantem</em></strong></span> 
     </span>
     <span class='ocr_line' id='line_1_50' title="bbox 308 3195 1345 3239; baseline 0.005 -12"><span class='ocrx_word' id='word_1_369' title='bbox 308 3195 369 3227; x_wconf 87' lang='lat' dir='ltr'><strong><em>hoc</em></strong></span> <span class='ocrx_word' id='word_1_370' title='bbox 386 3195 533 3237; x_wconf 80' lang='lat' dir='ltr'><strong><em>interest3</em></strong></span> <span class='ocrx_word' id='word_1_371' title='bbox 550 3195 636 3236; x_wconf 89' lang='lat' dir='ltr'><strong><em>quod</em></strong></span> <span class='ocrx_word' id='word_1_372' title='bbox 654 3195 833 3236; x_wconf 82' lang='lat' dir='ltr'><strong><em>intelligens</em></strong></span> <span class='ocrx_word' id='word_1_373' title='bbox 856 3195 952 3228; x_wconf 83' lang='lat' dir='ltr'><strong><em>fidem</em></strong></span> <span class='ocrx_word' id='word_1_374' title='bbox 969 3204 1074 3228; x_wconf 83' lang='lat' dir='ltr'><strong><em>rerum</em></strong></span> <span class='ocrx_word' id='word_1_375' title='bbox 1092 3197 1199 3239; x_wconf 82' lang='lat' dir='ltr'><strong><em>habel,</em></strong></span> <span class='ocrx_word' id='word_1_376' title='bbox 1214 3200 1345 3232; x_wconf 88' lang='lat' dir='ltr'><strong><em>rationis</em></strong></span> 
     </span>
     <span class='ocr_line' id='line_1_51' title="bbox 309 3253 1344 3296; baseline 0.003 -10"><span class='ocrx_word' id='word_1_377' title='bbox 309 3253 455 3295; x_wconf 78' lang='lat' dir='ltr'><strong><em>indagine</em></strong></span> <span class='ocrx_word' id='word_1_378' title='bbox 479 3255 756 3296; x_wconf 85' lang='lat' dir='ltr'><strong><em>comprehensam.</em></strong></span> <span class='ocrx_word' id='word_1_379' title='bbox 803 3255 997 3287; x_wconf 77' lang='lat' dir='ltr'><strong><em>Confirmata</em></strong></span> <span class='ocrx_word' id='word_1_380' title='bbox 1022 3265 1114 3296; x_wconf 82' lang='lat' dir='ltr'><strong><em>porro</em></strong></span> <span class='ocrx_word' id='word_1_381' title='bbox 1137 3258 1216 3289; x_wconf 88' lang='lat' dir='ltr'><strong><em>ratio</em></strong></span> <span class='ocrx_word' id='word_1_382' title='bbox 1240 3258 1274 3289; x_wconf 79' lang='lat' dir='ltr'><strong><em>fit</em></strong></span> <span class='ocrx_word' id='word_1_383' title='bbox 1295 3258 1344 3290; x_wconf 90' lang='lat' dir='ltr'><strong><em>in-</em></strong></span> 
     </span>
     <span class='ocr_line' id='line_1_52' title="bbox 310 3313 1346 3357; baseline 0.004 -12"><span class='ocrx_word' id='word_1_384' title='bbox 310 3313 453 3346; x_wconf 81' lang='lat' dir='ltr'><strong><em>tellectus</em></strong></span> <span class='ocrx_word' id='word_1_385' title='bbox 465 3337 474 3354; x_wconf 92' lang='lat'><strong>‚</strong></span> <span class='ocrx_word' id='word_1_386' title='bbox 489 3313 579 3354; x_wconf 82' lang='lat' dir='ltr'><strong><em>cuius</em></strong></span> <span class='ocrx_word' id='word_1_387' title='bbox 598 3313 731 3347; x_wconf 89' lang='lat' dir='ltr'><strong><em>scientia</em></strong></span> <span class='ocrx_word' id='word_1_388' title='bbox 746 3314 814 3354; x_wconf 89' lang='lat' dir='ltr'><strong><em>est,</em></strong></span> <span class='ocrx_word' id='word_1_389' title='bbox 833 3313 1007 3355; x_wconf 86' lang='lat' dir='ltr'><strong><em>eademque</em></strong></span> <span class='ocrx_word' id='word_1_390' title='bbox 1026 3315 1191 3355; x_wconf 81' lang='lat' dir='ltr'><strong><em>sapientia.</em></strong></span> <span class='ocrx_word' id='word_1_391' title='bbox 1235 3317 1346 3357; x_wconf 88' lang='lat' dir='ltr'><strong><em>Itaque</em></strong></span> 
     </span>
     <span class='ocr_line' id='line_1_53' title="bbox 312 3370 1345 3414; baseline 0.004 -12"><span class='ocrx_word' id='word_1_392' title='bbox 312 3370 502 3412; x_wconf 83' lang='lat' dir='ltr'><strong><em>intelligens,</em></strong></span> <span class='ocrx_word' id='word_1_393' title='bbox 521 3374 557 3404; x_wconf 89' lang='lat' dir='ltr'><strong><em>ut</em></strong></span> <span class='ocrx_word' id='word_1_394' title='bbox 573 3373 628 3413; x_wconf 87' lang='lat' dir='ltr'><strong><em>qui</em></strong></span> <span class='ocrx_word' id='word_1_395' title='bbox 648 3374 732 3405; x_wconf 84' lang='lat' dir='ltr'><strong><em>recte</em></strong></span> <span class='ocrx_word' id='word_1_396' title='bbox 748 3373 826 3405; x_wconf 84' lang='lat' dir='ltr'><strong><em>sciat</em></strong></span> <span class='ocrx_word' id='word_1_397' title='bbox 842 3372 927 3413; x_wconf 88' lang='lat' dir='ltr'><strong><em>quod</em></strong></span> <span class='ocrx_word' id='word_1_398' title='bbox 941 3372 1103 3414; x_wconf 84' lang='lat' dir='ltr'><strong><em>iutelligit,</em></strong></span> <span class='ocrx_word' id='word_1_399' title='bbox 1118 3382 1221 3414; x_wconf 87' lang='lat' dir='ltr'><strong><em>neque</em></strong></span> <span class='ocrx_word' id='word_1_400' title='bbox 1235 3374 1345 3406; x_wconf 85' lang='lat' dir='ltr'><strong><em>verisi-</em></strong></span> 
     </span>
     <span class='ocr_line' id='line_1_54' title="bbox 311 3427 1347 3472; baseline 0.004 -13"><span class='ocrx_word' id='word_1_401' title='bbox 311 3427 440 3460; x_wconf 88' lang='lat' dir='ltr'><strong><em>milibus</em></strong></span> <span class='ocrx_word' id='word_1_402' title='bbox 471 3429 726 3469; x_wconf 83' lang='lat' dir='ltr'><strong><em>persuasionibus</em></strong></span> <span class='ocrx_word' id='word_1_403' title='bbox 755 3429 906 3462; x_wconf 84' lang='lat' dir='ltr'><strong><em>inductus</em></strong></span> <span class='ocrx_word' id='word_1_404' title='bbox 933 3431 1038 3462; x_wconf 90' lang='lat' dir='ltr'><strong><em>mutat</em></strong></span> <span class='ocrx_word' id='word_1_405' title='bbox 1067 3431 1278 3472; x_wconf 79' lang='lat' dir='ltr'><strong><em>sententiam3</em></strong></span> <span class='ocrx_word' id='word_1_406' title='bbox 1314 3433 1347 3464; x_wconf 84' lang='lat' dir='ltr'><strong><em>et</em></strong></span> 
     </span>
     <span class='ocr_line' id='line_1_55' title="bbox 312 3486 1343 3531; baseline 0.005 -13"><span class='ocrx_word' id='word_1_407' title='bbox 312 3486 426 3529; x_wconf 75' lang='lat' dir='ltr'><strong><em>potest,</em></strong></span> <span class='ocrx_word' id='word_1_408' title='bbox 445 3488 482 3520; x_wconf 84' lang='lat' dir='ltr'><strong><em>ut</em></strong></span> <span class='ocrx_word' id='word_1_409' title='bbox 503 3487 601 3529; x_wconf 85' lang='lat' dir='ltr'><strong><em>seius,</em></strong></span> <span class='ocrx_word' id='word_1_410' title='bbox 622 3491 772 3529; x_wconf 79' lang='lat' dir='ltr'><strong><em>praestare</em></strong></span> <span class='ocrx_word' id='word_1_411' title='bbox 791 3488 945 3523; x_wconf 86' lang='lat' dir='ltr'><strong><em>rationem</em></strong></span> <span class='ocrx_word' id='word_1_412' title='bbox 958 3488 1003 3523; x_wconf 88' lang='lat' dir='ltr'><strong><em>rei</em></strong></span> <span class='ocrx_word' id='word_1_413' title='bbox 1023 3490 1271 3531; x_wconf 79' lang='lat' dir='ltr'><strong><em>comprehensae.</em></strong></span> <span class='ocrx_word' id='word_1_414' title='bbox 1302 3493 1343 3525; x_wconf 78' lang='lat' dir='ltr'><strong><em>At</em></strong></span> 
     </span>
    </p>
   </div>
   <div class='ocr_carea' id='block_1_3' title="bbox 1407 372 2456 1312">
    <p class='ocr_par' dir='ltr' id='par_1_9' title="bbox 1407 372 2456 1245">
     <span class='ocr_line' id='line_1_56' title="bbox 1411 372 2451 419; baseline -0.002 -9"><span class='ocrx_word' id='word_1_415' title='bbox 1411 386 1512 417; x_wconf 84' lang='lat' dir='ltr'><strong><em>vero,</em></strong></span> <span class='ocrx_word' id='word_1_416' title='bbox 1535 376 1591 419; x_wconf 90' lang='lat' dir='ltr'><strong><em>qui</em></strong></span> <span class='ocrx_word' id='word_1_417' title='bbox 1620 385 1694 408; x_wconf 88' lang='lat' dir='ltr'><strong><em>vere</em></strong></span> <span class='ocrx_word' id='word_1_418' title='bbox 1723 374 1885 417; x_wconf 85' lang='lat' dir='ltr'><strong><em>opinatur,</em></strong></span> <span class='ocrx_word' id='word_1_419' title='bbox 1918 372 2027 415; x_wconf 78' lang='lat' dir='ltr'><strong><em>utqui</em></strong></span> <span class='ocrx_word' id='word_1_420' title='bbox 2056 373 2125 407; x_wconf 76' lang='lat' dir='ltr'><strong><em>sola</em></strong></span> <span class='ocrx_word' id='word_1_421' title='bbox 2155 373 2272 407; x_wconf 78' lang='lat' dir='ltr'><strong><em>mentis</em></strong></span> <span class='ocrx_word' id='word_1_422' title='bbox 2297 373 2451 416; x_wconf 69' lang='lat' dir='ltr'><strong><em>elegantia</em></strong></span> 
     </span>
     <span class='ocr_line' id='line_1_57' title="bbox 1410 432 2452 476; baseline -0.002 -8"><span class='ocrx_word' id='word_1_423' title='bbox 1410 436 1540 476; x_wconf 87' lang='lat' dir='ltr'><strong><em>nitatur,</em></strong></span> <span class='ocrx_word' id='word_1_424' title='bbox 1561 435 1628 468; x_wconf 87' lang='lat' dir='ltr'><strong><em>sine</em></strong></span> <span class='ocrx_word' id='word_1_425' title='bbox 1646 434 1770 467; x_wconf 84' lang='lat' dir='ltr'><strong><em>ratione</em></strong></span> <span class='ocrx_word' id='word_1_426' title='bbox 1782 458 1791 473; x_wconf 92' lang='lat'><strong><em>,</em></strong></span> <span class='ocrx_word' id='word_1_427' title='bbox 1819 441 1858 465; x_wconf 86' lang='lat' dir='ltr'><strong><em>ac</em></strong></span> <span class='ocrx_word' id='word_1_428' title='bbox 1876 432 2063 474; x_wconf 83' lang='lat' dir='ltr'><strong><em>disciplina,</em></strong></span> <span class='ocrx_word' id='word_1_429' title='bbox 2081 441 2186 475; x_wconf 85' lang='lat' dir='ltr'><strong><em>neque</em></strong></span> <span class='ocrx_word' id='word_1_430' title='bbox 2202 433 2375 474; x_wconf 77' lang='lat' dir='ltr'><strong><em>rationem,</em></strong></span> <span class='ocrx_word' id='word_1_431' title='bbox 2393 441 2452 467; x_wconf 82' lang='lat' dir='ltr'><strong><em>cur</em></strong></span> 
     </span>
     <span class='ocr_line' id='line_1_58' title="bbox 1410 490 2450 535; baseline -0.002 -9"><span class='ocrx_word' id='word_1_432' title='bbox 1410 494 1454 527; x_wconf 76' lang='lat' dir='ltr'><strong><em>ita</em></strong></span> <span class='ocrx_word' id='word_1_433' title='bbox 1473 494 1630 535; x_wconf 86' lang='lat' dir='ltr'><strong><em>opinetur,</em></strong></span> <span class='ocrx_word' id='word_1_434' title='bbox 1649 494 1803 534; x_wconf 79' lang='lat' dir='ltr'><strong><em>praestare</em></strong></span> <span class='ocrx_word' id='word_1_435' title='bbox 1820 492 1947 532; x_wconf 82' lang='lat' dir='ltr'><strong><em>potest,</em></strong></span> <span class='ocrx_word' id='word_1_436' title='bbox 1962 491 1994 523; x_wconf 89' lang='lat' dir='ltr'><strong><em>et</em></strong></span> <span class='ocrx_word' id='word_1_437' title='bbox 2017 490 2104 524; x_wconf 75' lang='lat' dir='ltr'><strong><em>salsis</em></strong></span> <span class='ocrx_word' id='word_1_438' title='bbox 2129 491 2299 534; x_wconf 79' lang='lat' dir='ltr'><strong><em>aliquando</em></strong></span> <span class='ocrx_word' id='word_1_439' title='bbox 2319 499 2450 533; x_wconf 74' lang='lat' dir='ltr'><strong><em>persue-</em></strong></span> 
     </span>
     <span class='ocr_line' id='line_1_59' title="bbox 1410 550 2452 595; baseline -0.003 -8"><span class='ocrx_word' id='word_1_440' title='bbox 1410 554 1554 587; x_wconf 77' lang='lat' dir='ltr'><strong><em>sionibus</em></strong></span> <span class='ocrx_word' id='word_1_441' title='bbox 1572 555 1686 595; x_wconf 83' lang='lat' dir='ltr'><strong><em>captus</em></strong></span> <span class='ocrx_word' id='word_1_442' title='bbox 1708 554 1813 585; x_wconf 80' lang='lat' dir='ltr'><strong><em>mutat</em></strong></span> <span class='ocrx_word' id='word_1_443' title='bbox 1833 550 2025 584; x_wconf 84' lang='lat' dir='ltr'><strong><em>sententiam</em></strong></span> <span class='ocrx_word' id='word_1_444' title='bbox 2036 575 2046 592; x_wconf 91' lang='lat'><strong><em>,</em></strong></span> <span class='ocrx_word' id='word_1_445' title='bbox 2063 553 2198 592; x_wconf 77' lang='lat' dir='ltr'><strong><em>nutans,</em></strong></span> <span class='ocrx_word' id='word_1_446' title='bbox 2214 555 2247 586; x_wconf 87' lang='lat' dir='ltr'><strong><em>et</em></strong></span> <span class='ocrx_word' id='word_1_447' title='bbox 2265 551 2452 593; x_wconf 72' lang='lat' dir='ltr'><strong><em>ambiguus,</em></strong></span> 
     </span>
     <span class='ocr_line' id='line_1_60' title="bbox 1410 610 2453 655; baseline -0.003 -9"><span class='ocrx_word' id='word_1_448' title='bbox 1410 614 1447 646; x_wconf 90' lang='lat' dir='ltr'><strong><em>ut</em></strong></span> <span class='ocrx_word' id='word_1_449' title='bbox 1467 622 1565 655; x_wconf 89' lang='lat' dir='ltr'><strong><em>quem</em></strong></span> <span class='ocrx_word' id='word_1_450' title='bbox 1588 613 1676 644; x_wconf 88' lang='lat' dir='ltr'><strong><em>nulla</em></strong></span> <span class='ocrx_word' id='word_1_451' title='bbox 1695 611 1817 644; x_wconf 83' lang='lat' dir='ltr'><strong><em>stabilis</em></strong></span> <span class='ocrx_word' id='word_1_452' title='bbox 1833 610 1914 643; x_wconf 85' lang='lat' dir='ltr'><strong><em>ratio</em></strong></span> <span class='ocrx_word' id='word_1_453' title='bbox 1933 611 2103 644; x_wconf 85' lang='lat' dir='ltr'><strong><em>sustentet.</em></strong></span> <span class='ocrx_word' id='word_1_454' title='bbox 2149 612 2260 653; x_wconf 75' lang='lat' dir='ltr'><strong><em>ltaque</em></strong></span> <span class='ocrx_word' id='word_1_455' title='bbox 2276 611 2368 644; x_wconf 82' lang='lat' dir='ltr'><strong><em>Plato</em></strong></span> <span class='ocrx_word' id='word_1_456' title='bbox 2385 610 2453 652; x_wconf 73' lang='lat' dir='ltr'><strong><em>syl·</em></strong></span> 
     </span>
     <span class='ocr_line' id='line_1_61' title="bbox 1410 668 2452 713; baseline -0.003 -8"><span class='ocrx_word' id='word_1_457' title='bbox 1410 672 1563 713; x_wconf 83' lang='lat' dir='ltr'><strong><em>logisticae</em></strong></span> <span class='ocrx_word' id='word_1_458' title='bbox 1573 671 1704 704; x_wconf 86' lang='lat' dir='ltr'><strong><em>rationis</em></strong></span> <span class='ocrx_word' id='word_1_459' title='bbox 1713 669 1884 703; x_wconf 76' lang='lat' dir='ltr'><strong><em>formulam</em></strong></span> <span class='ocrx_word' id='word_1_460' title='bbox 1895 669 2047 712; x_wconf 79' lang='lat' dir='ltr'><strong><em>exprimit</em></strong></span> <span class='ocrx_word' id='word_1_461' title='bbox 2060 670 2167 703; x_wconf 84' lang='lat' dir='ltr'><strong><em>talem.</em></strong></span> <span class='ocrx_word' id='word_1_462' title='bbox 2211 669 2245 703; x_wconf 88' lang='lat' dir='ltr'><strong><em>Si</em></strong></span> <span class='ocrx_word' id='word_1_463' title='bbox 2261 668 2452 711; x_wconf 77' lang='lat' dir='ltr'><strong><em>intellectus,</em></strong></span> 
     </span>
     <span class='ocr_line' id='line_1_62' title="bbox 1410 723 2454 772; baseline -0.003 -8"><span class='ocrx_word' id='word_1_464' title='bbox 1410 733 1442 764; x_wconf 86' lang='lat' dir='ltr'><strong><em>ct</em></strong></span> <span class='ocrx_word' id='word_1_465' title='bbox 1459 739 1535 763; x_wconf 85' lang='lat' dir='ltr'><strong><em>vera</em></strong></span> <span class='ocrx_word' id='word_1_466' title='bbox 1558 730 1666 772; x_wconf 89' lang='lat' dir='ltr'><strong><em>opinio</em></strong></span> <span class='ocrx_word' id='word_1_467' title='bbox 1679 752 1689 771; x_wconf 85' lang='lat'><strong><em>‚</em></strong></span> <span class='ocrx_word' id='word_1_468' title='bbox 1716 738 1781 762; x_wconf 88' lang='lat' dir='ltr'><strong><em>una</em></strong></span> <span class='ocrx_word' id='word_1_469' title='bbox 1808 738 1860 762; x_wconf 82' lang='lat' dir='ltr'><strong><em>res</em></strong></span> <span class='ocrx_word' id='word_1_470' title='bbox 1875 730 1943 771; x_wconf 74' lang='lat' dir='ltr'><strong><em>est3</em></strong></span> <span class='ocrx_word' id='word_1_471' title='bbox 1964 730 2089 770; x_wconf 84' lang='lat' dir='ltr'><strong><em>omnia,</em></strong></span> <span class='ocrx_word' id='word_1_472' title='bbox 2110 737 2184 770; x_wconf 82' lang='lat' dir='ltr'><strong><em>quoe</em></strong></span> <span class='ocrx_word' id='word_1_473' title='bbox 2206 723 2340 770; x_wconf 83' lang='lat' dir='ltr'><strong><em>corpo&#39;re</em></strong></span> <span class='ocrx_word' id='word_1_474' title='bbox 2353 728 2454 762; x_wconf 69' lang='lat' dir='ltr'><strong><em>tenti-</em></strong></span> 
     </span>
     <span class='ocr_line' id='line_1_63' title="bbox 1410 786 2454 831; baseline -0.002 -9"><span class='ocrx_word' id='word_1_475' title='bbox 1410 798 1506 831; x_wconf 90' lang='lat' dir='ltr'><strong><em>mus,</em></strong></span> <span class='ocrx_word' id='word_1_476' title='bbox 1526 792 1613 822; x_wconf 82' lang='lat' dir='ltr'><strong><em>certa</em></strong></span> <span class='ocrx_word' id='word_1_477' title='bbox 1630 792 1705 821; x_wconf 77' lang='lat' dir='ltr'><strong><em>sunt</em></strong></span> <span class='ocrx_word' id='word_1_478' title='bbox 1722 797 1731 821; x_wconf 72' lang='grc' dir='ltr'>ε</span> <span class='ocrx_word' id='word_1_479' title='bbox 1752 789 1877 830; x_wconf 85' lang='lat' dir='ltr'><strong><em>eritque</em></strong></span> <span class='ocrx_word' id='word_1_480' title='bbox 1891 797 2002 822; x_wconf 86' lang='lat' dir='ltr'><strong><em>eorum</em></strong></span> <span class='ocrx_word' id='word_1_481' title='bbox 2016 787 2234 821; x_wconf 74' lang='lat' dir='ltr'><strong><em>indubitabilis</em></strong></span> <span class='ocrx_word' id='word_1_482' title='bbox 2251 786 2379 821; x_wconf 71' lang='lat' dir='ltr'><strong><em>veritae.</em></strong></span> <span class='ocrx_word' id='word_1_483' title='bbox 2419 787 2454 820; x_wconf 82' lang='lat' dir='ltr'><strong><em>si</em></strong></span> 
     </span>
     <span class='ocr_line' id='line_1_64' title="bbox 1410 846 2455 890; baseline -0.003 -8"><span class='ocrx_word' id='word_1_484' title='bbox 1410 850 1517 882; x_wconf 88' lang='lat' dir='ltr'><strong><em>autem</em></strong></span> <span class='ocrx_word' id='word_1_485' title='bbox 1544 857 1620 881; x_wconf 88' lang='lat' dir='ltr'><strong><em>vera</em></strong></span> <span class='ocrx_word' id='word_1_486' title='bbox 1641 847 1750 890; x_wconf 90' lang='lat' dir='ltr'><strong><em>opinio</em></strong></span> <span class='ocrx_word' id='word_1_487' title='bbox 1775 847 1884 881; x_wconf 79' lang='lat' dir='ltr'><strong><em>minus</em></strong></span> <span class='ocrx_word' id='word_1_488' title='bbox 1911 846 2029 890; x_wconf 82' lang='lat' dir='ltr'><strong><em>babet,</em></strong></span> <span class='ocrx_word' id='word_1_489' title='bbox 2048 848 2145 889; x_wconf 87' lang='lat' dir='ltr'><strong><em>atque</em></strong></span> <span class='ocrx_word' id='word_1_490' title='bbox 2168 846 2369 887; x_wconf 74' lang='lat' dir='ltr'><strong><em>intellectus,</em></strong></span> <span class='ocrx_word' id='word_1_491' title='bbox 2390 854 2455 879; x_wconf 83' lang='lat' dir='ltr'><strong><em>uon</em></strong></span> 
     </span>
     <span class='ocr_line' id='line_1_65' title="bbox 1409 905 2456 949; baseline -0.002 -9"><span class='ocrx_word' id='word_1_492' title='bbox 1409 916 1475 940; x_wconf 91' lang='lat' dir='ltr'><strong><em>una</em></strong></span> <span class='ocrx_word' id='word_1_493' title='bbox 1502 908 1600 949; x_wconf 89' lang='lat' dir='ltr'><strong><em>atque</em></strong></span> <span class='ocrx_word' id='word_1_494' title='bbox 1631 906 1744 940; x_wconf 86' lang='lat' dir='ltr'><strong><em>eadem</em></strong></span> <span class='ocrx_word' id='word_1_495' title='bbox 1768 915 1822 940; x_wconf 85' lang='lat' dir='ltr'><strong><em>res</em></strong></span> <span class='ocrx_word' id='word_1_496' title='bbox 1843 907 1912 947; x_wconf 89' lang='lat' dir='ltr'><strong><em>est,</em></strong></span> <span class='ocrx_word' id='word_1_497' title='bbox 1942 907 1999 940; x_wconf 85' lang='lat' dir='ltr'><strong><em>sed</em></strong></span> <span class='ocrx_word' id='word_1_498' title='bbox 2023 906 2098 939; x_wconf 77' lang='lat' dir='ltr'><strong><em>duae</em></strong></span> <span class='ocrx_word' id='word_1_499' title='bbox 2128 907 2226 948; x_wconf 86' lang='lat' dir='ltr'><strong><em>atque</em></strong></span> <span class='ocrx_word' id='word_1_500' title='bbox 2245 905 2400 946; x_wconf 73' lang='lat' dir='ltr'><strong><em>diversoe3</em></strong></span> <span class='ocrx_word' id='word_1_501' title='bbox 2422 905 2456 938; x_wconf 82' lang='lat' dir='ltr'><strong><em>et</em></strong></span> 
     </span>
     <span class='ocr_line' id='line_1_66' title="bbox 1408 964 2453 1010; baseline -0.003 -9"><span class='ocrx_word' id='word_1_502' title='bbox 1408 971 1501 1001; x_wconf 86' lang='lat' dir='ltr'><strong><em>erunt</em></strong></span> <span class='ocrx_word' id='word_1_503' title='bbox 1519 968 1581 1001; x_wconf 86' lang='lat' dir='ltr'><strong><em>alia</em></strong></span> <span class='ocrx_word' id='word_1_504' title='bbox 1599 976 1673 1009; x_wconf 82' lang='lat' dir='ltr'><strong><em>quae</em></strong></span> <span class='ocrx_word' id='word_1_505' title='bbox 1690 967 1891 1009; x_wconf 83' lang='lat' dir='ltr'><strong><em>sentiuntur;</em></strong></span> <span class='ocrx_word' id='word_1_506' title='bbox 1917 970 1951 1001; x_wconf 87' lang='lat' dir='ltr'><strong><em>et</em></strong></span> <span class='ocrx_word' id='word_1_507' title='bbox 1974 967 2036 1000; x_wconf 87' lang='lat' dir='ltr'><strong><em>alia</em></strong></span> <span class='ocrx_word' id='word_1_508' title='bbox 2051 976 2125 1010; x_wconf 85' lang='lat' dir='ltr'><strong><em>quae</em></strong></span> <span class='ocrx_word' id='word_1_509' title='bbox 2149 966 2378 1008; x_wconf 80' lang='lat' dir='ltr'><strong><em>intelliguntur.</em></strong></span> <span class='ocrx_word' id='word_1_510' title='bbox 2419 964 2453 999; x_wconf 82' lang='lat' dir='ltr'><strong><em>Si</em></strong></span> 
     </span>
     <span class='ocr_line' id='line_1_67' title="bbox 1407 1023 2454 1068; baseline -0.002 -9"><span class='ocrx_word' id='word_1_511' title='bbox 1407 1027 1535 1060; x_wconf 88' lang='lat' dir='ltr'><strong><em>diversa</em></strong></span> <span class='ocrx_word' id='word_1_512' title='bbox 1548 1029 1623 1059; x_wconf 84' lang='lat' dir='ltr'><strong><em>sunt</em></strong></span> <span class='ocrx_word' id='word_1_513' title='bbox 1633 1051 1642 1067; x_wconf 93' lang='lat'><strong>‚</strong></span> <span class='ocrx_word' id='word_1_514' title='bbox 1657 1035 1730 1068; x_wconf 85' lang='lat' dir='ltr'><strong><em>quac</em></strong></span> <span class='ocrx_word' id='word_1_515' title='bbox 1748 1026 1912 1067; x_wconf 85' lang='lat' dir='ltr'><strong><em>sentiunt,</em></strong></span> <span class='ocrx_word' id='word_1_516' title='bbox 1929 1027 1964 1060; x_wconf 82' lang='lat' dir='ltr'><strong><em>et</em></strong></span> <span class='ocrx_word' id='word_1_517' title='bbox 1978 1034 2054 1068; x_wconf 81' lang='lat' dir='ltr'><strong><em>quae</em></strong></span> <span class='ocrx_word' id='word_1_518' title='bbox 2070 1025 2265 1067; x_wconf 81' lang='lat' dir='ltr'><strong><em>intelligunt,</em></strong></span> <span class='ocrx_word' id='word_1_519' title='bbox 2279 1024 2345 1057; x_wconf 77' lang='lat' dir='ltr'><strong><em>sint</em></strong></span> <span class='ocrx_word' id='word_1_520' title='bbox 2358 1023 2454 1058; x_wconf 80' lang='lat' dir='ltr'><strong><em>intel·</em></strong></span> 
     </span>
     <span class='ocr_line' id='line_1_68' title="bbox 1407 1084 2454 1128; baseline -0.004 -9"><span class='ocrx_word' id='word_1_521' title='bbox 1407 1085 1543 1128; x_wconf 81' lang='lat' dir='ltr'><strong><em>ligibiles</em></strong></span> <span class='ocrx_word' id='word_1_522' title='bbox 1564 1085 1686 1128; x_wconf 88' lang='lat' dir='ltr'><strong><em>species</em></strong></span> <span class='ocrx_word' id='word_1_523' title='bbox 1700 1093 1830 1119; x_wconf 84' lang='lat' dir='ltr'><strong><em>necesse</em></strong></span> <span class='ocrx_word' id='word_1_524' title='bbox 1850 1086 1921 1127; x_wconf 84' lang='lat' dir='ltr'><strong><em>est,</em></strong></span> <span class='ocrx_word' id='word_1_525' title='bbox 1942 1093 2015 1126; x_wconf 82' lang='lat' dir='ltr'><strong><em>quae</em></strong></span> <span class='ocrx_word' id='word_1_526' title='bbox 2030 1085 2116 1117; x_wconf 85' lang='lat' dir='ltr'><strong><em>Ideae</em></strong></span> <span class='ocrx_word' id='word_1_527' title='bbox 2132 1084 2367 1125; x_wconf 83' lang='lat' dir='ltr'><strong><em>nuncupantur.</em></strong></span> <span class='ocrx_word' id='word_1_528' title='bbox 2411 1084 2454 1116; x_wconf 74' lang='lat' dir='ltr'><strong><em>At</em></strong></span> 
     </span>
     <span class='ocr_line' id='line_1_69' title="bbox 1408 1142 2455 1186; baseline -0.003 -8"><span class='ocrx_word' id='word_1_529' title='bbox 1408 1145 1495 1178; x_wconf 88' lang='lat' dir='ltr'><strong><em>enim</em></strong></span> <span class='ocrx_word' id='word_1_530' title='bbox 1516 1154 1583 1178; x_wconf 90' lang='lat' dir='ltr'><strong><em>non</em></strong></span> <span class='ocrx_word' id='word_1_531' title='bbox 1600 1145 1709 1178; x_wconf 90' lang='lat' dir='ltr'><strong><em>omnia</em></strong></span> <span class='ocrx_word' id='word_1_532' title='bbox 1723 1168 1733 1186; x_wconf 92' lang='lat'><strong><em>,</em></strong></span> <span class='ocrx_word' id='word_1_533' title='bbox 1754 1153 1828 1186; x_wconf 83' lang='lat' dir='ltr'><strong><em>quoe</em></strong></span> <span class='ocrx_word' id='word_1_534' title='bbox 1854 1151 1987 1186; x_wconf 86' lang='lat' dir='ltr'><strong><em>corpore</em></strong></span> <span class='ocrx_word' id='word_1_535' title='bbox 2014 1143 2191 1184; x_wconf 75' lang='lat' dir='ltr'><strong><em>sentimus,</em></strong></span> <span class='ocrx_word' id='word_1_536' title='bbox 2213 1150 2288 1175; x_wconf 81' lang='lat' dir='ltr'><strong><em>vera</em></strong></span> <span class='ocrx_word' id='word_1_537' title='bbox 2312 1144 2345 1175; x_wconf 83' lang='lat' dir='ltr'><strong><em>et</em></strong></span> <span class='ocrx_word' id='word_1_538' title='bbox 2365 1142 2455 1175; x_wconf 74' lang='lat' dir='ltr'><strong><em>cem</em></strong></span> 
     </span>
     <span class='ocr_line' id='line_1_70' title="bbox 1408 1203 1854 1245; baseline -0.002 -8"><span class='ocrx_word' id='word_1_539' title='bbox 1408 1207 1498 1237; x_wconf 89' lang='lat' dir='ltr'><strong><em>sunt.</em></strong></span> <span class='ocrx_word' id='word_1_540' title='bbox 1542 1204 1624 1236; x_wconf 88' lang='lat' dir='ltr'><strong><em>Sunt</em></strong></span> <span class='ocrx_word' id='word_1_541' title='bbox 1643 1203 1738 1245; x_wconf 85' lang='lat' dir='ltr'><strong><em>igitur</em></strong></span> <span class='ocrx_word' id='word_1_542' title='bbox 1756 1203 1854 1237; x_wconf 80' lang='lat' dir='ltr'><strong><em>Ideoe.</em></strong></span> 
     </span>
    </p>

    <p class='ocr_par' dir='ltr' id='par_1_10' title="bbox 1450 1259 2452 1312">
     <span class='ocr_line' id='line_1_71' title="bbox 1450 1259 2452 1312; baseline -0.002 -17"><span class='ocrx_word' id='word_1_543' title='bbox 1450 1263 1598 1296; x_wconf 82' lang='lat' dir='ltr'><strong><em>CGGXL.</em></strong></span> <span class='ocrx_word' id='word_1_544' title='bbox 1623 1261 1708 1303; x_wconf 85' lang='lat' dir='ltr'><strong><em>Sed,</em></strong></span> <span class='ocrx_word' id='word_1_545' title='bbox 1734 1262 1860 1304; x_wconf 87' lang='lat' dir='ltr'><strong><em>opinor,</em></strong></span> <span class='ocrx_word' id='word_1_546' title='bbox 1887 1260 2050 1304; x_wconf 83' lang='lat' dir='ltr'><strong><em>explanari</em></strong></span> <span class='ocrx_word' id='word_1_547' title='bbox 2084 1259 2273 1303; x_wconf 83' lang='lat' dir='ltr'><strong><em>dilatarique</em></strong></span> <span class='ocrx_word' id='word_1_548' title='bbox 2306 1261 2452 1312; x_wconf 67' lang='lat' dir='ltr'><strong><em>oportet,</em></strong></span> 
     </span>
    </p>
   </div>
   <div class='ocr_carea' id='block_1_4' title="bbox 1407 1313 2495 1363">
    <p class='ocr_par' dir='ltr' id='par_1_11' title="bbox 1407 1313 2495 1363">
     <span class='ocr_line' id='line_1_72' title="bbox 1407 1313 2495 1363; baseline 0 -9"><span class='ocrx_word' id='word_1_549' title='bbox 1407 1330 1481 1363; x_wconf 89' lang='lat' dir='ltr'><strong><em>quae</em></strong></span> <span class='ocrx_word' id='word_1_550' title='bbox 1514 1321 1681 1354; x_wconf 82' lang='lat' dir='ltr'><strong><em>contracta</em></strong></span> <span class='ocrx_word' id='word_1_551' title='bbox 1718 1322 1794 1353; x_wconf 92' lang='lat' dir='ltr'><strong><em>sunt</em></strong></span> <span class='ocrx_word' id='word_1_552' title='bbox 1823 1320 1979 1361; x_wconf 85' lang='lat' dir='ltr'><strong><em>angustiis</em></strong></span> <span class='ocrx_word' id='word_1_553' title='bbox 2011 1318 2198 1360; x_wconf 82' lang='lat' dir='ltr'><strong><em>syllogismi.</em></strong></span> <span class='ocrx_word' id='word_1_554' title='bbox 2242 1313 2448 1353; x_wconf 76' lang='lat' dir='ltr'><strong><em>Intellectum</em></strong></span> <span class='ocrx_word' id='word_1_555' title='bbox 2493 1352 2495 1354; x_wconf 82' lang='lat'><strong><em>.</em></strong></span> 
     </span>
    </p>
   </div>
   <div class='ocr_carea' id='block_1_5' title="bbox 1408 1377 2453 1480">
    <p class='ocr_par' dir='ltr' id='par_1_12' title="bbox 1408 1377 2453 1480">
     <span class='ocr_line' id='line_1_73' title="bbox 1408 1377 2452 1421; baseline 0.001 -9"><span class='ocrx_word' id='word_1_556' title='bbox 1408 1380 1547 1421; x_wconf 86' lang='lat' dir='ltr'><strong><em>appellat</em></strong></span> <span class='ocrx_word' id='word_1_557' title='bbox 1577 1380 1639 1412; x_wconf 86' lang='lat' dir='ltr'><strong><em>hoc</em></strong></span> <span class='ocrx_word' id='word_1_558' title='bbox 1667 1379 1701 1411; x_wconf 90' lang='lat' dir='ltr'><strong><em>in</em></strong></span> <span class='ocrx_word' id='word_1_559' title='bbox 1726 1379 1814 1418; x_wconf 89' lang='lat' dir='ltr'><strong><em>loco,</em></strong></span> <span class='ocrx_word' id='word_1_560' title='bbox 1841 1379 1968 1411; x_wconf 88' lang='lat' dir='ltr'><strong><em>motum</em></strong></span> <span class='ocrx_word' id='word_1_561' title='bbox 1991 1377 2090 1410; x_wconf 90' lang='lat' dir='ltr'><strong><em>animi</em></strong></span> <span class='ocrx_word' id='word_1_562' title='bbox 2117 1377 2452 1419; x_wconf 74' lang='lat' dir='ltr'><strong><em>comprehendo-tem.</em></strong></span> 
     </span>
     <span class='ocr_line' id='line_1_74' title="bbox 1410 1434 2453 1480; baseline -0.003 -10"><span class='ocrx_word' id='word_1_563' title='bbox 1410 1438 1496 1470; x_wconf 88' lang='lat' dir='ltr'><strong><em>Huic</em></strong></span> <span class='ocrx_word' id='word_1_564' title='bbox 1521 1438 1686 1480; x_wconf 85' lang='lat' dir='ltr'><strong><em>comparat</em></strong></span> <span class='ocrx_word' id='word_1_565' title='bbox 1712 1437 1896 1479; x_wconf 89' lang='lat' dir='ltr'><strong><em>opinionem</em></strong></span> <span class='ocrx_word' id='word_1_566' title='bbox 1921 1445 1996 1469; x_wconf 88' lang='lat' dir='ltr'><strong><em>cum</em></strong></span> <span class='ocrx_word' id='word_1_567' title='bbox 2017 1436 2049 1468; x_wconf 88' lang='lat' dir='ltr'><strong><em>in</em></strong></span> <span class='ocrx_word' id='word_1_568' title='bbox 2077 1435 2240 1477; x_wconf 89' lang='lat' dir='ltr'><strong><em>plerisque</em></strong></span> <span class='ocrx_word' id='word_1_569' title='bbox 2260 1434 2453 1475; x_wconf 77' lang='lat' dir='ltr'><strong><em>aliis-tibris,</em></strong></span> 
     </span>
    </p>
   </div>
   <div class='ocr_carea' id='block_1_6' title="bbox 1408 1489 2494 1537">
    <p class='ocr_par' dir='ltr' id='par_1_13' title="bbox 1408 1489 2494 1537">
     <span class='ocr_line' id='line_1_75' title="bbox 1408 1489 2494 1537; baseline -0.003 -7"><span class='ocrx_word' id='word_1_570' title='bbox 1408 1501 1478 1530; x_wconf 86' lang='lat' dir='ltr'><strong><em>tum</em></strong></span> <span class='ocrx_word' id='word_1_571' title='bbox 1495 1497 1658 1530; x_wconf 78' lang='lat' dir='ltr'><strong><em>evidenter</em></strong></span> <span class='ocrx_word' id='word_1_572' title='bbox 1676 1497 1709 1529; x_wconf 90' lang='lat' dir='ltr'><strong><em>in</em></strong></span> <span class='ocrx_word' id='word_1_573' title='bbox 1728 1496 1851 1529; x_wconf 83' lang='lat' dir='ltr'><strong><em>Politia.</em></strong></span> <span class='ocrx_word' id='word_1_574' title='bbox 1895 1497 1988 1529; x_wconf 84' lang='lat' dir='ltr'><strong><em>secat</em></strong></span> <span class='ocrx_word' id='word_1_575' title='bbox 2003 1495 2088 1528; x_wconf 90' lang='lat' dir='ltr'><strong><em>enim</em></strong></span> <span class='ocrx_word' id='word_1_576' title='bbox 2109 1495 2306 1528; x_wconf 81' lang='lat' dir='ltr'><strong><em>intellectum</em></strong></span> <span class='ocrx_word' id='word_1_577' title='bbox 2322 1493 2453 1537; x_wconf 86' lang='lat' dir='ltr'><strong><em>quidem</em></strong></span> <span class='ocrx_word' id='word_1_578' title='bbox 2491 1489 2494 1493; x_wconf 74' lang='grc'><strong>”</strong></span> 
     </span>
    </p>
   </div>
   <div class='ocr_carea' id='block_1_7' title="bbox 1403 1554 2454 3009">
    <p class='ocr_par' dir='ltr' id='par_1_14' title="bbox 1404 1554 2454 2475">
     <span class='ocr_line' id='line_1_76' title="bbox 1408 1554 2454 1596; baseline -0.002 -8"><span class='ocrx_word' id='word_1_579' title='bbox 1408 1556 1443 1588; x_wconf 89' lang='lat' dir='ltr'><strong><em>in</em></strong></span> <span class='ocrx_word' id='word_1_580' title='bbox 1474 1556 1539 1588; x_wconf 92' lang='lat' dir='ltr'><strong><em>duo</em></strong></span> <span class='ocrx_word' id='word_1_581' title='bbox 1573 1556 1664 1596; x_wconf 81' lang='lat' dir='ltr'><strong><em>haec,</em></strong></span> <span class='ocrx_word' id='word_1_582' title='bbox 1691 1555 1858 1588; x_wconf 85' lang='lat' dir='ltr'><strong><em>scientiam</em></strong></span> <span class='ocrx_word' id='word_1_583' title='bbox 1882 1558 1915 1588; x_wconf 89' lang='lat' dir='ltr'><strong><em>et</em></strong></span> <span class='ocrx_word' id='word_1_584' title='bbox 1946 1554 2210 1587; x_wconf 88' lang='lat' dir='ltr'><strong><em>recordationem.</em></strong></span> <span class='ocrx_word' id='word_1_585' title='bbox 2253 1554 2454 1595; x_wconf 74' lang='lat' dir='ltr'><strong><em>opinionem</em></strong></span> 
     </span>
     <span class='ocr_line' id='line_1_77' title="bbox 1407 1611 2450 1654; baseline -0.003 -7"><span class='ocrx_word' id='word_1_586' title='bbox 1407 1623 1485 1648; x_wconf 84' lang='lat' dir='ltr'><strong><em>vero</em></strong></span> <span class='ocrx_word' id='word_1_587' title='bbox 1501 1614 1534 1647; x_wconf 90' lang='lat' dir='ltr'><strong><em>in</em></strong></span> <span class='ocrx_word' id='word_1_588' title='bbox 1550 1615 1611 1647; x_wconf 87' lang='lat' dir='ltr'><strong><em>alia</em></strong></span> <span class='ocrx_word' id='word_1_589' title='bbox 1627 1613 1780 1654; x_wconf 83' lang='lat' dir='ltr'><strong><em>totidem,</em></strong></span> <span class='ocrx_word' id='word_1_590' title='bbox 1801 1614 1882 1653; x_wconf 85' lang='lat' dir='ltr'><strong><em>haec,</em></strong></span> <span class='ocrx_word' id='word_1_591' title='bbox 1899 1613 2121 1646; x_wconf 82' lang='lat' dir='ltr'><strong><em>credulitatem</em></strong></span> <span class='ocrx_word' id='word_1_592' title='bbox 2137 1613 2170 1645; x_wconf 85' lang='lat' dir='ltr'><strong><em>et</em></strong></span> <span class='ocrx_word' id='word_1_593' title='bbox 2187 1611 2450 1645; x_wconf 74' lang='lat' dir='ltr'><strong><em>aestimationem.</em></strong></span> 
     </span>
     <span class='ocr_line' id='line_1_78' title="bbox 1414 1663 2453 1717; baseline -0.005 -9"><span class='ocrx_word' id='word_1_594' title='bbox 1414 1676 1611 1717; x_wconf 83' lang='lat' dir='ltr'><strong><em>Singulaque</em></strong></span> <span class='ocrx_word' id='word_1_595' title='bbox 1632 1675 1702 1707; x_wconf 83' lang='lat' dir='ltr'><strong><em>haec</em></strong></span> <span class='ocrx_word' id='word_1_596' title='bbox 1713 1663 1850 1715; x_wconf 69' lang='lat' dir='ltr'><strong><em>quatuo}</em></strong></span> <span class='ocrx_word' id='word_1_597' title='bbox 1866 1673 2128 1706; x_wconf 84' lang='lat' dir='ltr'><strong><em>convenientibus</em></strong></span> <span class='ocrx_word' id='word_1_598' title='bbox 2143 1673 2202 1706; x_wconf 87' lang='lat' dir='ltr'><strong><em>sibi</em></strong></span> <span class='ocrx_word' id='word_1_599' title='bbox 2219 1672 2317 1706; x_wconf 79' lang='lat' dir='ltr'><strong><em>rebus</em></strong></span> <span class='ocrx_word' id='word_1_600' title='bbox 2328 1679 2453 1704; x_wconf 82' lang='lat' dir='ltr'><strong><em>accom-</em></strong></span> 
     </span>
     <span class='ocr_line' id='line_1_79' title="bbox 1407 1729 2451 1774; baseline -0.005 -7"><span class='ocrx_word' id='word_1_601' title='bbox 1407 1734 1527 1767; x_wconf 90' lang='lat' dir='ltr'><strong><em>modat.</em></strong></span> <span class='ocrx_word' id='word_1_602' title='bbox 1571 1734 1760 1766; x_wconf 86' lang='lat' dir='ltr'><strong><em>Scientiam</em></strong></span> <span class='ocrx_word' id='word_1_603' title='bbox 1781 1731 1912 1774; x_wconf 86' lang='lat' dir='ltr'><strong><em>quidem</em></strong></span> <span class='ocrx_word' id='word_1_604' title='bbox 1931 1732 2023 1771; x_wconf 86' lang='lat' dir='ltr'><strong><em>altis,</em></strong></span> <span class='ocrx_word' id='word_1_605' title='bbox 2040 1732 2073 1764; x_wconf 87' lang='lat' dir='ltr'><strong><em>et</em></strong></span> <span class='ocrx_word' id='word_1_606' title='bbox 2091 1731 2244 1772; x_wconf 82' lang='lat' dir='ltr'><strong><em>sapientia</em></strong></span> <span class='ocrx_word' id='word_1_607' title='bbox 2258 1730 2327 1763; x_wconf 81' lang='lat' dir='ltr'><strong><em>sola</em></strong></span> <span class='ocrx_word' id='word_1_608' title='bbox 2346 1729 2451 1771; x_wconf 90' lang='lat' dir='ltr'><strong><em>perci-</em></strong></span> 
     </span>
     <span class='ocr_line' id='line_1_80' title="bbox 1406 1787 2451 1834; baseline -0.005 -9"><span class='ocrx_word' id='word_1_609' title='bbox 1406 1792 1557 1834; x_wconf 89' lang='lat' dir='ltr'><strong><em>pibilibus</em></strong></span> <span class='ocrx_word' id='word_1_610' title='bbox 1574 1791 1669 1824; x_wconf 88' lang='lat' dir='ltr'><strong><em>rebus</em></strong></span> <span class='ocrx_word' id='word_1_611' title='bbox 1682 1815 1692 1832; x_wconf 88' lang='lat'><strong><em>,</em></strong></span> <span class='ocrx_word' id='word_1_612' title='bbox 1711 1790 1891 1831; x_wconf 81' lang='lat' dir='ltr'><strong><em>cujusmodi</em></strong></span> <span class='ocrx_word' id='word_1_613' title='bbox 1913 1790 1988 1822; x_wconf 86' lang='lat' dir='ltr'><strong><em>sunt</em></strong></span> <span class='ocrx_word' id='word_1_614' title='bbox 2003 1791 2111 1828; x_wconf 80' lang='lat' dir='ltr'><strong><em>Deus,</em></strong></span> <span class='ocrx_word' id='word_1_615' title='bbox 2133 1791 2166 1822; x_wconf 86' lang='lat' dir='ltr'><strong><em>et</em></strong></span> <span class='ocrx_word' id='word_1_616' title='bbox 2178 1787 2356 1822; x_wconf 79' lang='lat' dir='ltr'><strong><em>intellectus</em></strong></span> <span class='ocrx_word' id='word_1_617' title='bbox 2367 1787 2451 1830; x_wconf 74' lang='lat' dir='ltr'><strong><em>eine,</em></strong></span> 
     </span>
     <span class='ocr_line' id='line_1_81' title="bbox 1406 1845 2451 1893; baseline -0.005 -9"><span class='ocrx_word' id='word_1_618' title='bbox 1406 1860 1487 1893; x_wconf 85' lang='lat' dir='ltr'><strong><em>quas</em></strong></span> <span class='ocrx_word' id='word_1_619' title='bbox 1507 1851 1600 1884; x_wconf 87' lang='lat' dir='ltr'><strong><em>Ideas</em></strong></span> <span class='ocrx_word' id='word_1_620' title='bbox 1619 1858 1782 1883; x_wconf 85' lang='lat' dir='ltr'><strong><em>vocamus.</em></strong></span> <span class='ocrx_word' id='word_1_621' title='bbox 1827 1848 2112 1882; x_wconf 84' lang='lat' dir='ltr'><strong><em>Recordationem</em></strong></span> <span class='ocrx_word' id='word_1_622' title='bbox 2125 1856 2201 1881; x_wconf 88' lang='lat' dir='ltr'><strong><em>vero</em></strong></span> <span class='ocrx_word' id='word_1_623' title='bbox 2218 1846 2314 1880; x_wconf 82' lang='lat' dir='ltr'><strong><em>rebus</em></strong></span> <span class='ocrx_word' id='word_1_624' title='bbox 2328 1845 2451 1880; x_wconf 86' lang='lat' dir='ltr'><strong><em>delibe-</em></strong></span> 
     </span>
     <span class='ocr_line' id='line_1_82' title="bbox 1406 1902 2452 1950; baseline -0.005 -9"><span class='ocrx_word' id='word_1_625' title='bbox 1406 1909 1516 1941; x_wconf 86' lang='lat' dir='ltr'><strong><em>rativis</em></strong></span> <span class='ocrx_word' id='word_1_626' title='bbox 1527 1933 1536 1950; x_wconf 91' lang='lat'><strong><em>,</em></strong></span> <span class='ocrx_word' id='word_1_627' title='bbox 1553 1909 1611 1941; x_wconf 86' lang='lat' dir='ltr'><strong><em>hoc</em></strong></span> <span class='ocrx_word' id='word_1_628' title='bbox 1624 1909 1695 1947; x_wconf 90' lang='lat' dir='ltr'><strong><em>est,</em></strong></span> <span class='ocrx_word' id='word_1_629' title='bbox 1713 1907 1752 1939; x_wconf 88' lang='lat' dir='ltr'><strong><em>lis</em></strong></span> <span class='ocrx_word' id='word_1_630' title='bbox 1762 1931 1772 1948; x_wconf 93' lang='lat'><strong><em>,</em></strong></span> <span class='ocrx_word' id='word_1_631' title='bbox 1786 1915 1860 1948; x_wconf 74' lang='lat' dir='ltr'><strong><em>quae</em></strong></span> <span class='ocrx_word' id='word_1_632' title='bbox 1877 1905 2045 1947; x_wconf 81' lang='lat' dir='ltr'><strong><em>praeceptis</em></strong></span> <span class='ocrx_word' id='word_1_633' title='bbox 2060 1903 2299 1946; x_wconf 76' lang='lat' dir='ltr'><strong><em>artificialibus,</em></strong></span> <span class='ocrx_word' id='word_1_634' title='bbox 2318 1902 2452 1936; x_wconf 76' lang='lat' dir='ltr'><strong><em>ettheo-</em></strong></span> 
     </span>
     <span class='ocr_line' id='line_1_83' title="bbox 1405 1961 2450 2008; baseline -0.006 -9"><span class='ocrx_word' id='word_1_635' title='bbox 1405 1966 1583 2000; x_wconf 86' lang='lat' dir='ltr'><strong><em>rematibus</em></strong></span> <span class='ocrx_word' id='word_1_636' title='bbox 1593 1990 1602 2006; x_wconf 94' lang='lat'><strong><em>,</em></strong></span> <span class='ocrx_word' id='word_1_637' title='bbox 1616 1965 1845 2008; x_wconf 80' lang='lat' dir='ltr'><strong><em>percipiuntur.</em></strong></span> <span class='ocrx_word' id='word_1_638' title='bbox 1892 1963 2148 1997; x_wconf 75' lang='lat' dir='ltr'><strong><em>credulitatem</em></strong></span> <span class='ocrx_word' id='word_1_639' title='bbox 2162 1971 2256 2004; x_wconf 87' lang='lat' dir='ltr'><strong><em>porro</em></strong></span> <span class='ocrx_word' id='word_1_640' title='bbox 2267 1961 2450 2003; x_wconf 82' lang='lat' dir='ltr'><strong><em>sensilibus,</em></strong></span> 
     </span>
     <span class='ocr_line' id='line_1_84' title="bbox 1405 2019 2452 2066; baseline -0.005 -8"><span class='ocrx_word' id='word_1_641' title='bbox 1405 2025 1527 2058; x_wconf 78' lang='lat' dir='ltr'><strong><em>scilicet</em></strong></span> <span class='ocrx_word' id='word_1_642' title='bbox 1557 2033 1631 2066; x_wconf 85' lang='lat' dir='ltr'><strong><em>quoe</em></strong></span> <span class='ocrx_word' id='word_1_643' title='bbox 1659 2024 1780 2064; x_wconf 87' lang='lat' dir='ltr'><strong><em>oculis,</em></strong></span> <span class='ocrx_word' id='word_1_644' title='bbox 1809 2023 1960 2063; x_wconf 88' lang='lat' dir='ltr'><strong><em>auribus,</em></strong></span> <span class='ocrx_word' id='word_1_645' title='bbox 1983 2022 2172 2063; x_wconf 84' lang='lat' dir='ltr'><strong><em>caeterisque</em></strong></span> <span class='ocrx_word' id='word_1_646' title='bbox 2197 2019 2346 2054; x_wconf 78' lang='lat' dir='ltr'><strong><em>sensibus</em></strong></span> <span class='ocrx_word' id='word_1_647' title='bbox 2362 2028 2452 2053; x_wconf 84' lang='lat' dir='ltr'><strong><em>com·</em></strong></span> 
     </span>
     <span class='ocr_line' id='line_1_85' title="bbox 1405 2078 2452 2125; baseline -0.005 -9"><span class='ocrx_word' id='word_1_648' title='bbox 1405 2083 1656 2125; x_wconf 86' lang='lat' dir='ltr'><strong><em>prehenduntur.</em></strong></span> <span class='ocrx_word' id='word_1_649' title='bbox 1699 2083 1982 2116; x_wconf 85' lang='lat' dir='ltr'><strong><em>AEstimationem</em></strong></span> <span class='ocrx_word' id='word_1_650' title='bbox 2002 2080 2184 2122; x_wconf 80' lang='lat' dir='ltr'><strong><em>tigmentis,</em></strong></span> <span class='ocrx_word' id='word_1_651' title='bbox 2207 2078 2452 2112; x_wconf 81' lang='lat' dir='ltr'><strong><em>commentitiis·</em></strong></span> 
     </span>
     <span class='ocr_line' id='line_1_86' title="bbox 1404 2137 2452 2184; baseline -0.006 -9"><span class='ocrx_word' id='word_1_652' title='bbox 1404 2151 1467 2184; x_wconf 88' lang='lat' dir='ltr'><strong><em>que</em></strong></span> <span class='ocrx_word' id='word_1_653' title='bbox 1485 2145 1517 2175; x_wconf 88' lang='lat' dir='ltr'><strong><em>et</em></strong></span> <span class='ocrx_word' id='word_1_654' title='bbox 1533 2141 1726 2182; x_wconf 83' lang='lat' dir='ltr'><strong><em>imaginariis</em></strong></span> <span class='ocrx_word' id='word_1_655' title='bbox 1747 2141 1866 2181; x_wconf 85' lang='lat' dir='ltr'><strong><em>rebus,</em></strong></span> <span class='ocrx_word' id='word_1_656' title='bbox 1889 2149 1963 2181; x_wconf 83' lang='lat' dir='ltr'><strong><em>quae</em></strong></span> <span class='ocrx_word' id='word_1_657' title='bbox 1979 2140 2072 2180; x_wconf 81' lang='lat' dir='ltr'><strong><em>juxta</em></strong></span> <span class='ocrx_word' id='word_1_658' title='bbox 2090 2147 2186 2171; x_wconf 80' lang='lat' dir='ltr'><strong><em>veros</em></strong></span> <span class='ocrx_word' id='word_1_659' title='bbox 2209 2137 2359 2171; x_wconf 84' lang='lat' dir='ltr'><strong><em>simulata</em></strong></span> <span class='ocrx_word' id='word_1_660' title='bbox 2378 2137 2452 2170; x_wconf 80' lang='lat' dir='ltr'><strong><em>vul·</em></strong></span> 
     </span>
     <span class='ocr_line' id='line_1_87' title="bbox 1404 2197 2453 2242; baseline -0.003 -9"><span class='ocrx_word' id='word_1_661' title='bbox 1404 2202 1478 2241; x_wconf 92' lang='lat' dir='ltr'><strong><em>tus,</em></strong></span> <span class='ocrx_word' id='word_1_662' title='bbox 1504 2210 1638 2242; x_wconf 84' lang='lat' dir='ltr'><strong><em>corpora</em></strong></span> <span class='ocrx_word' id='word_1_663' title='bbox 1669 2202 1778 2233; x_wconf 89' lang='lat' dir='ltr'><strong><em>tamen</em></strong></span> <span class='ocrx_word' id='word_1_664' title='bbox 1804 2200 1962 2241; x_wconf 78' lang='lat' dir='ltr'><strong><em>perfecta,</em></strong></span> <span class='ocrx_word' id='word_1_665' title='bbox 1983 2201 2015 2230; x_wconf 89' lang='lat' dir='ltr'><strong><em>et</em></strong></span> <span class='ocrx_word' id='word_1_666' title='bbox 2037 2198 2129 2239; x_wconf 88' lang='lat' dir='ltr'><strong><em>viva,</em></strong></span> <span class='ocrx_word' id='word_1_667' title='bbox 2155 2205 2220 2230; x_wconf 90' lang='lat' dir='ltr'><strong><em>non</em></strong></span> <span class='ocrx_word' id='word_1_668' title='bbox 2241 2197 2327 2229; x_wconf 82' lang='lat' dir='ltr'><strong><em>eunt.</em></strong></span> <span class='ocrx_word' id='word_1_669' title='bbox 2371 2197 2453 2234; x_wconf 75' lang='lat' dir='ltr'><strong><em>Qua&gt;</em></strong></span> 
     </span>
     <span class='ocr_line' id='line_1_88' title="bbox 1405 2255 2452 2300; baseline -0.005 -8"><span class='ocrx_word' id='word_1_670' title='bbox 1405 2262 1521 2292; x_wconf 88' lang='lat' dir='ltr'><strong><em>cuncta</em></strong></span> <span class='ocrx_word' id='word_1_671' title='bbox 1536 2259 1615 2292; x_wconf 88' lang='lat' dir='ltr'><strong><em>dicit</em></strong></span> <span class='ocrx_word' id='word_1_672' title='bbox 1636 2268 1694 2300; x_wconf 89' lang='lat' dir='ltr'><strong><em>per</em></strong></span> <span class='ocrx_word' id='word_1_673' title='bbox 1714 2259 1816 2292; x_wconf 83' lang='lat' dir='ltr'><strong><em>semet</em></strong></span> <span class='ocrx_word' id='word_1_674' title='bbox 1830 2266 1900 2290; x_wconf 87' lang='lat' dir='ltr'><strong><em>esse</em></strong></span> <span class='ocrx_word' id='word_1_675' title='bbox 1923 2256 2086 2290; x_wconf 87' lang='lat' dir='ltr'><strong><em>intellectu</em></strong></span> <span class='ocrx_word' id='word_1_676' title='bbox 2105 2256 2212 2297; x_wconf 88' lang='lat' dir='ltr'><strong><em>potius</em></strong></span> <span class='ocrx_word' id='word_1_677' title='bbox 2231 2262 2328 2296; x_wconf 83' lang='lat' dir='ltr'><strong><em>quam</em></strong></span> <span class='ocrx_word' id='word_1_678' title='bbox 2349 2255 2452 2288; x_wconf 72' lang='lat' dir='ltr'><strong><em>sensi·</em></strong></span> 
     </span>
     <span class='ocr_line' id='line_1_89' title="bbox 1405 2301 2453 2359; baseline -0.004 -9"><span class='ocrx_word' id='word_1_679' title='bbox 1405 2318 1464 2351; x_wconf 85' lang='lat' dir='ltr'><strong><em>bus</em></strong></span> <span class='ocrx_word' id='word_1_680' title='bbox 1492 2317 1705 2359; x_wconf 86' lang='lat' dir='ltr'><strong><em>assequenda,</em></strong></span> <span class='ocrx_word' id='word_1_681' title='bbox 1730 2317 1806 2358; x_wconf 83' lang='lat' dir='ltr'><strong><em>quia</em></strong></span> <span class='ocrx_word' id='word_1_682' title='bbox 1845 2315 1924 2348; x_wconf 89' lang='lat' dir='ltr'><strong><em>nibil</em></strong></span> <span class='ocrx_word' id='word_1_683' title='bbox 1951 2324 1991 2348; x_wconf 86' lang='lat' dir='ltr'><strong><em>ex</em></strong></span> <span class='ocrx_word' id='word_1_684' title='bbox 2014 2315 2063 2347; x_wconf 74' lang='lat' dir='ltr'><strong><em>liis</em></strong></span> <span class='ocrx_word' id='word_1_685' title='bbox 2087 2316 2223 2355; x_wconf 82' lang='lat' dir='ltr'><strong><em>quatuor</em></strong></span> <span class='ocrx_word' id='word_1_686' title='bbox 2251 2314 2314 2346; x_wconf 81' lang='lat' dir='ltr'><strong><em>sub</em></strong></span> <span class='ocrx_word' id='word_1_687' title='bbox 2338 2301 2453 2347; x_wconf 77' lang='lat' dir='ltr'><strong><em>sensus</em></strong></span> 
     </span>
     <span class='ocr_line' id='line_1_90' title="bbox 1405 2372 2453 2417; baseline -0.004 -8"><span class='ocrx_word' id='word_1_688' title='bbox 1405 2381 1531 2409; x_wconf 85' lang='lat' dir='ltr'><strong><em>nostros</em></strong></span> <span class='ocrx_word' id='word_1_689' title='bbox 1551 2377 1659 2417; x_wconf 86' lang='lat' dir='ltr'><strong><em>venit,</em></strong></span> <span class='ocrx_word' id='word_1_690' title='bbox 1684 2375 1742 2410; x_wconf 88' lang='lat' dir='ltr'><strong><em>sed</em></strong></span> <span class='ocrx_word' id='word_1_691' title='bbox 1761 2377 1830 2408; x_wconf 89' lang='lat' dir='ltr'><strong><em>tam</em></strong></span> <span class='ocrx_word' id='word_1_692' title='bbox 1857 2374 2023 2407; x_wconf 87' lang='lat' dir='ltr'><strong><em>scientiam</em></strong></span> <span class='ocrx_word' id='word_1_693' title='bbox 2036 2398 2046 2415; x_wconf 91' lang='lat'><em>‚</em></span> <span class='ocrx_word' id='word_1_694' title='bbox 2067 2381 2164 2415; x_wconf 86' lang='lat' dir='ltr'><strong><em>quam</em></strong></span> <span class='ocrx_word' id='word_1_695' title='bbox 2186 2372 2394 2414; x_wconf 81' lang='lat' dir='ltr'><strong><em>opinionem,</em></strong></span> <span class='ocrx_word' id='word_1_696' title='bbox 2419 2373 2453 2406; x_wconf 82' lang='lat' dir='ltr'><strong><em>et</em></strong></span> 
     </span>
     <span class='ocr_line' id='line_1_91' title="bbox 1404 2433 1919 2475; baseline -0.006 -8"><span class='ocrx_word' id='word_1_697' title='bbox 1404 2436 1535 2468; x_wconf 81' lang='lat' dir='ltr'><strong><em>caeteras</em></strong></span> <span class='ocrx_word' id='word_1_698' title='bbox 1547 2458 1556 2475; x_wconf 93' lang='lat'><strong><em>,</em></strong></span> <span class='ocrx_word' id='word_1_699' title='bbox 1570 2435 1676 2467; x_wconf 86' lang='lat' dir='ltr'><strong><em>mente</em></strong></span> <span class='ocrx_word' id='word_1_700' title='bbox 1692 2433 1919 2466; x_wconf 88' lang='lat' dir='ltr'><strong><em>discernimus.</em></strong></span> 
     </span>
    </p>

    <p class='ocr_par' dir='ltr' id='par_1_15' title="bbox 1405 2488 2451 2594">
     <span class='ocr_line' id='line_1_92' title="bbox 1446 2488 2451 2533; baseline -0.005 -7"><span class='ocrx_word' id='word_1_701' title='bbox 1446 2494 1485 2526; x_wconf 85' lang='grc' dir='ltr'><strong><em>Εἰ</em></strong></span> <span class='ocrx_word' id='word_1_702' title='bbox 1511 2493 1566 2533; x_wconf 84' lang='grc' dir='ltr'><strong><em>δέ,</em></strong></span> <span class='ocrx_word' id='word_1_703' title='bbox 1584 2493 1626 2530; x_wconf 81' lang='grc' dir='ltr'><strong><em>ὥς</em></strong></span> <span class='ocrx_word' id='word_1_704' title='bbox 1651 2503 1715 2524; x_wconf 84' lang='grc' dir='ltr'>τισι</span> <span class='ocrx_word' id='word_1_705' title='bbox 1745 2491 1903 2533; x_wconf 81' lang='grc' dir='ltr'>φαίνεται,</span> <span class='ocrx_word' id='word_1_706' title='bbox 1935 2490 2010 2528; x_wconf 83' lang='grc' dir='ltr'>δόξα</span> <span class='ocrx_word' id='word_1_707' title='bbox 2040 2490 2155 2529; x_wconf 78' lang='grc' dir='ltr'>ἀληθὴς</span> <span class='ocrx_word' id='word_1_708' title='bbox 2178 2491 2233 2522; x_wconf 84' lang='grc' dir='ltr'>νοῦ</span> <span class='ocrx_word' id='word_1_709' title='bbox 2255 2489 2388 2532; x_wconf 77' lang='grc' dir='ltr'><strong><em>διαφέρει</em></strong></span> <span class='ocrx_word' id='word_1_710' title='bbox 2413 2488 2451 2522; x_wconf 80' lang='grc' dir='ltr'><strong><em>τὸ</em></strong></span> 
     </span>
     <span class='ocr_line' id='line_1_93' title="bbox 1405 2553 1511 2594; baseline 0 -10"><span class='ocrx_word' id='word_1_711' title='bbox 1405 2553 1511 2594; x_wconf 83' lang='grc' dir='ltr'>μηδέν.</span> 
     </span>
    </p>

    <p class='ocr_par' dir='ltr' id='par_1_16' title="bbox 1404 2606 2448 2710">
     <span class='ocr_line' id='line_1_94' title="bbox 1447 2606 2448 2651; baseline -0.004 -7"><span class='ocrx_word' id='word_1_712' title='bbox 1447 2612 1614 2644; x_wconf 82' lang='lat' dir='ltr'><strong><em>CCGXLI.</em></strong></span> <span class='ocrx_word' id='word_1_713' title='bbox 1639 2611 1699 2643; x_wconf 86' lang='lat' dir='ltr'><strong><em>Sin</em></strong></span> <span class='ocrx_word' id='word_1_714' title='bbox 1731 2618 1828 2650; x_wconf 87' lang='lat' dir='ltr'><strong><em>vero,</em></strong></span> <span class='ocrx_word' id='word_1_715' title='bbox 1853 2611 1896 2642; x_wconf 88' lang='lat' dir='ltr'><strong><em>ut</em></strong></span> <span class='ocrx_word' id='word_1_716' title='bbox 1917 2607 2126 2651; x_wconf 83' lang='lat' dir='ltr'><strong><em>quibusdam</em></strong></span> <span class='ocrx_word' id='word_1_717' title='bbox 2144 2607 2296 2648; x_wconf 74' lang='lat' dir='ltr'><strong><em>videtur,</em></strong></span> <span class='ocrx_word' id='word_1_718' title='bbox 2323 2606 2448 2650; x_wconf 82' lang='lat' dir='ltr'><strong><em>inquit,</em></strong></span> 
     </span>
     <span class='ocr_line' id='line_1_95' title="bbox 1404 2654 2423 2710; baseline -0.004 -8"><span class='ocrx_word' id='word_1_719' title='bbox 1404 2678 1485 2702; x_wconf 80' lang='lat' dir='ltr'><strong><em>vera</em></strong></span> <span class='ocrx_word' id='word_1_720' title='bbox 1499 2670 1617 2710; x_wconf 83' lang='lat' dir='ltr'><strong><em>opinio</em></strong></span> <span class='ocrx_word' id='word_1_721' title='bbox 1634 2668 1677 2702; x_wconf 84' lang='lat' dir='ltr'><strong><em>ab</em></strong></span> <span class='ocrx_word' id='word_1_722' title='bbox 1695 2668 1879 2702; x_wconf 86' lang='lat' dir='ltr'><strong><em>intellectu</em></strong></span> <span class='ocrx_word' id='word_1_723' title='bbox 1897 2667 1990 2709; x_wconf 69' lang='lat' dir='ltr'><strong><em>nillil</em></strong></span> <span class='ocrx_word' id='word_1_724' title='bbox 2006 2667 2145 2708; x_wconf 79' lang='lat' dir='ltr'><strong><em>differt.</em></strong></span> <span class='ocrx_word' id='word_1_725' title='bbox 2419 2654 2423 2657; x_wconf 54' lang='grc'><strong>’</strong></span> 
     </span>
    </p>

    <p class='ocr_par' dir='ltr' id='par_1_17' title="bbox 1403 2726 2451 2948">
     <span class='ocr_line' id='line_1_96' title="bbox 1445 2726 2451 2771; baseline -0.004 -8"><span class='ocrx_word' id='word_1_726' title='bbox 1445 2730 1571 2763; x_wconf 87' lang='lat' dir='ltr'><strong><em>Merito.</em></strong></span> <span class='ocrx_word' id='word_1_727' title='bbox 1615 2729 1723 2762; x_wconf 85' lang='lat' dir='ltr'><strong><em>Multae</em></strong></span> <span class='ocrx_word' id='word_1_728' title='bbox 1737 2729 1858 2771; x_wconf 88' lang='lat' dir='ltr'><strong><em>quippe</em></strong></span> <span class='ocrx_word' id='word_1_729' title='bbox 1869 2729 1964 2762; x_wconf 73' lang='lat' dir='ltr'><strong><em>sectae</em></strong></span> <span class='ocrx_word' id='word_1_730' title='bbox 1980 2728 2056 2760; x_wconf 84' lang='lat' dir='ltr'><strong><em>sunt</em></strong></span> <span class='ocrx_word' id='word_1_731' title='bbox 2073 2726 2358 2769; x_wconf 76' lang='lat' dir='ltr'><strong><em>philosophorum,</em></strong></span> <span class='ocrx_word' id='word_1_732' title='bbox 2371 2735 2451 2768; x_wconf 78' lang='lat' dir='ltr'><strong><em>quas</em></strong></span> 
     </span>
     <span class='ocr_line' id='line_1_97' title="bbox 1404 2783 2448 2834; baseline -0.006 -11"><span class='ocrx_word' id='word_1_733' title='bbox 1404 2794 1526 2824; x_wconf 85' lang='lat' dir='ltr'><strong><em>certum</em></strong></span> <span class='ocrx_word' id='word_1_734' title='bbox 1543 2791 1593 2823; x_wconf 84' lang='lat' dir='ltr'><strong><em>est</em></strong></span> <span class='ocrx_word' id='word_1_735' title='bbox 1614 2789 1705 2822; x_wconf 89' lang='lat' dir='ltr'><strong><em>initia</em></strong></span> <span class='ocrx_word' id='word_1_736' title='bbox 1723 2798 1831 2822; x_wconf 82' lang='lat' dir='ltr'><strong><em>rerum</em></strong></span> <span class='ocrx_word' id='word_1_737' title='bbox 1854 2789 1984 2829; x_wconf 86' lang='lat' dir='ltr'><strong><em>putasse</em></strong></span> <span class='ocrx_word' id='word_1_738' title='bbox 2001 2795 2147 2829; x_wconf 85' lang='lat' dir='ltr'><strong><em>corpora.</em></strong></span> <span class='ocrx_word' id='word_1_739' title='bbox 2190 2786 2339 2834; x_wconf 83' lang='lat' dir='ltr'><strong><em>Cumque</em></strong></span> <span class='ocrx_word' id='word_1_740' title='bbox 2353 2783 2448 2818; x_wconf 81' lang='lat' dir='ltr'><strong><em>intet-</em></strong></span> 
     </span>
     <span class='ocr_line' id='line_1_98' title="bbox 1404 2841 2449 2890; baseline -0.005 -9"><span class='ocrx_word' id='word_1_741' title='bbox 1404 2848 1520 2890; x_wconf 84' lang='lat' dir='ltr'><strong><em>ligibile</em></strong></span> <span class='ocrx_word' id='word_1_742' title='bbox 1535 2857 1636 2889; x_wconf 86' lang='lat' dir='ltr'><strong><em>genus</em></strong></span> <span class='ocrx_word' id='word_1_743' title='bbox 1646 2871 1657 2888; x_wconf 95' lang='lat'><strong><em>,</em></strong></span> <span class='ocrx_word' id='word_1_744' title='bbox 1670 2847 1702 2880; x_wconf 89' lang='lat' dir='ltr'><strong><em>id</em></strong></span> <span class='ocrx_word' id='word_1_745' title='bbox 1717 2848 1779 2884; x_wconf 88' lang='lat' dir='ltr'><strong><em>est,</em></strong></span> <span class='ocrx_word' id='word_1_746' title='bbox 1794 2846 1880 2880; x_wconf 87' lang='lat' dir='ltr'><strong><em>ideas</em></strong></span> <span class='ocrx_word' id='word_1_747' title='bbox 1889 2870 1899 2886; x_wconf 88' lang='lat'><strong><em>,</em></strong></span> <span class='ocrx_word' id='word_1_748' title='bbox 1910 2854 2004 2887; x_wconf 80' lang='lat' dir='ltr'><strong><em>paene</em></strong></span> <span class='ocrx_word' id='word_1_749' title='bbox 2017 2845 2078 2877; x_wconf 90' lang='lat' dir='ltr'><strong><em>sub</em></strong></span> <span class='ocrx_word' id='word_1_750' title='bbox 2089 2844 2200 2883; x_wconf 81' lang='lat' dir='ltr'><strong><em>oculos</em></strong></span> <span class='ocrx_word' id='word_1_751' title='bbox 2212 2841 2449 2884; x_wconf 74' lang='lat' dir='ltr'><strong><em>constituisset,</em></strong></span> 
     </span>
     <span class='ocr_line' id='line_1_99' title="bbox 1403 2908 1530 2948; baseline -0.008 -8"><span class='ocrx_word' id='word_1_752' title='bbox 1403 2908 1530 2948; x_wconf 82' lang='lat' dir='ltr'><strong><em>dicens,</em></strong></span> 
     </span>
    </p>

    <p class='ocr_par' dir='ltr' id='par_1_18' title="bbox 1445 2961 2448 3009">
     <span class='ocr_line' id='line_1_100' title="bbox 1445 2961 2448 3009; baseline -0.006 -10"><span class='ocrx_word' id='word_1_753' title='bbox 1445 2968 1491 3000; x_wconf 86' lang='grc' dir='ltr'><strong><em>Τὸ</em></strong></span> <span class='ocrx_word' id='word_1_754' title='bbox 1517 2966 1600 2998; x_wconf 79' lang='grc' dir='ltr'><strong>κατὰ</strong></span> <span class='ocrx_word' id='word_1_755' title='bbox 1626 2965 1724 3002; x_wconf 79' lang='grc' dir='ltr'>τᾳύτὰ</span> <span class='ocrx_word' id='word_1_756' title='bbox 1756 2964 1834 3001; x_wconf 82' lang='grc' dir='ltr'>εἶδος</span> <span class='ocrx_word' id='word_1_757' title='bbox 1860 2963 1951 3006; x_wconf 75' lang='grc' dir='ltr'>ἔχον,</span> <span class='ocrx_word' id='word_1_758' title='bbox 1981 2963 2146 3009; x_wconf 83' lang='grc' dir='ltr'>ἀγέννητον</span> <span class='ocrx_word' id='word_1_759' title='bbox 2178 2963 2231 2994; x_wconf 77' lang='grc' dir='ltr'><strong><em>καὶ</em></strong></span> <span class='ocrx_word' id='word_1_760' title='bbox 2256 2961 2448 3003; x_wconf 77' lang='grc' dir='ltr'>ἀνώλεθρον,</span> 
     </span>
    </p>
   </div>
   <div class='ocr_carea' id='block_1_8' title="bbox 1403 3020 2514 3065">
    <p class='ocr_par' dir='ltr' id='par_1_19' title="bbox 1403 3020 2514 3065">
     <span class='ocr_line' id='line_1_101' title="bbox 1403 3020 2514 3065; baseline -0.005 -8"><span class='ocrx_word' id='word_1_761' title='bbox 1403 3025 1475 3057; x_wconf 80' lang='grc' dir='ltr'>οὕτε</span> <span class='ocrx_word' id='word_1_762' title='bbox 1491 3026 1533 3062; x_wconf 83' lang='grc' dir='ltr'><strong><em>εἰς</em></strong></span> <span class='ocrx_word' id='word_1_763' title='bbox 1555 3025 1648 3057; x_wconf 81' lang='grc' dir='ltr'>ἑαυτὸ</span> <span class='ocrx_word' id='word_1_764' title='bbox 1664 3024 1882 3065; x_wconf 82' lang='grc' dir='ltr'>εἷσδεχὸμενον</span> <span class='ocrx_word' id='word_1_765' title='bbox 1898 3022 1974 3054; x_wconf 86' lang='grc' dir='ltr'>ἄλλο</span> <span class='ocrx_word' id='word_1_766' title='bbox 1995 3022 2122 3054; x_wconf 80' lang='grc' dir='ltr'>ἄλλοθεν</span> <span class='ocrx_word' id='word_1_767' title='bbox 2140 3021 2210 3055; x_wconf 82' lang='grc' dir='ltr'>οὔτε</span> <span class='ocrx_word' id='word_1_768' title='bbox 2224 3021 2301 3053; x_wconf 81' lang='grc' dir='ltr'>αὐτὸ</span> <span class='ocrx_word' id='word_1_769' title='bbox 2317 3021 2360 3057; x_wconf 70' lang='grc' dir='ltr'><strong><em>εἰς</em></strong></span> <span class='ocrx_word' id='word_1_770' title='bbox 2371 3020 2448 3052; x_wconf 77' lang='grc' dir='ltr'><strong><em>ἄλλο</em></strong></span> <span class='ocrx_word' id='word_1_771' title='bbox 2511 3054 2514 3056; x_wconf 66' lang='grc'><strong>,</strong></span> 
     </span>
    </p>
   </div>
   <div class='ocr_carea' id='block_1_9' title="bbox 1403 3078 2448 3184">
    <p class='ocr_par' dir='ltr' id='par_1_20' title="bbox 1403 3078 2448 3184">
     <span class='ocr_line' id='line_1_102' title="bbox 1403 3078 2448 3126; baseline -0.005 -10"><span class='ocrx_word' id='word_1_772' title='bbox 1403 3095 1456 3116; x_wconf 87' lang='grc' dir='ltr'><strong><em>ποι</em></strong></span> <span class='ocrx_word' id='word_1_773' title='bbox 1475 3083 1522 3116; x_wconf 83' lang='grc' dir='ltr'>ἱόν</span> <span class='ocrx_word' id='word_1_774' title='bbox 1532 3107 1542 3123; x_wconf 90' lang='grc'><strong>,</strong></span> <span class='ocrx_word' id='word_1_775' title='bbox 1565 3083 1695 3126; x_wconf 87' lang='grc' dir='ltr'>ἀόρατον</span> <span class='ocrx_word' id='word_1_776' title='bbox 1717 3082 1751 3114; x_wconf 83' lang='grc' dir='ltr'><strong><em>δὲ</em></strong></span> <span class='ocrx_word' id='word_1_777' title='bbox 1769 3082 1824 3114; x_wconf 78' lang='grc' dir='ltr'><strong><em>καὶ</em></strong></span> <span class='ocrx_word' id='word_1_778' title='bbox 1842 3081 1942 3118; x_wconf 67' lang='grc' dir='ltr'>ἄλλως</span> <span class='ocrx_word' id='word_1_779' title='bbox 1957 3080 2161 3120; x_wconf 83' lang='grc' dir='ltr'>ἀναίσθητον,</span> <span class='ocrx_word' id='word_1_780' title='bbox 2177 3083 2272 3120; x_wconf 73' lang='grc' dir='ltr'>τοῦτο</span> <span class='ocrx_word' id='word_1_781' title='bbox 2286 3079 2304 3111; x_wconf 86' lang='grc' dir='ltr'><strong>ὃ</strong></span> <span class='ocrx_word' id='word_1_782' title='bbox 2325 3078 2364 3117; x_wconf 82' lang='grc' dir='ltr'><strong>δὴ</strong></span> <span class='ocrx_word' id='word_1_783' title='bbox 2375 3078 2448 3116; x_wconf 76' lang='grc' dir='ltr'>νόη-</span> 
     </span>
     <span class='ocr_line' id='line_1_103' title="bbox 1403 3137 2448 3184; baseline -0.007 -9"><span class='ocrx_word' id='word_1_784' title='bbox 1403 3154 1451 3179; x_wconf 78' lang='grc' dir='ltr'><strong><em>σις</em></strong></span> <span class='ocrx_word' id='word_1_785' title='bbox 1474 3143 1597 3184; x_wconf 78' lang='grc' dir='ltr'>εἷληχεν</span> <span class='ocrx_word' id='word_1_786' title='bbox 1617 3142 1820 3174; x_wconf 72' lang='grc' dir='ltr'>ἐπισκοπεῖν·</span> <span class='ocrx_word' id='word_1_787' title='bbox 1848 3140 1884 3173; x_wconf 88' lang='grc' dir='ltr'><strong><em>τὸ</em></strong></span> <span class='ocrx_word' id='word_1_788' title='bbox 1907 3140 1940 3171; x_wconf 87' lang='grc' dir='ltr'><strong><em>δὲ</em></strong></span> <span class='ocrx_word' id='word_1_789' title='bbox 1963 3139 2131 3181; x_wconf 87' lang='grc' dir='ltr'>ὁμώνυμον</span> <span class='ocrx_word' id='word_1_790' title='bbox 2147 3138 2255 3180; x_wconf 77' lang='grc' dir='ltr'>ὅμοιόν</span> <span class='ocrx_word' id='word_1_791' title='bbox 2279 3148 2314 3169; x_wconf 85' lang='grc' dir='ltr'><strong><em>τε</em></strong></span> <span class='ocrx_word' id='word_1_792' title='bbox 2339 3137 2448 3177; x_wconf 70' lang='grc' dir='ltr'>ἐκείνῳ</span> 
     </span>
    </p>
   </div>
   <div class='ocr_carea' id='block_1_10' title="bbox 1404 3194 2490 3242">
    <p class='ocr_par' dir='ltr' id='par_1_21' title="bbox 1404 3194 2490 3242">
     <span class='ocr_line' id='line_1_104' title="bbox 1404 3194 2490 3242; baseline -0.006 -9"><span class='ocrx_word' id='word_1_793' title='bbox 1404 3201 1543 3242; x_wconf 78' lang='grc' dir='ltr'>δεύτερον</span> <span class='ocrx_word' id='word_1_794' title='bbox 1557 3225 1566 3241; x_wconf 88' lang='grc'><strong>,</strong></span> <span class='ocrx_word' id='word_1_795' title='bbox 1587 3200 1752 3240; x_wconf 83' lang='grc' dir='ltr'>αἰσθητὸν,</span> <span class='ocrx_word' id='word_1_796' title='bbox 1769 3199 1931 3240; x_wconf 83' lang='grc' dir='ltr'>γεννητόν,</span> <span class='ocrx_word' id='word_1_797' title='bbox 1952 3198 2162 3240; x_wconf 85' lang='grc' dir='ltr'>πεφορημένον</span> <span class='ocrx_word' id='word_1_798' title='bbox 2179 3196 2251 3238; x_wconf 81' lang='grc' dir='ltr'>ἀεί,</span> <span class='ocrx_word' id='word_1_799' title='bbox 2267 3194 2448 3237; x_wconf 76' lang='grc' dir='ltr'>γιγνόμενόν</span> <span class='ocrx_word' id='word_1_800' title='bbox 2488 3231 2490 3233; x_wconf 66' lang='lat'>‚</span> 
     </span>
    </p>
   </div>
   <div class='ocr_carea' id='block_1_11' title="bbox 1405 3252 2447 3535">
    <p class='ocr_par' dir='ltr' id='par_1_22' title="bbox 1405 3252 2447 3359">
     <span class='ocr_line' id='line_1_105' title="bbox 1405 3252 2447 3300; baseline -0.005 -9"><span class='ocrx_word' id='word_1_801' title='bbox 1405 3270 1439 3290; x_wconf 84' lang='grc' dir='ltr'><strong><em>τε</em></strong></span> <span class='ocrx_word' id='word_1_802' title='bbox 1457 3259 1488 3290; x_wconf 81' lang='grc' dir='ltr'>ἓν</span> <span class='ocrx_word' id='word_1_803' title='bbox 1513 3270 1572 3291; x_wconf 78' lang='grc' dir='ltr'>τινι</span> <span class='ocrx_word' id='word_1_804' title='bbox 1594 3258 1683 3300; x_wconf 81' lang='grc' dir='ltr'>τόπῳ</span> <span class='ocrx_word' id='word_1_805' title='bbox 1702 3258 1756 3289; x_wconf 80' lang='grc' dir='ltr'><strong><em>καὶ</em></strong></span> <span class='ocrx_word' id='word_1_806' title='bbox 1779 3256 1871 3289; x_wconf 83' lang='grc' dir='ltr'>πάλιν</span> <span class='ocrx_word' id='word_1_807' title='bbox 1892 3257 2008 3289; x_wconf 79' lang='grc' dir='ltr'>ἐκεῖθεν</span> <span class='ocrx_word' id='word_1_808' title='bbox 2029 3255 2263 3296; x_wconf 80' lang='grc' dir='ltr'>ἀπολλύμενον,</span> <span class='ocrx_word' id='word_1_809' title='bbox 2285 3253 2357 3295; x_wconf 76' lang='grc' dir='ltr'><strong>δόξῃ</strong></span> <span class='ocrx_word' id='word_1_810' title='bbox 2380 3252 2447 3295; x_wconf 56' lang='grc' dir='ltr'><strong><em>μεθ</em></strong></span> 
     </span>
     <span class='ocr_line' id='line_1_106' title="bbox 1405 3316 1788 3359; baseline -0.003 -10"><span class='ocrx_word' id='word_1_811' title='bbox 1405 3318 1578 3355; x_wconf 78' lang='grc' dir='ltr'>αἰσθήσεως</span> <span class='ocrx_word' id='word_1_812' title='bbox 1590 3316 1788 3359; x_wconf 85' lang='grc' dir='ltr'>περιληπτόν.</span> 
     </span>
    </p>

    <p class='ocr_par' dir='ltr' id='par_1_23' title="bbox 1405 3373 2447 3535">
     <span class='ocr_line' id='line_1_107' title="bbox 1447 3373 2447 3418; baseline -0.006 -8"><span class='ocrx_word' id='word_1_813' title='bbox 1447 3377 1706 3418; x_wconf 75' lang='lat' dir='ltr'><strong><em>Intelliqibilem</em></strong></span> <span class='ocrx_word' id='word_1_814' title='bbox 1721 3377 1867 3418; x_wconf 89' lang='lat' dir='ltr'><strong><em>speciem</em></strong></span> <span class='ocrx_word' id='word_1_815' title='bbox 1877 3377 2042 3408; x_wconf 83' lang='lat' dir='ltr'><strong><em>semotam</em></strong></span> <span class='ocrx_word' id='word_1_816' title='bbox 2058 3383 2082 3407; x_wconf 92' lang='lat' dir='ltr'><strong><em>a</em></strong></span> <span class='ocrx_word' id='word_1_817' title='bbox 2097 3373 2251 3407; x_wconf 80' lang='lat' dir='ltr'><strong><em>sensibus</em></strong></span> <span class='ocrx_word' id='word_1_818' title='bbox 2267 3374 2304 3405; x_wconf 85' lang='lat' dir='ltr'><strong><em>in</em></strong></span> <span class='ocrx_word' id='word_1_819' title='bbox 2320 3373 2447 3414; x_wconf 75' lang='lat' dir='ltr'><strong><em>seipsa</em></strong></span> 
     </span>
     <span class='ocr_line' id='line_1_108' title="bbox 1407 3433 2446 3475; baseline -0.006 -6"><span class='ocrx_word' id='word_1_820' title='bbox 1407 3435 1559 3469; x_wconf 88' lang='lat' dir='ltr'><strong><em>locatam</em></strong></span> <span class='ocrx_word' id='word_1_821' title='bbox 1575 3438 1651 3468; x_wconf 84' lang='lat' dir='ltr'><strong><em>sine</em></strong></span> <span class='ocrx_word' id='word_1_822' title='bbox 1672 3437 1770 3474; x_wconf 87' lang='lat' dir='ltr'><strong><em>ortu,</em></strong></span> <span class='ocrx_word' id='word_1_823' title='bbox 1783 3436 1860 3467; x_wconf 82' lang='lat' dir='ltr'><strong><em>sine</em></strong></span> <span class='ocrx_word' id='word_1_824' title='bbox 1870 3442 2011 3474; x_wconf 85' lang='lat' dir='ltr'><strong><em>occasu,</em></strong></span> <span class='ocrx_word' id='word_1_825' title='bbox 2026 3442 2103 3475; x_wconf 74' lang='lat' dir='ltr'><strong><em>quae</em></strong></span> <span class='ocrx_word' id='word_1_826' title='bbox 2119 3441 2180 3465; x_wconf 86' lang='lat' dir='ltr'><strong><em>nec</em></strong></span> <span class='ocrx_word' id='word_1_827' title='bbox 2193 3433 2338 3473; x_wconf 82' lang='lat' dir='ltr'><strong><em>recipiat</em></strong></span> <span class='ocrx_word' id='word_1_828' title='bbox 2355 3433 2392 3464; x_wconf 81' lang='lat' dir='ltr'><strong><em>in</em></strong></span> <span class='ocrx_word' id='word_1_829' title='bbox 2408 3437 2446 3463; x_wconf 75' lang='lat' dir='ltr'><strong><em>se</em></strong></span> 
     </span>
     <span class='ocr_line' id='line_1_109' title="bbox 1405 3487 2444 3535; baseline -0.005 -8"><span class='ocrx_word' id='word_1_830' title='bbox 1405 3493 1601 3535; x_wconf 82' lang='lat' dir='ltr'><strong><em>quidquam</em></strong></span> <span class='ocrx_word' id='word_1_831' title='bbox 1620 3492 1785 3533; x_wconf 83' lang='lat' dir='ltr'><strong><em>aliunde,</em></strong></span> <span class='ocrx_word' id='word_1_832' title='bbox 1802 3499 1863 3526; x_wconf 86' lang='lat' dir='ltr'><strong><em>nec</em></strong></span> <span class='ocrx_word' id='word_1_833' title='bbox 1883 3493 1959 3533; x_wconf 81' lang='lat' dir='ltr'><strong><em>ipsa</em></strong></span> <span class='ocrx_word' id='word_1_834' title='bbox 1977 3490 2142 3533; x_wconf 85' lang='lat' dir='ltr'><strong><em>procedat</em></strong></span> <span class='ocrx_word' id='word_1_835' title='bbox 2159 3490 2207 3524; x_wconf 81' lang='lat' dir='ltr'><strong><em>ad</em></strong></span> <span class='ocrx_word' id='word_1_836' title='bbox 2228 3489 2330 3523; x_wconf 84' lang='lat' dir='ltr'><strong><em>aliud</em></strong></span> <span class='ocrx_word' id='word_1_837' title='bbox 2344 3487 2444 3532; x_wconf 72' lang='lat' dir='ltr'><strong><em>quid·</em></strong></span> 
     </span>
    </p>
   </div>
   <div class='ocr_carea' id='block_1_12' title="bbox 2598 205 2606 574">
    <p class='ocr_par' dir='ltr' id='par_1_24' title="bbox 2598 205 2606 574">
     <span class='ocr_line' id='line_1_110' title="bbox 2598 205 2606 574; textangle 90"><span class='ocrx_word' id='word_1_838' title='bbox 2604 569 2606 574; x_wconf 80' lang='grc'>.</span> <span class='ocrx_word' id='word_1_839' title='bbox 2599 383 2606 554; x_wconf 29' lang='grc' dir='ltr'><strong><em>.ΑᾸ.-.-.....-,..-</em></strong></span> <span class='ocrx_word' id='word_1_840' title='bbox 2598 205 2606 372; x_wconf 44' lang='grc' dir='ltr'><strong><em>..μὲ-,ᾳ</em></strong></span> 
     </span>
    </p>
   </div>
  </div>
 </body>
</html>
