<?xml version="1.0" encoding="UTF-8"?>
<!DOCTYPE html PUBLIC "-//W3C//DTD XHTML 1.0 Transitional//EN"
    "http://www.w3.org/TR/xhtml1/DTD/xhtml1-transitional.dtd">
<html xmlns="http://www.w3.org/1999/xhtml" xml:lang="en" lang="en">
 <head>
  <title>
</title>
<meta http-equiv="Content-Type" content="text/html;charset=utf-8" />
  <meta name='ocr-system' content='tesseract 3.04.00' />
  <meta name='ocr-capabilities' content='ocr_page ocr_carea ocr_par ocr_line ocrx_word'/>
</head>
<body>
  <div class='ocr_page' id='page_1' title='image "./fragmentaphiloso02mulluoft_0063.png"; bbox 0 0 2638 3840; ppageno 0'>
   <div class='ocr_carea' id='block_1_1' title="bbox 0 0 50 1160">
    <p class='ocr_par' dir='ltr' id='par_1_1' title="bbox 0 0 50 1160">
     <span class='ocr_line' id='line_1_1' title="bbox 0 0 50 1160; baseline 0 0"><span class='ocrx_word' id='word_1_1' title='bbox 0 0 50 1160; x_wconf 95' lang='lat' dir='ltr'> </span> 
     </span>
    </p>
   </div>
   <div class='ocr_carea' id='block_1_2' title="bbox 0 1517 49 3840">
    <p class='ocr_par' dir='ltr' id='par_1_2' title="bbox 0 1517 49 3840">
     <span class='ocr_line' id='line_1_2' title="bbox 0 1517 49 3840; baseline 0 0"><span class='ocrx_word' id='word_1_2' title='bbox 0 1517 49 3840; x_wconf 95' lang='lat' dir='ltr'> </span> 
     </span>
    </p>
   </div>
   <div class='ocr_carea' id='block_1_3' title="bbox 662 239 1755 290">
    <p class='ocr_par' dir='ltr' id='par_1_3' title="bbox 662 239 1755 290">
     <span class='ocr_line' id='line_1_3' title="bbox 662 239 1755 290; baseline -0.001 -8"><span class='ocrx_word' id='word_1_3' title='bbox 662 240 894 290; x_wconf 67' lang='lat' dir='ltr'>musone</span> <span class='ocrx_word' id='word_1_4' title='bbox 920 240 1214 282; x_wconf 77' lang='lat' dir='ltr'>Dlscu’nus</span> <span class='ocrx_word' id='word_1_5' title='bbox 1242 240 1308 282; x_wconf 82' lang='grc' dir='ltr'>ΕΤ</span> <span class='ocrx_word' id='word_1_6' title='bbox 1333 239 1755 284; x_wconf 80' lang='lat' dir='ltr'>SUCCESSORIBUS.</span> 
     </span>
    </p>
   </div>
   <div class='ocr_carea' id='block_1_4' title="bbox 126 329 1169 383">
    <p class='ocr_par' dir='ltr' id='par_1_4' title="bbox 126 329 1169 383">
     <span class='ocr_line' id='line_1_4' title="bbox 126 329 1169 383; baseline -0.001 -14"><span class='ocrx_word' id='word_1_7' title='bbox 126 329 234 383; x_wconf 86' lang='lat' dir='ltr'>quod</span> <span class='ocrx_word' id='word_1_8' title='bbox 251 337 494 378; x_wconf 82' lang='lat' dir='ltr'>contractus,</span> <span class='ocrx_word' id='word_1_9' title='bbox 514 342 579 369; x_wconf 90' lang='lat' dir='ltr'>res</span> <span class='ocrx_word' id='word_1_10' title='bbox 603 337 874 370; x_wconf 75' lang='lat' dir='ltr'>controversas</span> <span class='ocrx_word' id='word_1_11' title='bbox 891 338 930 368; x_wconf 91' lang='lat' dir='ltr'>et</span> <span class='ocrx_word' id='word_1_12' title='bbox 955 329 1033 368; x_wconf 86' lang='lat' dir='ltr'>alia</span> <span class='ocrx_word' id='word_1_13' title='bbox 1051 342 1169 380; x_wconf 85' lang='lat' dir='ltr'>nego-</span> 
     </span>
    </p>
   </div>
   <div class='ocr_carea' id='block_1_5' title="bbox 26 388 1174 442">
    <p class='ocr_par' dir='ltr' id='par_1_5' title="bbox 26 388 1174 442">
     <span class='ocr_line' id='line_1_5' title="bbox 26 388 1174 442; baseline -0.003 -12"><span class='ocrx_word' id='word_1_14' title='bbox 26 391 33 405; x_wconf 41' lang='grc' dir='ltr'>ἓ</span> <span class='ocrx_word' id='word_1_15' title='bbox 100 408 102 413; x_wconf 71' lang='lat'>,</span> <span class='ocrx_word' id='word_1_16' title='bbox 126 391 183 429; x_wconf 75' lang='lat' dir='ltr'>tia</span> <span class='ocrx_word' id='word_1_17' title='bbox 202 389 245 429; x_wconf 88' lang='lat' dir='ltr'>in</span> <span class='ocrx_word' id='word_1_18' title='bbox 273 388 421 442; x_wconf 89' lang='lat' dir='ltr'>quibus</span> <span class='ocrx_word' id='word_1_19' title='bbox 439 389 590 428; x_wconf 87' lang='lat' dir='ltr'>versari</span> <span class='ocrx_word' id='word_1_20' title='bbox 612 388 791 428; x_wconf 87' lang='lat' dir='ltr'>homines</span> <span class='ocrx_word' id='word_1_21' title='bbox 810 389 936 428; x_wconf 88' lang='lat' dir='ltr'>solent</span> <span class='ocrx_word' id='word_1_22' title='bbox 961 388 1011 428; x_wconf 89' lang='lat' dir='ltr'>ad</span> <span class='ocrx_word' id='word_1_23' title='bbox 1030 398 1174 428; x_wconf 83' lang='lat' dir='ltr'>certam</span> 
     </span>
    </p>
   </div>
   <div class='ocr_carea' id='block_1_6' title="bbox 45 446 1176 2699">
    <p class='ocr_par' dir='ltr' id='par_1_6' title="bbox 123 446 1176 859">
     <span class='ocr_line' id='line_1_6' title="bbox 127 446 1174 501; baseline 0.001 -14"><span class='ocrx_word' id='word_1_24' title='bbox 127 448 321 501; x_wconf 82' lang='lat' dir='ltr'>quandam</span> <span class='ocrx_word' id='word_1_25' title='bbox 342 461 519 487; x_wconf 84' lang='lat' dir='ltr'>normam</span> <span class='ocrx_word' id='word_1_26' title='bbox 541 447 700 489; x_wconf 82' lang='lat' dir='ltr'>direxit.</span> <span class='ocrx_word' id='word_1_27' title='bbox 722 446 769 486; x_wconf 89' lang='lat' dir='ltr'>ln</span> <span class='ocrx_word' id='word_1_28' title='bbox 792 461 872 500; x_wconf 84' lang='lat' dir='ltr'>quo</span> <span class='ocrx_word' id='word_1_29' title='bbox 890 461 1032 499; x_wconf 80' lang='lat' dir='ltr'>genere</span> <span class='ocrx_word' id='word_1_30' title='bbox 1050 450 1174 500; x_wconf 86' lang='lat' dir='ltr'>legem</span> 
     </span>
     <span class='ocr_line' id='line_1_7' title="bbox 126 505 1174 560; baseline 0.001 -14"><span class='ocrx_word' id='word_1_31' title='bbox 126 506 177 548; x_wconf 85' lang='lat' dir='ltr'>de</span> <span class='ocrx_word' id='word_1_32' title='bbox 197 520 279 547; x_wconf 85' lang='lat' dir='ltr'>non</span> <span class='ocrx_word' id='word_1_33' title='bbox 300 507 430 547; x_wconf 81' lang='lat' dir='ltr'>danda</span> <span class='ocrx_word' id='word_1_34' title='bbox 446 520 521 560; x_wconf 88' lang='lat' dir='ltr'>pro</span> <span class='ocrx_word' id='word_1_35' title='bbox 548 505 792 546; x_wconf 69' lang='lat' dir='ltr'>faenebribus</span> <span class='ocrx_word' id='word_1_36' title='bbox 811 507 990 559; x_wconf 87' lang='lat' dir='ltr'>pecuniis</span> <span class='ocrx_word' id='word_1_37' title='bbox 1008 520 1174 559; x_wconf 83' lang='lat' dir='ltr'>syngra-</span> 
     </span>
     <span class='ocr_line' id='line_1_8' title="bbox 133 565 1174 620; baseline -0.001 -13"><span class='ocrx_word' id='word_1_38' title='bbox 133 566 215 620; x_wconf 73' lang='lat' dir='ltr'>pha</span> <span class='ocrx_word' id='word_1_39' title='bbox 231 567 390 619; x_wconf 83' lang='lat' dir='ltr'>attingit</span> <span class='ocrx_word' id='word_1_40' title='bbox 409 565 607 606; x_wconf 86' lang='lat' dir='ltr'>Zenobius</span> <span class='ocrx_word' id='word_1_41' title='bbox 633 565 822 619; x_wconf 80' lang='lat' dir='ltr'>proverb.</span> <span class='ocrx_word' id='word_1_42' title='bbox 849 566 897 615; x_wconf 88' lang='lat' dir='ltr'>V,</span> <span class='ocrx_word' id='word_1_43' title='bbox 927 572 967 612; x_wconf 72' lang='grc'>4.</span> <span class='ocrx_word' id='word_1_44' title='bbox 985 566 1174 607; x_wconf 83' lang='lat' dir='ltr'>Caeterum</span> 
     </span>
     <span class='ocr_line' id='line_1_9' title="bbox 126 625 1174 679; baseline -0.001 -13"><span class='ocrx_word' id='word_1_45' title='bbox 126 639 207 666; x_wconf 85' lang='lat' dir='ltr'>non</span> <span class='ocrx_word' id='word_1_46' title='bbox 221 626 415 679; x_wconf 88' lang='lat' dir='ltr'>probatur</span> <span class='ocrx_word' id='word_1_47' title='bbox 439 625 556 665; x_wconf 90' lang='lat' dir='ltr'>nobis</span> <span class='ocrx_word' id='word_1_48' title='bbox 571 638 710 664; x_wconf 91' lang='lat' dir='ltr'>eorum</span> <span class='ocrx_word' id='word_1_49' title='bbox 724 625 863 677; x_wconf 88' lang='lat' dir='ltr'>opinio</span> <span class='ocrx_word' id='word_1_50' title='bbox 882 625 952 677; x_wconf 90' lang='lat' dir='ltr'>qui</span> <span class='ocrx_word' id='word_1_51' title='bbox 977 626 1081 678; x_wconf 87' lang='lat' dir='ltr'>apud</span> <span class='ocrx_word' id='word_1_52' title='bbox 1099 626 1174 665; x_wconf 83' lang='lat' dir='ltr'>He-</span> 
     </span>
     <span class='ocr_line' id='line_1_10' title="bbox 125 683 1176 738; baseline 0 -13"><span class='ocrx_word' id='word_1_53' title='bbox 125 685 304 738; x_wconf 77' lang='lat' dir='ltr'>sychium</span> <span class='ocrx_word' id='word_1_54' title='bbox 321 685 402 724; x_wconf 92' lang='lat' dir='ltr'>duo</span> <span class='ocrx_word' id='word_1_55' title='bbox 425 683 546 724; x_wconf 77' lang='lat' dir='ltr'>verba</span> <span class='ocrx_word' id='word_1_56' title='bbox 570 697 594 726; x_wconf 85' lang='lat' dir='ltr'>e</span> <span class='ocrx_word' id='word_1_57' title='bbox 608 683 766 724; x_wconf 83' lang='lat' dir='ltr'>Zaleuci</span> <span class='ocrx_word' id='word_1_58' title='bbox 787 683 942 735; x_wconf 86' lang='lat' dir='ltr'>legibus</span> <span class='ocrx_word' id='word_1_59' title='bbox 971 697 1176 737; x_wconf 77' lang='lat' dir='ltr'>superesse</span> 
     </span>
     <span class='ocr_line' id='line_1_11' title="bbox 126 745 1172 795; baseline 0.002 -9"><span class='ocrx_word' id='word_1_60' title='bbox 126 747 306 788; x_wconf 88' lang='lat' dir='ltr'>credunt.</span> <span class='ocrx_word' id='word_1_61' title='bbox 348 747 388 787; x_wconf 82' lang='lat' dir='ltr'>ls</span> <span class='ocrx_word' id='word_1_62' title='bbox 418 746 524 786; x_wconf 90' lang='lat' dir='ltr'>euim</span> <span class='ocrx_word' id='word_1_63' title='bbox 556 746 767 788; x_wconf 78' lang='grc' dir='ltr'><strong>ΛΕΠΤΑΣ</strong></span> <span class='ocrx_word' id='word_1_64' title='bbox 792 745 886 786; x_wconf 84' lang='grc' dir='ltr'>ΚΑΙ</span> <span class='ocrx_word' id='word_1_65' title='bbox 925 746 1172 795; x_wconf 79' lang='grc' dir='ltr'><strong>ΠΑΧΕΙΑΣ,</strong></span> 
     </span>
     <span class='ocr_line' id='line_1_12' title="bbox 123 804 1175 859; baseline -0.002 -13"><span class='ocrx_word' id='word_1_66' title='bbox 123 806 273 859; x_wconf 84' lang='lat' dir='ltr'>inquit,</span> <span class='ocrx_word' id='word_1_67' title='bbox 294 807 415 851; x_wconf 76' lang='grc' dir='ltr'><strong>λεῦκος</strong></span> <span class='ocrx_word' id='word_1_68' title='bbox 436 806 473 845; x_wconf 69' lang='grc' dir='ltr'><strong>ἐν</strong></span> <span class='ocrx_word' id='word_1_69' title='bbox 488 804 647 858; x_wconf 78' lang='grc' dir='ltr'>Νόμοις,</span> <span class='ocrx_word' id='word_1_70' title='bbox 668 804 731 850; x_wconf 80' lang='grc' dir='ltr'>τὰς</span> <span class='ocrx_word' id='word_1_71' title='bbox 755 804 935 858; x_wconf 78' lang='grc' dir='ltr'><strong>δραχμάς·</strong></span> <span class='ocrx_word' id='word_1_72' title='bbox 955 805 1088 849; x_wconf 79' lang='grc' dir='ltr'><strong>λεπτὰς</strong></span> <span class='ocrx_word' id='word_1_73' title='bbox 1110 805 1175 856; x_wconf 78' lang='grc' dir='ltr'>μὲν</span> 
     </span>
    </p>

    <p class='ocr_par' dir='ltr' id='par_1_7' title="bbox 45 862 1175 2699">
     <span class='ocr_line' id='line_1_13' title="bbox 122 862 1174 919; baseline -0.002 -13"><span class='ocrx_word' id='word_1_74' title='bbox 122 865 187 911; x_wconf 67' lang='grc' dir='ltr'>τὰς</span> <span class='ocrx_word' id='word_1_75' title='bbox 195 865 399 914; x_wconf 71' lang='grc' dir='ltr'><strong>όξωόόλους,</strong></span> <span class='ocrx_word' id='word_1_76' title='bbox 414 864 567 919; x_wconf 76' lang='grc' dir='ltr'><strong>παχείας</strong></span> <span class='ocrx_word' id='word_1_77' title='bbox 582 864 619 904; x_wconf 81' lang='grc' dir='ltr'>δὲ</span> <span class='ocrx_word' id='word_1_78' title='bbox 633 863 698 910; x_wconf 72' lang='grc' dir='ltr'>τὰς</span> <span class='ocrx_word' id='word_1_79' title='bbox 710 864 818 904; x_wconf 75' lang='grc' dir='ltr'><strong>πλέον</strong></span> <span class='ocrx_word' id='word_1_80' title='bbox 829 862 993 917; x_wconf 77' lang='grc' dir='ltr'><strong>ἐχούσας,</strong></span> <span class='ocrx_word' id='word_1_81' title='bbox 1003 864 1032 903; x_wconf 92' lang='lat' dir='ltr'>i.</span> <span class='ocrx_word' id='word_1_82' title='bbox 1049 877 1086 906; x_wconf 91' lang='lat' dir='ltr'>e.</span> <span class='ocrx_word' id='word_1_83' title='bbox 1098 865 1174 904; x_wconf 89' lang='lat' dir='ltr'>Vo-</span> 
     </span>
     <span class='ocr_line' id='line_1_14' title="bbox 45 923 1175 977; baseline 0 -12"><span class='ocrx_word' id='word_1_84' title='bbox 45 933 53 941; x_wconf 86' lang='lat'><strong>·</strong></span> <span class='ocrx_word' id='word_1_85' title='bbox 125 937 189 965; x_wconf 81' lang='lat' dir='ltr'>ces</span> <span class='ocrx_word' id='word_1_86' title='bbox 204 924 339 968; x_wconf 68' lang='grc' dir='ltr'><strong>λεπτὰς</strong></span> <span class='ocrx_word' id='word_1_87' title='bbox 350 924 412 965; x_wconf 75' lang='grc' dir='ltr'>καὶ</span> <span class='ocrx_word' id='word_1_88' title='bbox 424 924 596 977; x_wconf 80' lang='grc' dir='ltr'><strong>παχείας,</strong></span> <span class='ocrx_word' id='word_1_89' title='bbox 609 933 736 963; x_wconf 75' lang='lat' dir='ltr'>tenues</span> <span class='ocrx_word' id='word_1_90' title='bbox 756 933 796 963; x_wconf 85' lang='lat' dir='ltr'>et</span> <span class='ocrx_word' id='word_1_91' title='bbox 805 937 963 971; x_wconf 83' lang='lat' dir='ltr'>crassas,</span> <span class='ocrx_word' id='word_1_92' title='bbox 986 923 1175 965; x_wconf 83' lang='lat' dir='ltr'>Zaleucus</span> 
     </span>
     <span class='ocr_line' id='line_1_15' title="bbox 123 984 1174 1037; baseline -0.001 -11"><span class='ocrx_word' id='word_1_93' title='bbox 123 985 168 1025; x_wconf 84' lang='lat' dir='ltr'>in</span> <span class='ocrx_word' id='word_1_94' title='bbox 196 984 368 1037; x_wconf 77' lang='lat' dir='ltr'>Legibus</span> <span class='ocrx_word' id='word_1_95' title='bbox 393 986 443 1025; x_wconf 92' lang='lat' dir='ltr'>de</span> <span class='ocrx_word' id='word_1_96' title='bbox 460 984 661 1024; x_wconf 77' lang='lat' dir='ltr'>drachmis</span> <span class='ocrx_word' id='word_1_97' title='bbox 682 992 866 1037; x_wconf 84' lang='lat' dir='ltr'>usurpat,</span> <span class='ocrx_word' id='word_1_98' title='bbox 897 996 1018 1036; x_wconf 89' lang='lat' dir='ltr'>quum</span> <span class='ocrx_word' id='word_1_99' title='bbox 1046 985 1174 1025; x_wconf 90' lang='lat' dir='ltr'>tenuis</span> 
     </span>
     <span class='ocr_line' id='line_1_16' title="bbox 123 1043 1174 1097; baseline -0.002 -12"><span class='ocrx_word' id='word_1_100' title='bbox 123 1044 307 1085; x_wconf 75' lang='lat' dir='ltr'>drachma</span> <span class='ocrx_word' id='word_1_101' title='bbox 322 1057 391 1084; x_wconf 84' lang='lat' dir='ltr'>sex</span> <span class='ocrx_word' id='word_1_102' title='bbox 410 1043 550 1083; x_wconf 89' lang='lat' dir='ltr'>obolos</span> <span class='ocrx_word' id='word_1_103' title='bbox 565 1043 781 1095; x_wconf 85' lang='lat' dir='ltr'>contineat,</span> <span class='ocrx_word' id='word_1_104' title='bbox 792 1055 924 1082; x_wconf 83' lang='lat' dir='ltr'>crassa</span> <span class='ocrx_word' id='word_1_105' title='bbox 937 1051 1065 1082; x_wconf 89' lang='lat' dir='ltr'>autem</span> <span class='ocrx_word' id='word_1_106' title='bbox 1084 1043 1174 1097; x_wconf 77' lang='lat' dir='ltr'>plus</span> 
     </span>
     <span class='ocr_line' id='line_1_17' title="bbox 123 1101 1175 1148; baseline -0.004 -3"><span class='ocrx_word' id='word_1_107' title='bbox 123 1116 207 1145; x_wconf 76' lang='lat' dir='ltr'>sex.</span> <span class='ocrx_word' id='word_1_108' title='bbox 225 1103 306 1144; x_wconf 77' lang='lat' dir='ltr'>Pro</span> <span class='ocrx_word' id='word_1_109' title='bbox 324 1106 458 1148; x_wconf 76' lang='grc' dir='ltr'><strong>Λεῦκος</strong></span> <span class='ocrx_word' id='word_1_110' title='bbox 474 1103 661 1143; x_wconf 79' lang='lat' dir='ltr'>videlicet</span> <span class='ocrx_word' id='word_1_111' title='bbox 670 1102 750 1142; x_wconf 76' lang='lat' dir='ltr'>viri</span> <span class='ocrx_word' id='word_1_112' title='bbox 769 1102 874 1141; x_wconf 88' lang='lat' dir='ltr'>docti</span> <span class='ocrx_word' id='word_1_113' title='bbox 890 1101 1175 1142; x_wconf 83' lang='lat' dir='ltr'>substituerunt</span> 
     </span>
     <span class='ocr_line' id='line_1_18' title="bbox 123 1161 1167 1215; baseline -0.002 -11"><span class='ocrx_word' id='word_1_114' title='bbox 123 1163 316 1209; x_wconf 74' lang='grc' dir='ltr'><strong>Ζάλευκος.</strong></span> <span class='ocrx_word' id='word_1_115' title='bbox 348 1166 399 1204; x_wconf 75' lang='lat' dir='ltr'>At</span> <span class='ocrx_word' id='word_1_116' title='bbox 431 1175 553 1215; x_wconf 88' lang='lat' dir='ltr'>quum</span> <span class='ocrx_word' id='word_1_117' title='bbox 575 1161 707 1202; x_wconf 83' lang='lat' dir='ltr'>Julius</span> <span class='ocrx_word' id='word_1_118' title='bbox 733 1161 879 1201; x_wconf 82' lang='lat' dir='ltr'>Pollux</span> <span class='ocrx_word' id='word_1_119' title='bbox 899 1161 980 1215; x_wconf 90' lang='grc'>(58)</span> <span class='ocrx_word' id='word_1_120' title='bbox 1014 1161 1167 1210; x_wconf 87' lang='lat' dir='ltr'>doceat,</span> 
     </span>
     <span class='ocr_line' id='line_1_19' title="bbox 122 1220 1173 1273; baseline -0.001 -11"><span class='ocrx_word' id='word_1_121' title='bbox 122 1221 347 1263; x_wconf 76' lang='lat' dir='ltr'>drachmam</span> <span class='ocrx_word' id='word_1_122' title='bbox 376 1221 629 1272; x_wconf 80' lang='lat' dir='ltr'>AEgineticam</span> <span class='ocrx_word' id='word_1_123' title='bbox 661 1221 791 1260; x_wconf 82' lang='lat' dir='ltr'>Attica</span> <span class='ocrx_word' id='word_1_124' title='bbox 825 1220 1016 1273; x_wconf 87' lang='lat' dir='ltr'>majorem</span> <span class='ocrx_word' id='word_1_125' title='bbox 1054 1221 1173 1261; x_wconf 85' lang='lat' dir='ltr'>fuisse</span> 
     </span>
     <span class='ocr_line' id='line_1_20' title="bbox 119 1279 1171 1335; baseline -0.002 -13"><span class='ocrx_word' id='word_1_126' title='bbox 119 1290 238 1335; x_wconf 82' lang='lat' dir='ltr'>atque</span> <span class='ocrx_word' id='word_1_127' title='bbox 275 1281 530 1321; x_wconf 75' lang='lat' dir='ltr'>Athenienses</span> <span class='ocrx_word' id='word_1_128' title='bbox 556 1279 650 1320; x_wconf 93' lang='lat' dir='ltr'>odio</span> <span class='ocrx_word' id='word_1_129' title='bbox 680 1280 723 1319; x_wconf 91' lang='lat' dir='ltr'>in</span> <span class='ocrx_word' id='word_1_130' title='bbox 757 1280 953 1331; x_wconf 81' lang='lat' dir='ltr'>AEginetas</span> <span class='ocrx_word' id='word_1_131' title='bbox 984 1289 1171 1333; x_wconf 88' lang='lat' dir='ltr'>concepto</span> 
     </span>
     <span class='ocr_line' id='line_1_21' title="bbox 118 1339 1171 1392; baseline -0.003 -10"><span class='ocrx_word' id='word_1_132' title='bbox 118 1342 228 1382; x_wconf 81' lang='lat' dir='ltr'>illam</span> <span class='ocrx_word' id='word_1_133' title='bbox 253 1354 423 1381; x_wconf 80' lang='lat' dir='ltr'>crassam</span> <span class='ocrx_word' id='word_1_134' title='bbox 436 1369 461 1391; x_wconf 95' lang='lat'>,.</span> <span class='ocrx_word' id='word_1_135' title='bbox 476 1339 576 1379; x_wconf 87' lang='lat' dir='ltr'>hanc</span> <span class='ocrx_word' id='word_1_136' title='bbox 593 1348 748 1379; x_wconf 88' lang='lat' dir='ltr'>tenuem</span> <span class='ocrx_word' id='word_1_137' title='bbox 764 1351 926 1378; x_wconf 81' lang='lat' dir='ltr'>vocasse</span> <span class='ocrx_word' id='word_1_138' title='bbox 945 1351 955 1376; x_wconf 73' lang='grc' dir='ltr'>ε</span> <span class='ocrx_word' id='word_1_139' title='bbox 976 1347 1082 1392; x_wconf 87' lang='lat' dir='ltr'>patet</span> <span class='ocrx_word' id='word_1_140' title='bbox 1097 1340 1171 1379; x_wconf 88' lang='lat' dir='ltr'>hu-</span> 
     </span>
     <span class='ocr_line' id='line_1_22' title="bbox 113 1397 1168 1453; baseline -0.005 -12"><span class='ocrx_word' id='word_1_141' title='bbox 113 1400 290 1453; x_wconf 87' lang='lat' dir='ltr'>jusmodi</span> <span class='ocrx_word' id='word_1_142' title='bbox 309 1398 628 1439; x_wconf 83' lang='lat' dir='ltr'>observationem</span> <span class='ocrx_word' id='word_1_143' title='bbox 655 1398 704 1437; x_wconf 88' lang='lat' dir='ltr'>ad</span> <span class='ocrx_word' id='word_1_144' title='bbox 732 1397 991 1450; x_wconf 85' lang='lat' dir='ltr'>posteriorem</span> <span class='ocrx_word' id='word_1_145' title='bbox 1021 1406 1168 1437; x_wconf 87' lang='lat' dir='ltr'>aetatem</span> 
     </span>
     <span class='ocr_line' id='line_1_23' title="bbox 117 1456 1170 1511; baseline -0.002 -11"><span class='ocrx_word' id='word_1_146' title='bbox 117 1459 259 1500; x_wconf 76' lang='lat' dir='ltr'>referri</span> <span class='ocrx_word' id='word_1_147' title='bbox 282 1471 410 1511; x_wconf 88' lang='lat' dir='ltr'>neque</span> <span class='ocrx_word' id='word_1_148' title='bbox 434 1459 472 1498; x_wconf 91' lang='lat' dir='ltr'>ei</span> <span class='ocrx_word' id='word_1_149' title='bbox 498 1459 541 1498; x_wconf 92' lang='lat' dir='ltr'>in</span> <span class='ocrx_word' id='word_1_150' title='bbox 560 1457 718 1497; x_wconf 83' lang='lat' dir='ltr'>Zaleuci</span> <span class='ocrx_word' id='word_1_151' title='bbox 752 1456 906 1508; x_wconf 83' lang='lat' dir='ltr'>legibus</span> <span class='ocrx_word' id='word_1_152' title='bbox 931 1457 1061 1496; x_wconf 90' lang='lat' dir='ltr'>locum</span> <span class='ocrx_word' id='word_1_153' title='bbox 1085 1471 1170 1498; x_wconf 87' lang='lat' dir='ltr'>esse</span> 
     </span>
     <span class='ocr_line' id='line_1_24' title="bbox 116 1517 1169 1574; baseline -0.003 -13"><span class='ocrx_word' id='word_1_154' title='bbox 116 1521 304 1574; x_wconf 84' lang='lat' dir='ltr'>potuisse.</span> <span class='ocrx_word' id='word_1_155' title='bbox 325 1519 434 1559; x_wconf 84' lang='lat' dir='ltr'>Vidit</span> <span class='ocrx_word' id='word_1_156' title='bbox 456 1518 534 1559; x_wconf 91' lang='lat' dir='ltr'>hoc</span> <span class='ocrx_word' id='word_1_157' title='bbox 556 1518 640 1571; x_wconf 83' lang='lat' dir='ltr'>jam</span> <span class='ocrx_word' id='word_1_158' title='bbox 669 1517 869 1569; x_wconf 88' lang='lat' dir='ltr'>Bentlejus</span> <span class='ocrx_word' id='word_1_159' title='bbox 897 1518 939 1556; x_wconf 90' lang='lat' dir='ltr'>in</span> <span class='ocrx_word' id='word_1_160' title='bbox 958 1517 1169 1570; x_wconf 83' lang='lat' dir='ltr'>opusculis</span> 
     </span>
     <span class='ocr_line' id='line_1_25' title="bbox 114 1576 1169 1634; baseline -0.006 -14"><span class='ocrx_word' id='word_1_161' title='bbox 114 1579 366 1634; x_wconf 76' lang='lat' dir='ltr'>philologieis</span> <span class='ocrx_word' id='word_1_162' title='bbox 381 1591 467 1632; x_wconf 80' lang='lat' dir='ltr'>pag.</span> <span class='ocrx_word' id='word_1_163' title='bbox 480 1579 556 1624; x_wconf 71' lang='grc'>344</span> <span class='ocrx_word' id='word_1_164' title='bbox 571 1590 671 1630; x_wconf 88' lang='lat' dir='ltr'>seq.‚</span> <span class='ocrx_word' id='word_1_165' title='bbox 688 1578 810 1629; x_wconf 89' lang='lat' dir='ltr'>quiin</span> <span class='ocrx_word' id='word_1_166' title='bbox 823 1576 895 1616; x_wconf 92' lang='lat' dir='ltr'>illo</span> <span class='ocrx_word' id='word_1_167' title='bbox 911 1577 1043 1621; x_wconf 78' lang='grc' dir='ltr'><strong>Λεῦκος</strong></span> <span class='ocrx_word' id='word_1_168' title='bbox 1062 1577 1169 1615; x_wconf 85' lang='lat' dir='ltr'>frau-</span> 
     </span>
     <span class='ocr_line' id='line_1_26' title="bbox 113 1636 1166 1691; baseline -0.005 -11"><span class='ocrx_word' id='word_1_169' title='bbox 113 1640 176 1680; x_wconf 87' lang='lat' dir='ltr'>dis</span> <span class='ocrx_word' id='word_1_170' title='bbox 194 1639 404 1691; x_wconf 79' lang='lat' dir='ltr'>vestigium</span> <span class='ocrx_word' id='word_1_171' title='bbox 424 1637 613 1689; x_wconf 83' lang='lat' dir='ltr'>agnoscit.</span> <span class='ocrx_word' id='word_1_172' title='bbox 640 1636 832 1689; x_wconf 88' lang='lat' dir='ltr'>Equidem</span> <span class='ocrx_word' id='word_1_173' title='bbox 862 1650 943 1676; x_wconf 92' lang='lat' dir='ltr'>non</span> <span class='ocrx_word' id='word_1_174' title='bbox 966 1636 1166 1685; x_wconf 81' lang='grc' dir='ltr'><strong>Ζάλευκος,</strong></span> 
     </span>
     <span class='ocr_line' id='line_1_27' title="bbox 113 1694 1164 1749; baseline -0.005 -10"><span class='ocrx_word' id='word_1_175' title='bbox 113 1699 182 1740; x_wconf 87' lang='lat' dir='ltr'>sed</span> <span class='ocrx_word' id='word_1_176' title='bbox 212 1698 385 1743; x_wconf 73' lang='grc' dir='ltr'><strong>Σέλευκος</strong></span> <span class='ocrx_word' id='word_1_177' title='bbox 406 1698 487 1749; x_wconf 82' lang='grc'>(59)</span> <span class='ocrx_word' id='word_1_178' title='bbox 516 1696 724 1747; x_wconf 83' lang='lat' dir='ltr'>legendum</span> <span class='ocrx_word' id='word_1_179' title='bbox 755 1708 841 1735; x_wconf 86' lang='lat' dir='ltr'>esse</span> <span class='ocrx_word' id='word_1_180' title='bbox 859 1694 939 1749; x_wconf 93' lang='grc' dir='ltr'>(6ο)</span> <span class='ocrx_word' id='word_1_181' title='bbox 969 1694 1164 1747; x_wconf 87' lang='lat' dir='ltr'>conjicio,</span> 
     </span>
     <span class='ocr_line' id='line_1_28' title="bbox 113 1754 1166 1812; baseline -0.004 -13"><span class='ocrx_word' id='word_1_182' title='bbox 113 1771 230 1812; x_wconf 79' lang='lat' dir='ltr'>quem</span> <span class='ocrx_word' id='word_1_183' title='bbox 248 1756 543 1810; x_wconf 73' lang='lat' dir='ltr'>grammaticum</span> <span class='ocrx_word' id='word_1_184' title='bbox 565 1755 686 1795; x_wconf 86' lang='lat' dir='ltr'>fuisse</span> <span class='ocrx_word' id='word_1_185' title='bbox 705 1768 749 1795; x_wconf 88' lang='lat' dir='ltr'>ac</span> <span class='ocrx_word' id='word_1_186' title='bbox 767 1755 818 1794; x_wconf 91' lang='lat' dir='ltr'>de</span> <span class='ocrx_word' id='word_1_187' title='bbox 835 1754 992 1794; x_wconf 88' lang='lat' dir='ltr'>Solonis</span> <span class='ocrx_word' id='word_1_188' title='bbox 1010 1754 1166 1806; x_wconf 84' lang='lat' dir='ltr'>legibus</span> 
     </span>
     <span class='ocr_line' id='line_1_29' title="bbox 115 1813 1165 1867; baseline -0.005 -9"><span class='ocrx_word' id='word_1_189' title='bbox 115 1817 440 1858; x_wconf 84' lang='lat' dir='ltr'>commentarium</span> <span class='ocrx_word' id='word_1_190' title='bbox 474 1815 682 1867; x_wconf 85' lang='lat' dir='ltr'>reliquisse</span> <span class='ocrx_word' id='word_1_191' title='bbox 718 1823 882 1856; x_wconf 86' lang='lat' dir='ltr'>constat.</span> <span class='ocrx_word' id='word_1_192' title='bbox 915 1813 1092 1866; x_wconf 83' lang='lat' dir='ltr'>Namque</span> <span class='ocrx_word' id='word_1_193' title='bbox 1121 1815 1165 1854; x_wconf 92' lang='lat' dir='ltr'>in</span> 
     </span>
     <span class='ocr_line' id='line_1_30' title="bbox 113 1874 1162 1931; baseline -0.003 -14"><span class='ocrx_word' id='word_1_194' title='bbox 113 1878 183 1918; x_wconf 84' lang='lat' dir='ltr'>tali</span> <span class='ocrx_word' id='word_1_195' title='bbox 202 1890 324 1931; x_wconf 87' lang='lat' dir='ltr'>opere</span> <span class='ocrx_word' id='word_1_196' title='bbox 350 1890 440 1917; x_wconf 88' lang='lat' dir='ltr'>eum</span> <span class='ocrx_word' id='word_1_197' title='bbox 473 1876 722 1928; x_wconf 85' lang='lat' dir='ltr'>sequentium</span> <span class='ocrx_word' id='word_1_198' title='bbox 745 1887 904 1927; x_wconf 91' lang='lat' dir='ltr'>quoque</span> <span class='ocrx_word' id='word_1_199' title='bbox 930 1874 1162 1915; x_wconf 80' lang='lat' dir='ltr'>saeculorum</span> 
     </span>
     <span class='ocr_line' id='line_1_31' title="bbox 113 1932 1164 1976; baseline -0.004 1"><span class='ocrx_word' id='word_1_200' title='bbox 113 1938 304 1976; x_wconf 85' lang='lat' dir='ltr'>rationem</span> <span class='ocrx_word' id='word_1_201' title='bbox 338 1934 524 1975; x_wconf 76' lang='lat' dir='ltr'>habuisse</span> <span class='ocrx_word' id='word_1_202' title='bbox 555 1946 672 1973; x_wconf 88' lang='lat' dir='ltr'>nemo</span> <span class='ocrx_word' id='word_1_203' title='bbox 703 1932 929 1975; x_wconf 86' lang='lat' dir='ltr'>mirabitur.</span> <span class='ocrx_word' id='word_1_204' title='bbox 960 1934 1164 1974; x_wconf 88' lang='lat' dir='ltr'>Postremo</span> 
     </span>
     <span class='ocr_line' id='line_1_32' title="bbox 113 1993 1165 2047; baseline -0.003 -11"><span class='ocrx_word' id='word_1_205' title='bbox 113 2008 223 2047; x_wconf 73' lang='lat' dir='ltr'>agam</span> <span class='ocrx_word' id='word_1_206' title='bbox 254 1996 303 2036; x_wconf 90' lang='lat' dir='ltr'>de</span> <span class='ocrx_word' id='word_1_207' title='bbox 331 1995 488 2035; x_wconf 75' lang='lat' dir='ltr'>Zaleuci</span> <span class='ocrx_word' id='word_1_208' title='bbox 513 1993 776 2047; x_wconf 85' lang='lat' dir='ltr'>praeoeptione</span> <span class='ocrx_word' id='word_1_209' title='bbox 807 2002 961 2032; x_wconf 82' lang='lat' dir='ltr'>vetusto</span> <span class='ocrx_word' id='word_1_210' title='bbox 990 2001 1165 2046; x_wconf 89' lang='lat' dir='ltr'>tempore</span> 
     </span>
     <span class='ocr_line' id='line_1_33' title="bbox 112 2051 1162 2105; baseline -0.005 -9"><span class='ocrx_word' id='word_1_211' title='bbox 112 2055 319 2096; x_wconf 82' lang='lat' dir='ltr'>celebrata.</span> <span class='ocrx_word' id='word_1_212' title='bbox 340 2054 405 2094; x_wconf 80' lang='lat' dir='ltr'>Ait</span> <span class='ocrx_word' id='word_1_213' title='bbox 426 2054 549 2104; x_wconf 84' lang='lat' dir='ltr'>igitur</span> <span class='ocrx_word' id='word_1_214' title='bbox 563 2053 650 2105; x_wconf 88' lang='lat' dir='ltr'>ipse</span> <span class='ocrx_word' id='word_1_215' title='bbox 666 2052 710 2091; x_wconf 88' lang='lat' dir='ltr'>in</span> <span class='ocrx_word' id='word_1_216' title='bbox 733 2051 934 2092; x_wconf 84' lang='lat' dir='ltr'>Prooemio</span> <span class='ocrx_word' id='word_1_217' title='bbox 953 2053 1059 2105; x_wconf 87' lang='lat' dir='ltr'>apud</span> <span class='ocrx_word' id='word_1_218' title='bbox 1075 2052 1162 2092; x_wconf 84' lang='lat' dir='ltr'>Sto·</span> 
     </span>
     <span class='ocr_line' id='line_1_34' title="bbox 111 2111 1164 2167; baseline -0.003 -12"><span class='ocrx_word' id='word_1_219' title='bbox 111 2113 238 2155; x_wconf 64' lang='lat' dir='ltr'>baum</span> <span class='ocrx_word' id='word_1_220' title='bbox 257 2115 295 2166; x_wconf 86' lang='lat'>(6</span> <span class='ocrx_word' id='word_1_221' title='bbox 303 2115 337 2167; x_wconf 88' lang='grc' dir='ltr'>ι)</span> <span class='ocrx_word' id='word_1_222' title='bbox 362 2128 372 2152; x_wconf 77' lang='lat' dir='ltr'><strong><em>z</em></strong></span> <span class='ocrx_word' id='word_1_223' title='bbox 391 2131 406 2149; x_wconf 80' lang='grc' dir='ltr'><strong>ι</strong></span> <span class='ocrx_word' id='word_1_224' title='bbox 425 2112 576 2160; x_wconf 83' lang='lat' dir='ltr'>Quodsi</span> <span class='ocrx_word' id='word_1_225' title='bbox 590 2111 682 2164; x_wconf 87' lang='lat' dir='ltr'>quis</span> <span class='ocrx_word' id='word_1_226' title='bbox 699 2111 805 2150; x_wconf 85' lang='lat' dir='ltr'>volet</span> <span class='ocrx_word' id='word_1_227' title='bbox 818 2111 922 2163; x_wconf 88' lang='lat' dir='ltr'>leges</span> <span class='ocrx_word' id='word_1_228' title='bbox 935 2112 1164 2153; x_wconf 87' lang='lat' dir='ltr'>constitutas</span> 
     </span>
     <span class='ocr_line' id='line_1_35' title="bbox 112 2169 1162 2225; baseline -0.005 -11"><span class='ocrx_word' id='word_1_229' title='bbox 112 2173 326 2225; x_wconf 76' lang='lat' dir='ltr'>abrogare,</span> <span class='ocrx_word' id='word_1_230' title='bbox 347 2171 411 2212; x_wconf 79' lang='lat' dir='ltr'>vel</span> <span class='ocrx_word' id='word_1_231' title='bbox 431 2184 574 2211; x_wconf 83' lang='lat' dir='ltr'>novam</span> <span class='ocrx_word' id='word_1_232' title='bbox 596 2171 720 2220; x_wconf 86' lang='lat' dir='ltr'>ferre,</span> <span class='ocrx_word' id='word_1_233' title='bbox 738 2170 773 2209; x_wconf 91' lang='lat' dir='ltr'>is</span> <span class='ocrx_word' id='word_1_234' title='bbox 792 2170 895 2208; x_wconf 89' lang='lat' dir='ltr'>collo</span> <span class='ocrx_word' id='word_1_235' title='bbox 918 2169 961 2208; x_wconf 91' lang='lat' dir='ltr'>in</span> <span class='ocrx_word' id='word_1_236' title='bbox 980 2169 1162 2221; x_wconf 84' lang='lat' dir='ltr'>laqueum</span> 
     </span>
     <span class='ocr_line' id='line_1_36' title="bbox 112 2229 1164 2284; baseline -0.004 -10"><span class='ocrx_word' id='word_1_237' title='bbox 112 2233 261 2274; x_wconf 81' lang='lat' dir='ltr'>inserto</span> <span class='ocrx_word' id='word_1_238' title='bbox 275 2233 324 2273; x_wconf 86' lang='lat' dir='ltr'>de</span> <span class='ocrx_word' id='word_1_239' title='bbox 342 2233 428 2284; x_wconf 77' lang='lat' dir='ltr'>lege</span> <span class='ocrx_word' id='word_1_240' title='bbox 445 2230 568 2271; x_wconf 80' lang='lat' dir='ltr'>verba</span> <span class='ocrx_word' id='word_1_241' title='bbox 581 2230 630 2269; x_wconf 90' lang='lat' dir='ltr'>ad</span> <span class='ocrx_word' id='word_1_242' title='bbox 646 2229 935 2269; x_wconf 80' lang='lat' dir='ltr'>multitudinem</span> <span class='ocrx_word' id='word_1_243' title='bbox 951 2229 1065 2269; x_wconf 83' lang='lat' dir='ltr'>faciat</span> <span class='ocrx_word' id='word_1_244' title='bbox 1083 2242 1094 2269; x_wconf 78' lang='lat' dir='ltr'>t</span> <span class='ocrx_word' id='word_1_245' title='bbox 1119 2244 1164 2270; x_wconf 84' lang='lat' dir='ltr'>ac</span> 
     </span>
     <span class='ocr_line' id='line_1_37' title="bbox 111 2288 1164 2344; baseline -0.004 -11"><span class='ocrx_word' id='word_1_246' title='bbox 111 2293 145 2333; x_wconf 85' lang='lat' dir='ltr'>si</span> <span class='ocrx_word' id='word_1_247' title='bbox 175 2293 323 2333; x_wconf 77' lang='lat' dir='ltr'>serente</span> <span class='ocrx_word' id='word_1_248' title='bbox 343 2291 534 2342; x_wconf 76' lang='lat' dir='ltr'>suffragia</span> <span class='ocrx_word' id='word_1_249' title='bbox 559 2290 710 2344; x_wconf 90' lang='lat' dir='ltr'>populo</span> <span class='ocrx_word' id='word_1_250' title='bbox 735 2297 848 2328; x_wconf 81' lang='lat' dir='ltr'>vetus</span> <span class='ocrx_word' id='word_1_251' title='bbox 875 2289 946 2328; x_wconf 90' lang='lat' dir='ltr'>illa</span> <span class='ocrx_word' id='word_1_252' title='bbox 966 2288 1031 2328; x_wconf 85' lang='lat' dir='ltr'>lex</span> <span class='ocrx_word' id='word_1_253' title='bbox 1061 2290 1164 2329; x_wconf 83' lang='lat' dir='ltr'>anti-</span> 
     </span>
     <span class='ocr_line' id='line_1_38' title="bbox 109 2347 1160 2406; baseline -0.006 -14"><span class='ocrx_word' id='word_1_254' title='bbox 109 2360 228 2406; x_wconf 81' lang='lat' dir='ltr'>quata</span> <span class='ocrx_word' id='word_1_255' title='bbox 248 2351 429 2392; x_wconf 73' lang='lat' dir='ltr'>videatur</span> <span class='ocrx_word' id='word_1_256' title='bbox 453 2359 520 2390; x_wconf 81' lang='lat' dir='ltr'>aut</span> <span class='ocrx_word' id='word_1_257' title='bbox 548 2363 595 2389; x_wconf 90' lang='lat' dir='ltr'>ea</span> <span class='ocrx_word' id='word_1_258' title='bbox 622 2361 710 2402; x_wconf 80' lang='lat' dir='ltr'>quae</span> <span class='ocrx_word' id='word_1_259' title='bbox 739 2357 900 2399; x_wconf 84' lang='lat' dir='ltr'>rogatur</span> <span class='ocrx_word' id='word_1_260' title='bbox 917 2347 1023 2387; x_wconf 81' lang='lat' dir='ltr'>bona</span> <span class='ocrx_word' id='word_1_261' title='bbox 1055 2360 1160 2397; x_wconf 86' lang='lat' dir='ltr'>esse,</span> 
     </span>
     <span class='ocr_line' id='line_1_39' title="bbox 111 2407 1164 2461; baseline -0.004 -10"><span class='ocrx_word' id='word_1_262' title='bbox 111 2411 309 2451; x_wconf 85' lang='lat' dir='ltr'>indemnis</span> <span class='ocrx_word' id='word_1_263' title='bbox 323 2410 462 2450; x_wconf 78' lang='lat' dir='ltr'>evadat</span> <span class='ocrx_word' id='word_1_264' title='bbox 492 2424 502 2448; x_wconf 75' lang='lat' dir='ltr'><strong><em>z</em></strong></span> <span class='ocrx_word' id='word_1_265' title='bbox 524 2417 660 2449; x_wconf 79' lang='lat' dir='ltr'>contra</span> <span class='ocrx_word' id='word_1_266' title='bbox 688 2408 721 2448; x_wconf 89' lang='lat' dir='ltr'>si</span> <span class='ocrx_word' id='word_1_267' title='bbox 743 2409 855 2461; x_wconf 88' lang='lat' dir='ltr'>prior</span> <span class='ocrx_word' id='word_1_268' title='bbox 869 2407 934 2446; x_wconf 87' lang='lat' dir='ltr'>lex</span> <span class='ocrx_word' id='word_1_269' title='bbox 958 2407 1098 2446; x_wconf 88' lang='lat' dir='ltr'>melius</span> <span class='ocrx_word' id='word_1_270' title='bbox 1122 2421 1164 2447; x_wconf 89' lang='lat' dir='ltr'>se</span> 
     </span>
     <span class='ocr_line' id='line_1_40' title="bbox 111 2466 1164 2523; baseline -0.006 -12"><span class='ocrx_word' id='word_1_271' title='bbox 111 2470 255 2511; x_wconf 80' lang='lat' dir='ltr'>habere</span> <span class='ocrx_word' id='word_1_272' title='bbox 271 2470 467 2518; x_wconf 78' lang='lat' dir='ltr'>videatur,</span> <span class='ocrx_word' id='word_1_273' title='bbox 489 2478 556 2508; x_wconf 88' lang='lat' dir='ltr'>aut</span> <span class='ocrx_word' id='word_1_274' title='bbox 579 2481 683 2508; x_wconf 85' lang='lat' dir='ltr'>nova</span> <span class='ocrx_word' id='word_1_275' title='bbox 698 2466 747 2507; x_wconf 91' lang='lat' dir='ltr'>de</span> <span class='ocrx_word' id='word_1_276' title='bbox 770 2479 848 2520; x_wconf 91' lang='lat' dir='ltr'>qua</span> <span class='ocrx_word' id='word_1_277' title='bbox 867 2467 997 2517; x_wconf 84' lang='lat' dir='ltr'>agitur</span> <span class='ocrx_word' id='word_1_278' title='bbox 1018 2466 1164 2523; x_wconf 53' lang='lat' dir='ltr'>injusta</span> 
     </span>
     <span class='ocr_line' id='line_1_41' title="bbox 111 2525 1161 2582; baseline -0.005 -13"><span class='ocrx_word' id='word_1_279' title='bbox 111 2530 186 2578; x_wconf 82' lang='lat' dir='ltr'>sit,</span> <span class='ocrx_word' id='word_1_280' title='bbox 207 2529 243 2569; x_wconf 86' lang='lat' dir='ltr'>is</span> <span class='ocrx_word' id='word_1_281' title='bbox 273 2530 343 2582; x_wconf 86' lang='lat' dir='ltr'>qui</span> <span class='ocrx_word' id='word_1_282' title='bbox 363 2528 550 2569; x_wconf 78' lang='lat' dir='ltr'>rescindit</span> <span class='ocrx_word' id='word_1_283' title='bbox 567 2528 628 2568; x_wconf 79' lang='lat' dir='ltr'>vel</span> <span class='ocrx_word' id='word_1_284' title='bbox 654 2535 765 2578; x_wconf 80' lang='lat' dir='ltr'>rogat</span> <span class='ocrx_word' id='word_1_285' title='bbox 790 2526 915 2578; x_wconf 82' lang='lat' dir='ltr'>legem</span> <span class='ocrx_word' id='word_1_286' title='bbox 935 2526 1075 2578; x_wconf 86' lang='lat' dir='ltr'>laqueo</span> <span class='ocrx_word' id='word_1_287' title='bbox 1095 2525 1161 2564; x_wconf 84' lang='lat' dir='ltr'>ad-</span> 
     </span>
     <span class='ocr_line' id='line_1_42' title="bbox 109 2586 1163 2630; baseline -0.005 -1"><span class='ocrx_word' id='word_1_288' title='bbox 109 2589 228 2629; x_wconf 84' lang='lat' dir='ltr'>ducto</span> <span class='ocrx_word' id='word_1_289' title='bbox 245 2589 453 2630; x_wconf 83' lang='lat' dir='ltr'>moriatur.</span> <span class='ocrx_word' id='word_1_290' title='bbox 475 2606 492 2623; x_wconf 80' lang='lat'><em>=</em></span> <span class='ocrx_word' id='word_1_291' title='bbox 511 2588 555 2628; x_wconf 84' lang='lat' dir='ltr'>ld</span> <span class='ocrx_word' id='word_1_292' title='bbox 573 2588 729 2628; x_wconf 76' lang='lat' dir='ltr'>Zaleuci</span> <span class='ocrx_word' id='word_1_293' title='bbox 752 2587 974 2627; x_wconf 84' lang='lat' dir='ltr'>institutum</span> <span class='ocrx_word' id='word_1_294' title='bbox 993 2586 1163 2625; x_wconf 86' lang='lat' dir='ltr'>tenuisse</span> 
     </span>
     <span class='ocr_line' id='line_1_43' title="bbox 115 2645 1161 2699; baseline -0.006 -10"><span class='ocrx_word' id='word_1_295' title='bbox 115 2648 329 2689; x_wconf 78' lang='lat' dir='ltr'>Locrenses</span> <span class='ocrx_word' id='word_1_296' title='bbox 358 2662 438 2688; x_wconf 92' lang='lat' dir='ltr'>non</span> <span class='ocrx_word' id='word_1_297' title='bbox 458 2647 585 2688; x_wconf 88' lang='lat' dir='ltr'>solum</span> <span class='ocrx_word' id='word_1_298' title='bbox 611 2645 805 2699; x_wconf 80' lang='lat' dir='ltr'>Polybius</span> <span class='ocrx_word' id='word_1_299' title='bbox 827 2647 907 2698; x_wconf 81' lang='lat'>(62)</span> <span class='ocrx_word' id='word_1_300' title='bbox 927 2654 1042 2698; x_wconf 81' lang='lat' dir='ltr'>atquc</span> <span class='ocrx_word' id='word_1_301' title='bbox 1070 2645 1161 2684; x_wconf 81' lang='lat' dir='ltr'>llic·</span> 
     </span>
    </p>
   </div>
   <div class='ocr_carea' id='block_1_7' title="bbox 107 2806 1162 3186">
    <p class='ocr_par' dir='ltr' id='par_1_8' title="bbox 107 2806 1162 3186">
     <span class='ocr_line' id='line_1_44' title="bbox 110 2806 1161 2855; baseline -0.009 -9"><span class='ocrx_word' id='word_1_302' title='bbox 110 2811 280 2855; x_wconf 69' lang='grc' dir='ltr'><strong>σεόἀσομεν</strong></span> <span class='ocrx_word' id='word_1_303' title='bbox 298 2810 468 2852; x_wconf 74' lang='grc' dir='ltr'><strong>τὸνλόγον.</strong></span> <span class='ocrx_word' id='word_1_304' title='bbox 481 2827 522 2834; x_wconf 93' lang='grc'>-</span> <span class='ocrx_word' id='word_1_305' title='bbox 545 2808 613 2851; x_wconf 68' lang='grc'>(58)</span> <span class='ocrx_word' id='word_1_306' title='bbox 628 2807 738 2842; x_wconf 77' lang='lat' dir='ltr'>Julius</span> <span class='ocrx_word' id='word_1_307' title='bbox 758 2807 871 2842; x_wconf 76' lang='lat' dir='ltr'>Pollux</span> <span class='ocrx_word' id='word_1_308' title='bbox 890 2808 946 2847; x_wconf 84' lang='lat' dir='ltr'>lx,</span> <span class='ocrx_word' id='word_1_309' title='bbox 967 2810 987 2839; x_wconf 76' lang='grc' dir='ltr'><strong>ο</strong></span> <span class='ocrx_word' id='word_1_310' title='bbox 1005 2819 1012 2838; x_wconf 87' lang='lat'>:</span> <span class='ocrx_word' id='word_1_311' title='bbox 1036 2806 1092 2845; x_wconf 76' lang='grc' dir='ltr'>τὴν</span> <span class='ocrx_word' id='word_1_312' title='bbox 1109 2806 1161 2838; x_wconf 69' lang='lat' dir='ltr'>At·</span> 
     </span>
     <span class='ocr_line' id='line_1_45' title="bbox 110 2853 1162 2903; baseline -0.01 -9"><span class='ocrx_word' id='word_1_313' title='bbox 110 2861 231 2903; x_wconf 76' lang='grc' dir='ltr'><strong>γιναίαν</strong></span> <span class='ocrx_word' id='word_1_314' title='bbox 249 2859 391 2902; x_wconf 75' lang='grc' dir='ltr'><strong>δραχμὴν</strong></span> <span class='ocrx_word' id='word_1_315' title='bbox 404 2858 501 2901; x_wconf 73' lang='grc' dir='ltr'><strong>μείζω</strong></span> <span class='ocrx_word' id='word_1_316' title='bbox 512 2860 567 2896; x_wconf 77' lang='grc' dir='ltr'>τῆς</span> <span class='ocrx_word' id='word_1_317' title='bbox 583 2858 722 2896; x_wconf 74' lang='grc' dir='ltr'><strong>Ἀττικῆς</strong></span> <span class='ocrx_word' id='word_1_318' title='bbox 736 2854 836 2889; x_wconf 78' lang='grc' dir='ltr'><strong>οὖσαν</strong></span> <span class='ocrx_word' id='word_1_319' title='bbox 848 2855 945 2897; x_wconf 71' lang='grc' dir='ltr'><strong>(δέκα</strong></span> <span class='ocrx_word' id='word_1_320' title='bbox 958 2853 1018 2895; x_wconf 77' lang='grc' dir='ltr'>γὰρ</span> <span class='ocrx_word' id='word_1_321' title='bbox 1033 2853 1162 2890; x_wconf 72' lang='grc' dir='ltr'><strong>ὁόολοὺς</strong></span> 
     </span>
     <span class='ocr_line' id='line_1_46' title="bbox 108 2900 1162 2949; baseline -0.01 -7"><span class='ocrx_word' id='word_1_322' title='bbox 108 2907 263 2945; x_wconf 78' lang='grc' dir='ltr'><strong>Ἀττικοὺς</strong></span> <span class='ocrx_word' id='word_1_323' title='bbox 276 2906 401 2949; x_wconf 78' lang='grc' dir='ltr'><strong>ῐσχυεν)</strong></span> <span class='ocrx_word' id='word_1_324' title='bbox 421 2907 453 2939; x_wconf 75' lang='grc' dir='ltr'><strong>οῖ</strong></span> <span class='ocrx_word' id='word_1_325' title='bbox 468 2905 625 2943; x_wconf 75' lang='grc' dir='ltr'><strong>Ἀθηναῖοι</strong></span> <span class='ocrx_word' id='word_1_326' title='bbox 637 2906 773 2947; x_wconf 77' lang='grc' dir='ltr'><strong>παχεῖαν</strong></span> <span class='ocrx_word' id='word_1_327' title='bbox 786 2903 929 2946; x_wconf 74' lang='grc' dir='ltr'><strong>δραχμὴν</strong></span> <span class='ocrx_word' id='word_1_328' title='bbox 941 2901 1071 2934; x_wconf 74' lang='grc' dir='ltr'><strong>ἐκάλουν</strong></span> <span class='ocrx_word' id='word_1_329' title='bbox 1081 2924 1091 2939; x_wconf 88' lang='grc'><strong>,</strong></span> <span class='ocrx_word' id='word_1_330' title='bbox 1109 2900 1162 2943; x_wconf 68' lang='grc' dir='ltr'>με·</span> 
     </span>
     <span class='ocr_line' id='line_1_47' title="bbox 111 2947 1161 2995; baseline -0.01 -6"><span class='ocrx_word' id='word_1_331' title='bbox 111 2965 159 2989; x_wconf 86' lang='grc' dir='ltr'>σει</span> <span class='ocrx_word' id='word_1_332' title='bbox 175 2958 239 2988; x_wconf 71' lang='grc' dir='ltr'>τῶν</span> <span class='ocrx_word' id='word_1_333' title='bbox 268 2954 442 2995; x_wconf 66' lang='grc' dir='ltr'><strong>Λίγινητῶν</strong></span> <span class='ocrx_word' id='word_1_334' title='bbox 456 2951 619 2993; x_wconf 66' lang='grc' dir='ltr'><strong>Αἰγιναίαν</strong></span> <span class='ocrx_word' id='word_1_335' title='bbox 634 2950 791 2993; x_wconf 70' lang='grc' dir='ltr'><strong>ὀνομάσαι</strong></span> <span class='ocrx_word' id='word_1_336' title='bbox 808 2952 851 2992; x_wconf 84' lang='grc' dir='ltr'><strong>μή</strong></span> <span class='ocrx_word' id='word_1_337' title='bbox 867 2949 1015 2985; x_wconf 77' lang='grc' dir='ltr'><strong>θέλοντες.</strong></span> <span class='ocrx_word' id='word_1_338' title='bbox 1031 2966 1071 2974; x_wconf 86' lang='grc'>-</span> <span class='ocrx_word' id='word_1_339' title='bbox 1094 2947 1161 2988; x_wconf 76' lang='grc'>(59)</span> 
     </span>
     <span class='ocr_line' id='line_1_48' title="bbox 109 2993 1161 3044; baseline -0.01 -8"><span class='ocrx_word' id='word_1_340' title='bbox 109 3002 225 3036; x_wconf 68' lang='lat' dir='ltr'>suidas</span> <span class='ocrx_word' id='word_1_341' title='bbox 237 3010 271 3034; x_wconf 79' lang='lat' dir='ltr'>v.</span> <span class='ocrx_word' id='word_1_342' title='bbox 285 2999 468 3044; x_wconf 71' lang='grc' dir='ltr'><strong>’οργεῦνες.</strong></span> <span class='ocrx_word' id='word_1_343' title='bbox 484 3019 524 3027; x_wconf 94' lang='lat'><em>-</em></span> <span class='ocrx_word' id='word_1_344' title='bbox 539 2999 609 3042; x_wconf 73' lang='grc'>(60)</span> <span class='ocrx_word' id='word_1_345' title='bbox 620 2997 825 3039; x_wconf 66' lang='lat' dir='ltr'>ceteroquin</span> <span class='ocrx_word' id='word_1_346' title='bbox 840 2993 1161 3030; x_wconf 71' lang='lat' dir='ltr'>animadvertendum</span> 
     </span>
     <span class='ocr_line' id='line_1_49' title="bbox 107 3042 1161 3092; baseline -0.008 -9"><span class='ocrx_word' id='word_1_347' title='bbox 107 3050 190 3084; x_wconf 74' lang='lat' dir='ltr'>allos</span> <span class='ocrx_word' id='word_1_348' title='bbox 203 3057 334 3092; x_wconf 81' lang='lat' dir='ltr'>quoque</span> <span class='ocrx_word' id='word_1_349' title='bbox 346 3048 521 3091; x_wconf 70' lang='lat' dir='ltr'>scriptor·</span> <span class='ocrx_word' id='word_1_350' title='bbox 536 3046 667 3082; x_wconf 63' lang='lat' dir='ltr'>zuene}</span> <span class='ocrx_word' id='word_1_351' title='bbox 686 3054 804 3080; x_wconf 81' lang='lat' dir='ltr'>nomeu</span> <span class='ocrx_word' id='word_1_352' title='bbox 822 3053 886 3078; x_wconf 82' lang='lat' dir='ltr'>non</span> <span class='ocrx_word' id='word_1_353' title='bbox 904 3042 1086 3085; x_wconf 60' lang='lat' dir='ltr'>praeterire,</span> <span class='ocrx_word' id='word_1_354' title='bbox 1104 3050 1161 3075; x_wconf 80' lang='lat' dir='ltr'>ve-</span> 
     </span>
     <span class='ocr_line' id='line_1_50' title="bbox 110 3090 1159 3138; baseline -0.011 -8"><span class='ocrx_word' id='word_1_355' title='bbox 110 3097 159 3131; x_wconf 82' lang='lat' dir='ltr'>lut</span> <span class='ocrx_word' id='word_1_356' title='bbox 173 3095 344 3138; x_wconf 62' lang='lat' dir='ltr'>orimum</span> <span class='ocrx_word' id='word_1_357' title='bbox 360 3097 473 3128; x_wconf 77' lang='lat' dir='ltr'>eontra</span> <span class='ocrx_word' id='word_1_358' title='bbox 487 3094 619 3128; x_wconf 80' lang='lat' dir='ltr'>Celsum</span> <span class='ocrx_word' id='word_1_359' title='bbox 630 3093 692 3133; x_wconf 82' lang='lat' dir='ltr'>nl.</span> <span class='ocrx_word' id='word_1_360' title='bbox 709 3102 741 3134; x_wconf 78' lang='grc' dir='ltr'>ρ.</span> <span class='ocrx_word' id='word_1_361' title='bbox 762 3095 834 3133; x_wconf 70' lang='grc'>165,</span> <span class='ocrx_word' id='word_1_362' title='bbox 855 3090 909 3123; x_wconf 68' lang='grc' dir='ltr'><strong>κού</strong></span> <span class='ocrx_word' id='word_1_363' title='bbox 928 3096 1159 3130; x_wconf 69' lang='lat' dir='ltr'>nonnunquam</span> 
     </span>
     <span class='ocr_line' id='line_1_51' title="bbox 109 3135 1161 3186; baseline -0.009 -8"><span class='ocrx_word' id='word_1_364' title='bbox 109 3153 186 3178; x_wconf 81' lang='lat' dir='ltr'>eum</span> <span class='ocrx_word' id='word_1_365' title='bbox 215 3146 368 3186; x_wconf 73' lang='lat' dir='ltr'>corrupte</span> <span class='ocrx_word' id='word_1_366' title='bbox 393 3141 499 3176; x_wconf 76' lang='lat' dir='ltr'>vocari</span> <span class='ocrx_word' id='word_1_367' title='bbox 526 3141 727 3183; x_wconf 76' lang='lat' dir='ltr'>seleucum,</span> <span class='ocrx_word' id='word_1_368' title='bbox 751 3143 787 3173; x_wconf 83' lang='lat' dir='ltr'>ut</span> <span class='ocrx_word' id='word_1_369' title='bbox 814 3139 900 3182; x_wconf 74' lang='lat' dir='ltr'>apud</span> <span class='ocrx_word' id='word_1_370' title='bbox 933 3138 1065 3169; x_wconf 72' lang='lat' dir='ltr'>Petrum</span> <span class='ocrx_word' id='word_1_371' title='bbox 1092 3135 1161 3169; x_wconf 78' lang='lat' dir='ltr'>Blo-</span> 
     </span>
    </p>
   </div>
   <div class='ocr_carea' id='block_1_8' title="bbox 108 3191 424 3232">
    <p class='ocr_par' dir='ltr' id='par_1_9' title="bbox 28 3166 424 3242">
     <span class='ocr_line' id='line_1_52' title="bbox 108 3191 424 3232; baseline -0.008 -7.606"><span class='ocrx_word' id='word_1_372' title='bbox 108 3199 237 3225; x_wconf 71' lang='grc' dir='ltr'><strong>εωιεω</strong></span> <span class='ocrx_word' id='word_1_373' title='bbox 254 3191 354 3232; x_wconf 66' lang='lat' dir='ltr'>spi-i.</span> <span class='ocrx_word' id='word_1_374' title='bbox 370 3194 424 3223; x_wconf 73' lang='lat' dir='ltr'>os.</span> 
     </span>
    </p>
   </div>
   <div class='ocr_carea' id='block_1_9' title="bbox 37 3228 1160 3559">
    <p class='ocr_par' dir='ltr' id='par_1_10' title="bbox 37 3228 1160 3559">
     <span class='ocr_line' id='line_1_53' title="bbox 153 3228 1160 3279; baseline -0.006 -6.706"><span class='ocrx_word' id='word_1_375' title='bbox 153 3238 220 3279; x_wconf 82' lang='lat' dir='ltr'>(st)</span> <span class='ocrx_word' id='word_1_376' title='bbox 235 3237 358 3271; x_wconf 66' lang='lat' dir='ltr'>Phua.</span> <span class='ocrx_word' id='word_1_377' title='bbox 378 3237 504 3279; x_wconf 69' lang='lat' dir='ltr'>anm.</span> <span class='ocrx_word' id='word_1_378' title='bbox 524 3235 588 3269; x_wconf 78' lang='lat' dir='ltr'>vol.</span> <span class='ocrx_word' id='word_1_379' title='bbox 614 3236 627 3269; x_wconf 85' lang='lat'>1</span> <span class='ocrx_word' id='word_1_380' title='bbox 648 3243 719 3277; x_wconf 68' lang='lat' dir='ltr'>pag.</span> <span class='ocrx_word' id='word_1_381' title='bbox 740 3235 801 3267; x_wconf 68' lang='lat'>5⁴3</span> <span class='ocrx_word' id='word_1_382' title='bbox 822 3241 829 3261; x_wconf 91' lang='lat'>:</span> <span class='ocrx_word' id='word_1_383' title='bbox 855 3232 907 3264; x_wconf 71' lang='grc' dir='ltr'><strong>ἐὰν</strong></span> <span class='ocrx_word' id='word_1_384' title='bbox 930 3230 963 3263; x_wconf 76' lang='grc' dir='ltr'><strong>δέ</strong></span> <span class='ocrx_word' id='word_1_385' title='bbox 984 3240 1029 3267; x_wconf 70' lang='grc' dir='ltr'>τις</span> <span class='ocrx_word' id='word_1_386' title='bbox 1051 3228 1160 3271; x_wconf 78' lang='grc' dir='ltr'><strong>βούλη·</strong></span> 
     </span>
     <span class='ocr_line' id='line_1_54' title="bbox 37 3278 1159 3329; baseline -0.012 -7"><span class='ocrx_word' id='word_1_387' title='bbox 37 3298 40 3302; x_wconf 91' lang='grc'><strong><em>·</em></strong></span> <span class='ocrx_word' id='word_1_388' title='bbox 106 3297 159 3321; x_wconf 77' lang='grc' dir='ltr'>ται</span> <span class='ocrx_word' id='word_1_389' title='bbox 176 3288 241 3319; x_wconf 70' lang='grc' dir='ltr'>τῦν</span> <span class='ocrx_word' id='word_1_390' title='bbox 259 3285 413 3329; x_wconf 66' lang='grc' dir='ltr'><strong>κειμένων</strong></span> <span class='ocrx_word' id='word_1_391' title='bbox 430 3285 537 3326; x_wconf 72' lang='grc' dir='ltr'><strong>νόμων</strong></span> <span class='ocrx_word' id='word_1_392' title='bbox 550 3286 650 3317; x_wconf 88' lang='grc' dir='ltr'><strong>κινεῖν</strong></span> <span class='ocrx_word' id='word_1_393' title='bbox 663 3284 683 3322; x_wconf 73' lang='grc' dir='ltr'>ἡ</span> <span class='ocrx_word' id='word_1_394' title='bbox 700 3283 792 3316; x_wconf 66' lang='grc' dir='ltr'><strong>ἄλλον</strong></span> <span class='ocrx_word' id='word_1_395' title='bbox 811 3280 961 3321; x_wconf 60' lang='grc' dir='ltr'><strong>εἰσφέρειν</strong></span> <span class='ocrx_word' id='word_1_396' title='bbox 979 3278 1094 3319; x_wconf 80' lang='grc' dir='ltr'><strong>νόμον,</strong></span> <span class='ocrx_word' id='word_1_397' title='bbox 1115 3278 1159 3316; x_wconf 71' lang='grc' dir='ltr'>εἰς</span> 
     </span>
     <span class='ocr_line' id='line_1_55' title="bbox 109 3324 1158 3378; baseline -0.013 -9"><span class='ocrx_word' id='word_1_398' title='bbox 109 3335 224 3378; x_wconf 74' lang='grc' dir='ltr'><strong>βρόχον</strong></span> <span class='ocrx_word' id='word_1_399' title='bbox 243 3333 327 3376; x_wconf 67' lang='lat' dir='ltr'>ulos:</span> <span class='ocrx_word' id='word_1_400' title='bbox 342 3333 397 3367; x_wconf 80' lang='grc' dir='ltr'>τὸν</span> <span class='ocrx_word' id='word_1_401' title='bbox 413 3333 568 3375; x_wconf 73' lang='grc' dir='ltr'>τράχηλον</span> <span class='ocrx_word' id='word_1_402' title='bbox 587 3331 703 3371; x_wconf 80' lang='grc' dir='ltr'><strong>λεγέτω</strong></span> <span class='ocrx_word' id='word_1_403' title='bbox 724 3334 791 3365; x_wconf 79' lang='grc' dir='ltr'><strong>τοῖς</strong></span> <span class='ocrx_word' id='word_1_404' title='bbox 810 3328 935 3363; x_wconf 77' lang='grc' dir='ltr'><strong>πολλοῖς</strong></span> <span class='ocrx_word' id='word_1_405' title='bbox 961 3326 1028 3367; x_wconf 73' lang='grc' dir='ltr'><strong>περὶ</strong></span> <span class='ocrx_word' id='word_1_406' title='bbox 1045 3324 1158 3358; x_wconf 74' lang='grc' dir='ltr'><strong>αὑτοῦ·</strong></span> 
     </span>
     <span class='ocr_line' id='line_1_56' title="bbox 108 3370 1158 3426; baseline -0.013 -10"><span class='ocrx_word' id='word_1_407' title='bbox 108 3383 163 3416; x_wconf 73' lang='grc' dir='ltr'>καὶ</span> <span class='ocrx_word' id='word_1_408' title='bbox 178 3382 233 3415; x_wconf 79' lang='grc' dir='ltr'><strong>ἐὰν</strong></span> <span class='ocrx_word' id='word_1_409' title='bbox 249 3382 304 3423; x_wconf 61' lang='grc' dir='ltr'><strong>μὲν</strong></span> <span class='ocrx_word' id='word_1_410' title='bbox 317 3378 586 3423; x_wconf 55' lang='lat' dir='ltr'>monim</span> <span class='ocrx_word' id='word_1_411' title='bbox 598 3377 671 3419; x_wconf 68' lang='grc' dir='ltr'>δόξῃ</span> <span class='ocrx_word' id='word_1_412' title='bbox 683 3376 828 3410; x_wconf 80' lang='grc' dir='ltr'><strong>λελύσθαι</strong></span> <span class='ocrx_word' id='word_1_413' title='bbox 848 3374 902 3406; x_wconf 78' lang='grc' dir='ltr'>τὸν</span> <span class='ocrx_word' id='word_1_414' title='bbox 918 3371 1013 3426; x_wconf 76' lang='grc' dir='ltr'><strong>νόμον</strong></span> <span class='ocrx_word' id='word_1_415' title='bbox 1024 3372 1044 3410; x_wconf 75' lang='grc' dir='ltr'>ἢ</span> <span class='ocrx_word' id='word_1_416' title='bbox 1063 3370 1158 3413; x_wconf 71' lang='grc' dir='ltr'><strong>(σπάρ-</strong></span> 
     </span>
     <span class='ocr_line' id='line_1_57' title="bbox 110 3418 1158 3472; baseline -0.015 -8"><span class='ocrx_word' id='word_1_417' title='bbox 110 3440 177 3472; x_wconf 85' lang='grc' dir='ltr'><strong>χειν</strong></span> <span class='ocrx_word' id='word_1_418' title='bbox 187 3430 242 3463; x_wconf 75' lang='grc' dir='ltr'>τὸν</span> <span class='ocrx_word' id='word_1_419' title='bbox 252 3429 304 3462; x_wconf 86' lang='grc' dir='ltr'>εῑσ</span> <span class='ocrx_word' id='word_1_420' title='bbox 366 3428 372 3435; x_wconf 85' lang='grc'><em>’</em></span> <span class='ocrx_word' id='word_1_421' title='bbox 477 3450 488 3467; x_wconf 87' lang='grc'><strong>,</strong></span> <span class='ocrx_word' id='word_1_422' title='bbox 505 3426 558 3459; x_wconf 77' lang='grc' dir='ltr'><strong>καῖ</strong></span> <span class='ocrx_word' id='word_1_423' title='bbox 571 3426 666 3458; x_wconf 73' lang='grc' dir='ltr'><strong>αὐτὸν</strong></span> <span class='ocrx_word' id='word_1_424' title='bbox 678 3423 780 3464; x_wconf 71' lang='grc' dir='ltr'><strong>ἀθῷον</strong></span> <span class='ocrx_word' id='word_1_425' title='bbox 794 3421 891 3454; x_wconf 76' lang='grc' dir='ltr'><strong>εἶναι·</strong></span> <span class='ocrx_word' id='word_1_426' title='bbox 910 3419 963 3451; x_wconf 78' lang='grc' dir='ltr'><strong>ἐὰν</strong></span> <span class='ocrx_word' id='word_1_427' title='bbox 978 3418 1012 3451; x_wconf 68' lang='lat' dir='ltr'>a·</span> <span class='ocrx_word' id='word_1_428' title='bbox 1028 3418 1046 3450; x_wconf 80' lang='grc' dir='ltr'><strong>ὀ</strong></span> <span class='ocrx_word' id='word_1_429' title='bbox 1060 3421 1158 3460; x_wconf 70' lang='grc' dir='ltr'><strong>προθ-</strong></span> 
     </span>
     <span class='ocr_line' id='line_1_58' title="bbox 112 3464 1156 3518; baseline -0.012 -9"><span class='ocrx_word' id='word_1_430' title='bbox 112 3476 243 3518; x_wconf 75' lang='grc' dir='ltr'><strong>πάρχων</strong></span> <span class='ocrx_word' id='word_1_431' title='bbox 265 3475 380 3517; x_wconf 70' lang='grc' dir='ltr'><strong>μᾶλλον</strong></span> <span class='ocrx_word' id='word_1_432' title='bbox 396 3474 477 3516; x_wconf 71' lang='grc' dir='ltr'><strong>δοιῇ</strong></span> <span class='ocrx_word' id='word_1_433' title='bbox 492 3473 597 3510; x_wconf 76' lang='grc' dir='ltr'><strong>καλῶς</strong></span> <span class='ocrx_word' id='word_1_434' title='bbox 612 3472 695 3513; x_wconf 83' lang='grc' dir='ltr'><strong>ἐχειν</strong></span> <span class='ocrx_word' id='word_1_435' title='bbox 706 3470 727 3510; x_wconf 68' lang='grc' dir='ltr'><strong>ἢ</strong></span> <span class='ocrx_word' id='word_1_436' title='bbox 739 3470 758 3503; x_wconf 80' lang='grc' dir='ltr'><strong>ό</strong></span> <span class='ocrx_word' id='word_1_437' title='bbox 770 3467 985 3510; x_wconf 70' lang='grc' dir='ltr'><strong>εἶσφερὸμενος</strong></span> <span class='ocrx_word' id='word_1_438' title='bbox 999 3464 1021 3506; x_wconf 70' lang='grc' dir='ltr'><strong>ἢ</strong></span> <span class='ocrx_word' id='word_1_439' title='bbox 1037 3464 1156 3504; x_wconf 66' lang='grc' dir='ltr'><strong>ἄδικος,</strong></span> 
     </span>
     <span class='ocr_line' id='line_1_59' title="bbox 111 3512 1156 3559; baseline -0.012 -3"><span class='ocrx_word' id='word_1_440' title='bbox 111 3521 251 3555; x_wconf 73' lang='grc' dir='ltr'><strong>τεθνάναι</strong></span> <span class='ocrx_word' id='word_1_441' title='bbox 262 3521 316 3555; x_wconf 75' lang='grc' dir='ltr'>τὸν</span> <span class='ocrx_word' id='word_1_442' title='bbox 327 3519 503 3559; x_wconf 56' lang='lat' dir='ltr'>timon</span> <span class='ocrx_word' id='word_1_443' title='bbox 521 3518 700 3559; x_wconf 67' lang='grc' dir='ltr'><strong>εἰσφέροντα</strong></span> <span class='ocrx_word' id='word_1_444' title='bbox 715 3516 829 3558; x_wconf 81' lang='grc' dir='ltr'><strong>νόμον,</strong></span> <span class='ocrx_word' id='word_1_445' title='bbox 842 3512 1085 3548; x_wconf 62' lang='grc' dir='ltr'>ἐπισπασθέντος</span> <span class='ocrx_word' id='word_1_446' title='bbox 1102 3513 1156 3544; x_wconf 74' lang='grc' dir='ltr'>τοῦ</span> 
     </span>
    </p>
   </div>
   <div class='ocr_carea' id='block_1_10' title="bbox 2176 253 2285 283">
    <p class='ocr_par' dir='ltr' id='par_1_11' title="bbox 2176 253 2285 283">
     <span class='ocr_line' id='line_1_60' title="bbox 2176 253 2285 283; baseline 0 -1"><span class='ocrx_word' id='word_1_447' title='bbox 2176 253 2285 283; x_wconf 73' lang='lat' dir='ltr'>nux</span> 
     </span>
    </p>
   </div>
   <div class='ocr_carea' id='block_1_11' title="bbox 1223 329 2288 1990">
    <p class='ocr_par' dir='ltr' id='par_1_12' title="bbox 1223 329 2288 1990">
     <span class='ocr_line' id='line_1_61' title="bbox 1233 329 2287 383; baseline 0.002 -14"><span class='ocrx_word' id='word_1_448' title='bbox 1233 331 1359 370; x_wconf 89' lang='lat' dir='ltr'>rocles</span> <span class='ocrx_word' id='word_1_449' title='bbox 1379 330 1456 383; x_wconf 86' lang='lat'>(63)</span> <span class='ocrx_word' id='word_1_450' title='bbox 1485 338 1664 380; x_wconf 87' lang='lat' dir='ltr'>narrant,</span> <span class='ocrx_word' id='word_1_451' title='bbox 1695 329 1763 369; x_wconf 86' lang='lat' dir='ltr'>sed</span> <span class='ocrx_word' id='word_1_452' title='bbox 1800 329 1915 368; x_wconf 85' lang='lat' dir='ltr'>etiam</span> <span class='ocrx_word' id='word_1_453' title='bbox 1946 330 2118 383; x_wconf 88' lang='lat' dir='ltr'>locuples</span> <span class='ocrx_word' id='word_1_454' title='bbox 2152 341 2287 371; x_wconf 86' lang='lat' dir='ltr'>auctor</span> 
     </span>
     <span class='ocr_line' id='line_1_62' title="bbox 1234 390 2286 443; baseline 0.004 -16"><span class='ocrx_word' id='word_1_455' title='bbox 1234 390 1514 430; x_wconf 87' lang='lat' dir='ltr'>Demosthenes</span> <span class='ocrx_word' id='word_1_456' title='bbox 1539 390 1738 430; x_wconf 86' lang='lat' dir='ltr'>memoriae</span> <span class='ocrx_word' id='word_1_457' title='bbox 1756 390 1905 443; x_wconf 83' lang='lat' dir='ltr'>prodit.</span> <span class='ocrx_word' id='word_1_458' title='bbox 1931 390 2008 436; x_wconf 91' lang='lat' dir='ltr'>Qui</span> <span class='ocrx_word' id='word_1_459' title='bbox 2034 392 2074 430; x_wconf 92' lang='lat' dir='ltr'>in</span> <span class='ocrx_word' id='word_1_460' title='bbox 2106 393 2286 431; x_wconf 84' lang='lat' dir='ltr'>oratione</span> 
     </span>
     <span class='ocr_line' id='line_1_63' title="bbox 1235 449 2287 502; baseline 0.003 -15"><span class='ocrx_word' id='word_1_461' title='bbox 1235 449 1422 488; x_wconf 84' lang='lat' dir='ltr'>adversus</span> <span class='ocrx_word' id='word_1_462' title='bbox 1441 449 1703 489; x_wconf 88' lang='lat' dir='ltr'>Timocratem</span> <span class='ocrx_word' id='word_1_463' title='bbox 1722 449 1800 502; x_wconf 78' lang='grc'>(64)</span> <span class='ocrx_word' id='word_1_464' title='bbox 1817 463 1859 502; x_wconf 89' lang='lat' dir='ltr'>p.</span> <span class='ocrx_word' id='word_1_465' title='bbox 1878 455 1953 498; x_wconf 71' lang='lat'>744</span> <span class='ocrx_word' id='word_1_466' title='bbox 1970 450 2030 489; x_wconf 90' lang='lat' dir='ltr'>ed.</span> <span class='ocrx_word' id='word_1_467' title='bbox 2051 450 2182 493; x_wconf 85' lang='lat' dir='ltr'>Reisk.</span> <span class='ocrx_word' id='word_1_468' title='bbox 2206 465 2287 490; x_wconf 86' lang='lat' dir='ltr'>me-</span> 
     </span>
     <span class='ocr_line' id='line_1_64' title="bbox 1234 509 2288 561; baseline 0.005 -16"><span class='ocrx_word' id='word_1_469' title='bbox 1234 517 1383 547; x_wconf 84' lang='lat' dir='ltr'>morata</span> <span class='ocrx_word' id='word_1_470' title='bbox 1410 509 1509 560; x_wconf 86' lang='lat' dir='ltr'>legis</span> <span class='ocrx_word' id='word_1_471' title='bbox 1542 509 1748 549; x_wconf 80' lang='lat' dir='ltr'>severitate</span> <span class='ocrx_word' id='word_1_472' title='bbox 1775 509 1833 548; x_wconf 87' lang='lat' dir='ltr'>sic</span> <span class='ocrx_word' id='word_1_473' title='bbox 1850 510 1980 561; x_wconf 84' lang='lat' dir='ltr'>pergit</span> <span class='ocrx_word' id='word_1_474' title='bbox 2002 524 2011 548; x_wconf 75' lang='grc' dir='ltr'>ε</span> <span class='ocrx_word' id='word_1_475' title='bbox 2045 528 2061 545; x_wconf 78' lang='grc' dir='ltr'><strong>ιι</strong></span> <span class='ocrx_word' id='word_1_476' title='bbox 2091 510 2288 556; x_wconf 82' lang='lat' dir='ltr'>Quocirca</span> 
     </span>
     <span class='ocr_line' id='line_1_65' title="bbox 1240 568 2286 620; baseline 0.005 -15"><span class='ocrx_word' id='word_1_477' title='bbox 1240 580 1364 606; x_wconf 86' lang='lat' dir='ltr'>novas</span> <span class='ocrx_word' id='word_1_478' title='bbox 1394 568 1499 619; x_wconf 83' lang='lat' dir='ltr'>leges</span> <span class='ocrx_word' id='word_1_479' title='bbox 1530 581 1669 620; x_wconf 85' lang='lat' dir='ltr'>rogare</span> <span class='ocrx_word' id='word_1_480' title='bbox 1697 582 1779 608; x_wconf 90' lang='lat' dir='ltr'>non</span> <span class='ocrx_word' id='word_1_481' title='bbox 1805 569 1968 620; x_wconf 90' lang='lat' dir='ltr'>audent,</span> <span class='ocrx_word' id='word_1_482' title='bbox 1996 569 2063 608; x_wconf 92' lang='lat' dir='ltr'>sed</span> <span class='ocrx_word' id='word_1_483' title='bbox 2085 570 2286 610; x_wconf 83' lang='lat' dir='ltr'>veteribus</span> 
     </span>
     <span class='ocr_line' id='line_1_66' title="bbox 1235 627 2287 682; baseline 0.005 -18"><span class='ocrx_word' id='word_1_484' title='bbox 1235 627 1420 677; x_wconf 85' lang='lat' dir='ltr'>religiose</span> <span class='ocrx_word' id='word_1_485' title='bbox 1439 637 1619 669; x_wconf 88' lang='lat' dir='ltr'>utuntur.</span> <span class='ocrx_word' id='word_1_486' title='bbox 1642 630 1699 668; x_wconf 79' lang='lat' dir='ltr'>Ac</span> <span class='ocrx_word' id='word_1_487' title='bbox 1715 628 1946 679; x_wconf 85' lang='lat' dir='ltr'>longissimo</span> <span class='ocrx_word' id='word_1_488' title='bbox 1966 636 2156 682; x_wconf 88' lang='lat' dir='ltr'>tempore,</span> <span class='ocrx_word' id='word_1_489' title='bbox 2173 630 2287 682; x_wconf 89' lang='lat' dir='ltr'>judi-</span> 
     </span>
     <span class='ocr_line' id='line_1_67' title="bbox 1239 688 2285 741; baseline 0.007 -18"><span class='ocrx_word' id='word_1_490' title='bbox 1239 698 1303 724; x_wconf 90' lang='lat' dir='ltr'>ces</span> <span class='ocrx_word' id='word_1_491' title='bbox 1315 715 1326 733; x_wconf 90' lang='lat'>‚</span> <span class='ocrx_word' id='word_1_492' title='bbox 1349 700 1427 725; x_wconf 88' lang='lat' dir='ltr'>una</span> <span class='ocrx_word' id='word_1_493' title='bbox 1447 688 1510 726; x_wconf 83' lang='lat' dir='ltr'>lex</span> <span class='ocrx_word' id='word_1_494' title='bbox 1530 688 1635 741; x_wconf 86' lang='lat' dir='ltr'>apud</span> <span class='ocrx_word' id='word_1_495' title='bbox 1661 701 1730 728; x_wconf 91' lang='lat' dir='ltr'>eos</span> <span class='ocrx_word' id='word_1_496' title='bbox 1748 700 1854 728; x_wconf 77' lang='lat' dir='ltr'>nova</span> <span class='ocrx_word' id='word_1_497' title='bbox 1871 688 2021 741; x_wconf 87' lang='lat' dir='ltr'>perlata</span> <span class='ocrx_word' id='word_1_498' title='bbox 2037 702 2122 728; x_wconf 91' lang='lat' dir='ltr'>esse</span> <span class='ocrx_word' id='word_1_499' title='bbox 2151 690 2285 731; x_wconf 84' lang='lat' dir='ltr'>fertur.</span> 
     </span>
     <span class='ocr_line' id='line_1_68' title="bbox 1235 745 2285 801; baseline 0.003 -16"><span class='ocrx_word' id='word_1_500' title='bbox 1235 745 1330 785; x_wconf 85' lang='lat' dir='ltr'>Nam</span> <span class='ocrx_word' id='word_1_501' title='bbox 1350 760 1471 799; x_wconf 89' lang='lat' dir='ltr'>quum</span> <span class='ocrx_word' id='word_1_502' title='bbox 1490 747 1549 787; x_wconf 89' lang='lat' dir='ltr'>ibi</span> <span class='ocrx_word' id='word_1_503' title='bbox 1566 757 1765 801; x_wconf 88' lang='lat' dir='ltr'>receptum</span> <span class='ocrx_word' id='word_1_504' title='bbox 1787 757 1908 800; x_wconf 87' lang='lat' dir='ltr'>esset,</span> <span class='ocrx_word' id='word_1_505' title='bbox 1929 748 1964 787; x_wconf 86' lang='lat' dir='ltr'>si</span> <span class='ocrx_word' id='word_1_506' title='bbox 1983 749 2073 800; x_wconf 92' lang='lat' dir='ltr'>quis</span> <span class='ocrx_word' id='word_1_507' title='bbox 2089 751 2285 789; x_wconf 86' lang='lat' dir='ltr'>excussis-</span> 
     </span>
     <span class='ocr_line' id='line_1_69' title="bbox 1234 806 2284 861; baseline 0.004 -17"><span class='ocrx_word' id='word_1_508' title='bbox 1234 814 1292 845; x_wconf 89' lang='lat' dir='ltr'>set</span> <span class='ocrx_word' id='word_1_509' title='bbox 1319 806 1433 846; x_wconf 88' lang='lat' dir='ltr'>alteri</span> <span class='ocrx_word' id='word_1_510' title='bbox 1463 807 1643 856; x_wconf 88' lang='lat' dir='ltr'>oculum,</span> <span class='ocrx_word' id='word_1_511' title='bbox 1674 816 1718 847; x_wconf 90' lang='lat' dir='ltr'>ut</span> <span class='ocrx_word' id='word_1_512' title='bbox 1737 816 1776 847; x_wconf 89' lang='lat' dir='ltr'>et</span> <span class='ocrx_word' id='word_1_513' title='bbox 1799 808 1884 860; x_wconf 88' lang='lat' dir='ltr'>ipse</span> <span class='ocrx_word' id='word_1_514' title='bbox 1909 807 2024 846; x_wconf 90' lang='lat' dir='ltr'>oculo</span> <span class='ocrx_word' id='word_1_515' title='bbox 2042 808 2284 861; x_wconf 84' lang='lat' dir='ltr'>privaretur,</span> 
     </span>
     <span class='ocr_line' id='line_1_70' title="bbox 1236 865 2285 920; baseline 0.004 -17"><span class='ocrx_word' id='word_1_516' title='bbox 1236 877 1309 904; x_wconf 88' lang='lat' dir='ltr'>nec</span> <span class='ocrx_word' id='word_1_517' title='bbox 1328 865 1369 904; x_wconf 88' lang='lat' dir='ltr'>id</span> <span class='ocrx_word' id='word_1_518' title='bbox 1396 866 1636 918; x_wconf 89' lang='lat' dir='ltr'>supplicium</span> <span class='ocrx_word' id='word_1_519' title='bbox 1667 867 1748 906; x_wconf 83' lang='lat' dir='ltr'>ulla</span> <span class='ocrx_word' id='word_1_520' title='bbox 1779 867 1919 906; x_wconf 88' lang='lat' dir='ltr'>redimi</span> <span class='ocrx_word' id='word_1_521' title='bbox 1948 868 2115 919; x_wconf 86' lang='lat' dir='ltr'>pecunia</span> <span class='ocrx_word' id='word_1_522' title='bbox 2133 877 2285 920; x_wconf 88' lang='lat' dir='ltr'>posset,</span> 
     </span>
     <span class='ocr_line' id='line_1_71' title="bbox 1232 924 2285 979; baseline 0.003 -16"><span class='ocrx_word' id='word_1_523' title='bbox 1232 924 1393 976; x_wconf 87' lang='lat' dir='ltr'>quidam</span> <span class='ocrx_word' id='word_1_524' title='bbox 1413 926 1584 965; x_wconf 90' lang='lat' dir='ltr'>minatus</span> <span class='ocrx_word' id='word_1_525' title='bbox 1613 927 1735 965; x_wconf 83' lang='lat' dir='ltr'>fertur</span> <span class='ocrx_word' id='word_1_526' title='bbox 1754 926 1940 966; x_wconf 88' lang='lat' dir='ltr'>inimicus</span> <span class='ocrx_word' id='word_1_527' title='bbox 1959 926 2147 979; x_wconf 89' lang='lat' dir='ltr'>inimico,</span> <span class='ocrx_word' id='word_1_528' title='bbox 2162 941 2285 966; x_wconf 90' lang='lat' dir='ltr'>unum</span> 
     </span>
     <span class='ocr_line' id='line_1_72' title="bbox 1233 983 2288 1034; baseline 0.004 -12"><span class='ocrx_word' id='word_1_529' title='bbox 1233 983 1390 1023; x_wconf 91' lang='lat' dir='ltr'>oculum</span> <span class='ocrx_word' id='word_1_530' title='bbox 1410 984 1570 1024; x_wconf 87' lang='lat' dir='ltr'>habenti</span> <span class='ocrx_word' id='word_1_531' title='bbox 1582 1014 1593 1034; x_wconf 90' lang='lat'>,</span> <span class='ocrx_word' id='word_1_532' title='bbox 1610 998 1652 1025; x_wconf 91' lang='lat' dir='ltr'>se</span> <span class='ocrx_word' id='word_1_533' title='bbox 1668 986 1729 1024; x_wconf 90' lang='lat' dir='ltr'>illi</span> <span class='ocrx_word' id='word_1_534' title='bbox 1748 998 1836 1024; x_wconf 92' lang='lat' dir='ltr'>eum</span> <span class='ocrx_word' id='word_1_535' title='bbox 1854 998 1976 1024; x_wconf 89' lang='lat' dir='ltr'>unum</span> <span class='ocrx_word' id='word_1_536' title='bbox 1997 986 2154 1025; x_wconf 90' lang='lat' dir='ltr'>oculum</span> <span class='ocrx_word' id='word_1_537' title='bbox 2167 987 2288 1026; x_wconf 88' lang='lat' dir='ltr'>elisu-</span> 
     </span>
     <span class='ocr_line' id='line_1_73' title="bbox 1233 1043 2286 1098; baseline 0.004 -17"><span class='ocrx_word' id='word_1_538' title='bbox 1233 1057 1334 1085; x_wconf 85' lang='lat' dir='ltr'>rum.</span> <span class='ocrx_word' id='word_1_539' title='bbox 1360 1043 1435 1084; x_wconf 78' lang='lat' dir='ltr'>Eas</span> <span class='ocrx_word' id='word_1_540' title='bbox 1464 1045 1592 1084; x_wconf 89' lang='lat' dir='ltr'>minas</span> <span class='ocrx_word' id='word_1_541' title='bbox 1622 1045 1754 1084; x_wconf 90' lang='lat' dir='ltr'>luscus</span> <span class='ocrx_word' id='word_1_542' title='bbox 1775 1045 1843 1084; x_wconf 91' lang='lat' dir='ltr'>ille</span> <span class='ocrx_word' id='word_1_543' title='bbox 1870 1058 1972 1096; x_wconf 85' lang='lat' dir='ltr'>aegre</span> <span class='ocrx_word' id='word_1_544' title='bbox 1992 1045 2144 1097; x_wconf 75' lang='lat' dir='ltr'>ferens,</span> <span class='ocrx_word' id='word_1_545' title='bbox 2165 1059 2286 1098; x_wconf 92' lang='lat' dir='ltr'>quum</span> 
     </span>
     <span class='ocr_line' id='line_1_74' title="bbox 1233 1103 2287 1146; baseline 0.002 -3"><span class='ocrx_word' id='word_1_546' title='bbox 1233 1103 1311 1143; x_wconf 81' lang='lat' dir='ltr'>sibi</span> <span class='ocrx_word' id='word_1_547' title='bbox 1341 1105 1385 1143; x_wconf 90' lang='lat' dir='ltr'>in</span> <span class='ocrx_word' id='word_1_548' title='bbox 1420 1105 1593 1144; x_wconf 84' lang='lat' dir='ltr'>caecitate</span> <span class='ocrx_word' id='word_1_549' title='bbox 1622 1105 1742 1144; x_wconf 82' lang='lat' dir='ltr'>vitam</span> <span class='ocrx_word' id='word_1_550' title='bbox 1773 1114 1900 1144; x_wconf 90' lang='lat' dir='ltr'>morte</span> <span class='ocrx_word' id='word_1_551' title='bbox 1931 1104 2172 1144; x_wconf 86' lang='lat' dir='ltr'>acerbiorem</span> <span class='ocrx_word' id='word_1_552' title='bbox 2203 1106 2287 1146; x_wconf 84' lang='lat' dir='ltr'>sore</span> 
     </span>
     <span class='ocr_line' id='line_1_75' title="bbox 1231 1164 2285 1215; baseline 0.002 -13"><span class='ocrx_word' id='word_1_553' title='bbox 1231 1171 1406 1215; x_wconf 84' lang='lat' dir='ltr'>putaret,</span> <span class='ocrx_word' id='word_1_554' title='bbox 1434 1164 1580 1204; x_wconf 90' lang='lat' dir='ltr'>dicitur</span> <span class='ocrx_word' id='word_1_555' title='bbox 1610 1177 1728 1204; x_wconf 88' lang='lat' dir='ltr'>ausus</span> <span class='ocrx_word' id='word_1_556' title='bbox 1760 1177 1845 1204; x_wconf 86' lang='lat' dir='ltr'>esse</span> <span class='ocrx_word' id='word_1_557' title='bbox 1878 1165 1978 1204; x_wconf 85' lang='lat' dir='ltr'>serre</span> <span class='ocrx_word' id='word_1_558' title='bbox 2005 1165 2151 1215; x_wconf 87' lang='lat' dir='ltr'>legem,</span> <span class='ocrx_word' id='word_1_559' title='bbox 2182 1173 2226 1203; x_wconf 92' lang='lat' dir='ltr'>ut</span> <span class='ocrx_word' id='word_1_560' title='bbox 2250 1165 2285 1204; x_wconf 86' lang='lat' dir='ltr'>si</span> 
     </span>
     <span class='ocr_line' id='line_1_76' title="bbox 1231 1223 2286 1275; baseline 0.001 -14"><span class='ocrx_word' id='word_1_561' title='bbox 1231 1223 1322 1274; x_wconf 88' lang='lat' dir='ltr'>quis</span> <span class='ocrx_word' id='word_1_562' title='bbox 1349 1224 1506 1262; x_wconf 89' lang='lat' dir='ltr'>oculum</span> <span class='ocrx_word' id='word_1_563' title='bbox 1538 1225 1647 1263; x_wconf 91' lang='lat' dir='ltr'>lusco</span> <span class='ocrx_word' id='word_1_564' title='bbox 1664 1224 1923 1275; x_wconf 83' lang='lat' dir='ltr'>excussisset,</span> <span class='ocrx_word' id='word_1_565' title='bbox 1949 1224 2010 1263; x_wconf 91' lang='lat' dir='ltr'>illi</span> <span class='ocrx_word' id='word_1_566' title='bbox 2027 1233 2164 1262; x_wconf 83' lang='lat' dir='ltr'>contra</span> <span class='ocrx_word' id='word_1_567' title='bbox 2181 1232 2286 1262; x_wconf 84' lang='lat' dir='ltr'>uter-</span> 
     </span>
     <span class='ocr_line' id='line_1_77' title="bbox 1231 1283 2283 1336; baseline 0.001 -15"><span class='ocrx_word' id='word_1_568' title='bbox 1231 1295 1308 1334; x_wconf 88' lang='lat' dir='ltr'>que</span> <span class='ocrx_word' id='word_1_569' title='bbox 1326 1284 1463 1323; x_wconf 87' lang='lat' dir='ltr'>oculus</span> <span class='ocrx_word' id='word_1_570' title='bbox 1490 1284 1725 1336; x_wconf 87' lang='lat' dir='ltr'>eriperetur,</span> <span class='ocrx_word' id='word_1_571' title='bbox 1745 1292 1790 1322; x_wconf 91' lang='lat' dir='ltr'>ut</span> <span class='ocrx_word' id='word_1_572' title='bbox 1810 1283 1898 1336; x_wconf 87' lang='lat' dir='ltr'>pari</span> <span class='ocrx_word' id='word_1_573' title='bbox 1922 1284 2140 1322; x_wconf 88' lang='lat' dir='ltr'>calamitate</span> <span class='ocrx_word' id='word_1_574' title='bbox 2165 1283 2283 1323; x_wconf 86' lang='lat' dir='ltr'>ambo</span> 
     </span>
     <span class='ocr_line' id='line_1_78' title="bbox 1230 1343 2284 1395; baseline 0.001 -14"><span class='ocrx_word' id='word_1_575' title='bbox 1230 1344 1565 1386; x_wconf 86' lang='lat' dir='ltr'>conflictarentur.</span> <span class='ocrx_word' id='word_1_576' title='bbox 1591 1343 1639 1384; x_wconf 89' lang='lat' dir='ltr'>Et</span> <span class='ocrx_word' id='word_1_577' title='bbox 1666 1344 1767 1383; x_wconf 90' lang='lat' dir='ltr'>hanc</span> <span class='ocrx_word' id='word_1_578' title='bbox 1792 1345 1915 1383; x_wconf 88' lang='lat' dir='ltr'>solam</span> <span class='ocrx_word' id='word_1_579' title='bbox 1948 1344 2074 1395; x_wconf 87' lang='lat' dir='ltr'>legem</span> <span class='ocrx_word' id='word_1_580' title='bbox 2107 1344 2284 1383; x_wconf 86' lang='lat' dir='ltr'>sanxisse</span> 
     </span>
     <span class='ocr_line' id='line_1_79' title="bbox 1231 1403 2284 1456; baseline 0.002 -17"><span class='ocrx_word' id='word_1_581' title='bbox 1231 1403 1434 1442; x_wconf 88' lang='lat' dir='ltr'>traduntur</span> <span class='ocrx_word' id='word_1_582' title='bbox 1449 1403 1663 1443; x_wconf 82' lang='lat' dir='ltr'>Locrenses</span> <span class='ocrx_word' id='word_1_583' title='bbox 1679 1403 1850 1456; x_wconf 83' lang='lat' dir='ltr'>amplius</span> <span class='ocrx_word' id='word_1_584' title='bbox 1866 1416 1983 1455; x_wconf 86' lang='lat' dir='ltr'>quam</span> <span class='ocrx_word' id='word_1_585' title='bbox 2002 1403 2181 1442; x_wconf 86' lang='lat' dir='ltr'>ducentis</span> <span class='ocrx_word' id='word_1_586' title='bbox 2210 1416 2284 1441; x_wconf 89' lang='lat' dir='ltr'>an-</span> 
     </span>
     <span class='ocr_line' id='line_1_80' title="bbox 1229 1462 2278 1514; baseline 0.002 -15"><span class='ocrx_word' id='word_1_587' title='bbox 1229 1463 1306 1503; x_wconf 86' lang='lat' dir='ltr'>nis.</span> <span class='ocrx_word' id='word_1_588' title='bbox 1331 1480 1349 1499; x_wconf 78' lang='grc' dir='ltr'><strong>ι</strong></span> <span class='ocrx_word' id='word_1_589' title='bbox 1377 1464 1448 1503; x_wconf 83' lang='lat' dir='ltr'>His</span> <span class='ocrx_word' id='word_1_590' title='bbox 1468 1464 1616 1503; x_wconf 91' lang='lat' dir='ltr'>similia</span> <span class='ocrx_word' id='word_1_591' title='bbox 1640 1463 1757 1502; x_wconf 82' lang='lat' dir='ltr'>habet</span> <span class='ocrx_word' id='word_1_592' title='bbox 1785 1462 1986 1502; x_wconf 86' lang='lat' dir='ltr'>Diodorus</span> <span class='ocrx_word' id='word_1_593' title='bbox 2011 1462 2168 1502; x_wconf 80' lang='lat' dir='ltr'>Siculus</span> <span class='ocrx_word' id='word_1_594' title='bbox 2196 1463 2278 1514; x_wconf 90' lang='lat'><strong>(65)</strong></span> 
     </span>
     <span class='ocr_line' id='line_1_81' title="bbox 1227 1521 2281 1576; baseline 0.002 -16"><span class='ocrx_word' id='word_1_595' title='bbox 1227 1521 1299 1562; x_wconf 89' lang='lat' dir='ltr'>lib.</span> <span class='ocrx_word' id='word_1_596' title='bbox 1327 1522 1418 1571; x_wconf 83' lang='grc' dir='ltr'>ΧΠ,</span> <span class='ocrx_word' id='word_1_597' title='bbox 1440 1537 1527 1576; x_wconf 87' lang='lat' dir='ltr'>cap.</span> <span class='ocrx_word' id='word_1_598' title='bbox 1553 1538 1614 1572; x_wconf 89' lang='lat'>17,</span> <span class='ocrx_word' id='word_1_599' title='bbox 1642 1523 1711 1575; x_wconf 88' lang='lat' dir='ltr'>qui</span> <span class='ocrx_word' id='word_1_600' title='bbox 1743 1531 1871 1561; x_wconf 90' lang='lat' dir='ltr'>tamen</span> <span class='ocrx_word' id='word_1_601' title='bbox 1900 1522 1999 1574; x_wconf 86' lang='lat' dir='ltr'>legis</span> <span class='ocrx_word' id='word_1_602' title='bbox 2031 1522 2281 1562; x_wconf 87' lang='lat' dir='ltr'>inventorem</span> 
     </span>
     <span class='ocr_line' id='line_1_82' title="bbox 1227 1579 2283 1630; baseline -0.001 -11"><span class='ocrx_word' id='word_1_603' title='bbox 1227 1593 1309 1619; x_wconf 88' lang='lat' dir='ltr'>non</span> <span class='ocrx_word' id='word_1_604' title='bbox 1343 1581 1575 1630; x_wconf 88' lang='lat' dir='ltr'>Zaleucum,</span> <span class='ocrx_word' id='word_1_605' title='bbox 1610 1581 1677 1620; x_wconf 89' lang='lat' dir='ltr'>sed</span> <span class='ocrx_word' id='word_1_606' title='bbox 1712 1580 1958 1620; x_wconf 85' lang='lat' dir='ltr'>Charondam</span> <span class='ocrx_word' id='word_1_607' title='bbox 1995 1580 2114 1619; x_wconf 83' lang='lat' dir='ltr'>fuisse</span> <span class='ocrx_word' id='word_1_608' title='bbox 2147 1579 2283 1619; x_wconf 87' lang='lat' dir='ltr'>scribit</span> 
     </span>
     <span class='ocr_line' id='line_1_83' title="bbox 1227 1638 2281 1693; baseline -0.001 -15"><span class='ocrx_word' id='word_1_609' title='bbox 1227 1653 1392 1693; x_wconf 84' lang='lat' dir='ltr'>quaeque</span> <span class='ocrx_word' id='word_1_610' title='bbox 1437 1641 1486 1680; x_wconf 90' lang='lat' dir='ltr'>de</span> <span class='ocrx_word' id='word_1_611' title='bbox 1521 1640 1796 1680; x_wconf 86' lang='lat' dir='ltr'>Demosthenis</span> <span class='ocrx_word' id='word_1_612' title='bbox 1833 1639 2026 1680; x_wconf 82' lang='lat' dir='ltr'>sententia</span> <span class='ocrx_word' id='word_1_613' title='bbox 2062 1640 2167 1691; x_wconf 89' lang='lat' dir='ltr'>apud</span> <span class='ocrx_word' id='word_1_614' title='bbox 2204 1638 2281 1677; x_wconf 92' lang='lat' dir='ltr'>Lo-</span> 
     </span>
     <span class='ocr_line' id='line_1_84' title="bbox 1225 1698 2275 1740; baseline -0.003 0"><span class='ocrx_word' id='word_1_615' title='bbox 1225 1713 1380 1740; x_wconf 88' lang='lat' dir='ltr'>crenses</span> <span class='ocrx_word' id='word_1_616' title='bbox 1409 1701 1635 1740; x_wconf 87' lang='lat' dir='ltr'>acciderunt</span> <span class='ocrx_word' id='word_1_617' title='bbox 1653 1701 1695 1739; x_wconf 91' lang='lat' dir='ltr'>in</span> <span class='ocrx_word' id='word_1_618' title='bbox 1713 1698 1980 1739; x_wconf 84' lang='lat' dir='ltr'>Thurinorum</span> <span class='ocrx_word' id='word_1_619' title='bbox 2001 1699 2161 1738; x_wconf 85' lang='lat' dir='ltr'>civitate</span> <span class='ocrx_word' id='word_1_620' title='bbox 2181 1712 2275 1737; x_wconf 92' lang='lat' dir='ltr'>con-</span> 
     </span>
     <span class='ocr_line' id='line_1_85' title="bbox 1226 1758 2279 1812; baseline 0 -16"><span class='ocrx_word' id='word_1_621' title='bbox 1226 1758 1360 1810; x_wconf 86' lang='lat' dir='ltr'>tigisse</span> <span class='ocrx_word' id='word_1_622' title='bbox 1373 1763 1511 1800; x_wconf 85' lang='lat' dir='ltr'>auctor</span> <span class='ocrx_word' id='word_1_623' title='bbox 1526 1768 1596 1800; x_wconf 83' lang='lat' dir='ltr'>est.</span> <span class='ocrx_word' id='word_1_624' title='bbox 1613 1759 1748 1812; x_wconf 86' lang='lat' dir='ltr'>ltaque</span> <span class='ocrx_word' id='word_1_625' title='bbox 1762 1758 1875 1797; x_wconf 88' lang='lat' dir='ltr'>multi</span> <span class='ocrx_word' id='word_1_626' title='bbox 1895 1758 2009 1797; x_wconf 89' lang='lat' dir='ltr'>illum</span> <span class='ocrx_word' id='word_1_627' title='bbox 2026 1758 2279 1797; x_wconf 83' lang='lat' dir='ltr'>historiarum</span> 
     </span>
     <span class='ocr_line' id='line_1_86' title="bbox 1225 1817 2279 1872; baseline -0.002 -15"><span class='ocrx_word' id='word_1_628' title='bbox 1225 1820 1458 1872; x_wconf 87' lang='lat' dir='ltr'>scriptorem</span> <span class='ocrx_word' id='word_1_629' title='bbox 1487 1832 1634 1859; x_wconf 87' lang='lat' dir='ltr'>errasse</span> <span class='ocrx_word' id='word_1_630' title='bbox 1670 1826 1867 1871; x_wconf 85' lang='lat' dir='ltr'>putarunt.</span> <span class='ocrx_word' id='word_1_631' title='bbox 1901 1817 1977 1856; x_wconf 91' lang='lat' dir='ltr'>Sed</span> <span class='ocrx_word' id='word_1_632' title='bbox 2009 1825 2183 1856; x_wconf 83' lang='lat' dir='ltr'>veterum</span> <span class='ocrx_word' id='word_1_633' title='bbox 2219 1817 2279 1855; x_wconf 92' lang='lat' dir='ltr'>in·</span> 
     </span>
     <span class='ocr_line' id='line_1_87' title="bbox 1223 1875 2274 1931; baseline 0.001 -15"><span class='ocrx_word' id='word_1_634' title='bbox 1223 1879 1334 1918; x_wconf 86' lang='lat' dir='ltr'>curia</span> <span class='ocrx_word' id='word_1_635' title='bbox 1371 1880 1577 1931; x_wconf 87' lang='lat' dir='ltr'>utriusque</span> <span class='ocrx_word' id='word_1_636' title='bbox 1621 1878 1751 1929; x_wconf 87' lang='lat' dir='ltr'>legum</span> <span class='ocrx_word' id='word_1_637' title='bbox 1791 1877 1928 1916; x_wconf 86' lang='lat' dir='ltr'>latoris</span> <span class='ocrx_word' id='word_1_638' title='bbox 1971 1889 2034 1915; x_wconf 90' lang='lat' dir='ltr'>res</span> <span class='ocrx_word' id='word_1_639' title='bbox 2078 1875 2274 1917; x_wconf 85' lang='lat' dir='ltr'>confudit.</span> 
     </span>
     <span class='ocr_line' id='line_1_88' title="bbox 1223 1933 2280 1990; baseline -0.006 -12"><span class='ocrx_word' id='word_1_640' title='bbox 1223 1937 1486 1986; x_wconf 89' lang='lat' dir='ltr'>Quamobrem</span> <span class='ocrx_word' id='word_1_641' title='bbox 1525 1937 1714 1977; x_wconf 87' lang='lat' dir='ltr'>Zaleucus</span> <span class='ocrx_word' id='word_1_642' title='bbox 1746 1936 1826 1990; x_wconf 82' lang='lat'>(66)</span> <span class='ocrx_word' id='word_1_643' title='bbox 1861 1948 2017 1988; x_wconf 89' lang='lat' dir='ltr'>quoque</span> <span class='ocrx_word' id='word_1_644' title='bbox 2049 1933 2280 1987; x_wconf 83' lang='lat' dir='ltr'>perhibetur</span> 
     </span>
    </p>
   </div>
   <div class='ocr_carea' id='block_1_12' title="bbox 1216 2073 2283 3408">
    <p class='ocr_par' dir='ltr' id='par_1_13' title="bbox 1216 2073 2283 3360">
     <span class='ocr_line' id='line_1_89' title="bbox 1223 2073 2278 2122; baseline -0.006 -10"><span class='ocrx_word' id='word_1_645' title='bbox 1223 2078 1354 2122; x_wconf 78' lang='grc' dir='ltr'><strong>βρόχου.</strong></span> <span class='ocrx_word' id='word_1_646' title='bbox 1372 2095 1416 2102; x_wconf 93' lang='grc'>-</span> <span class='ocrx_word' id='word_1_647' title='bbox 1438 2077 1505 2119; x_wconf 77' lang='grc'>(62)</span> <span class='ocrx_word' id='word_1_648' title='bbox 1529 2075 1683 2118; x_wconf 79' lang='lat' dir='ltr'>Polybius</span> <span class='ocrx_word' id='word_1_649' title='bbox 1701 2075 1759 2110; x_wconf 84' lang='lat' dir='ltr'>lib.</span> <span class='ocrx_word' id='word_1_650' title='bbox 1782 2076 1859 2117; x_wconf 75' lang='lat' dir='ltr'>xli,</span> <span class='ocrx_word' id='word_1_651' title='bbox 1883 2077 1934 2108; x_wconf 80' lang='lat'>16.</span> <span class='ocrx_word' id='word_1_652' title='bbox 1957 2094 1994 2103; x_wconf 90' lang='lat'><em>-</em></span> <span class='ocrx_word' id='word_1_653' title='bbox 2025 2073 2091 2116; x_wconf 74' lang='grc'>(63)</span> <span class='ocrx_word' id='word_1_654' title='bbox 2113 2073 2278 2107; x_wconf 76' lang='lat' dir='ltr'>Hierocles</span> 
     </span>
     <span class='ocr_line' id='line_1_90' title="bbox 1222 2121 2280 2169; baseline -0.007 -9"><span class='ocrx_word' id='word_1_655' title='bbox 1222 2127 1307 2169; x_wconf 75' lang='lat' dir='ltr'>apud</span> <span class='ocrx_word' id='word_1_656' title='bbox 1327 2125 1494 2160; x_wconf 76' lang='lat' dir='ltr'>Stoboeum</span> <span class='ocrx_word' id='word_1_657' title='bbox 1506 2125 1615 2159; x_wconf 69' lang='lat' dir='ltr'>morit.</span> <span class='ocrx_word' id='word_1_658' title='bbox 1632 2125 1782 2164; x_wconf 81' lang='lat' dir='ltr'>XXXlX,</span> <span class='ocrx_word' id='word_1_659' title='bbox 1797 2126 1837 2157; x_wconf 85' lang='grc'>36</span> <span class='ocrx_word' id='word_1_660' title='bbox 1853 2136 1862 2155; x_wconf 86' lang='lat'>:</span> <span class='ocrx_word' id='word_1_661' title='bbox 1878 2122 2075 2165; x_wconf 75' lang='grc' dir='ltr'>ἀποδέχομαι</span> <span class='ocrx_word' id='word_1_662' title='bbox 2088 2125 2163 2163; x_wconf 83' lang='grc' dir='ltr'><strong>γοῦν</strong></span> <span class='ocrx_word' id='word_1_663' title='bbox 2179 2121 2280 2161; x_wconf 76' lang='grc' dir='ltr'><strong>ἔγωγε</strong></span> 
     </span>
     <span class='ocr_line' id='line_1_91' title="bbox 1222 2169 2278 2215; baseline -0.006 -7"><span class='ocrx_word' id='word_1_664' title='bbox 1222 2175 1276 2208; x_wconf 79' lang='grc' dir='ltr'><strong>καὶ</strong></span> <span class='ocrx_word' id='word_1_665' title='bbox 1296 2175 1351 2208; x_wconf 87' lang='grc' dir='ltr'>τὸν</span> <span class='ocrx_word' id='word_1_666' title='bbox 1373 2177 1437 2207; x_wconf 80' lang='grc' dir='ltr'>τῶν</span> <span class='ocrx_word' id='word_1_667' title='bbox 1461 2175 1595 2215; x_wconf 80' lang='grc' dir='ltr'><strong>Λοκρῶν</strong></span> <span class='ocrx_word' id='word_1_668' title='bbox 1620 2172 1789 2213; x_wconf 77' lang='grc' dir='ltr'><strong>νομοθέτην</strong></span> <span class='ocrx_word' id='word_1_669' title='bbox 1815 2170 1991 2210; x_wconf 78' lang='grc' dir='ltr'><strong>Ζάλευκον,</strong></span> <span class='ocrx_word' id='word_1_670' title='bbox 2016 2170 2050 2207; x_wconf 77' lang='grc' dir='ltr'><strong>ὃς</strong></span> <span class='ocrx_word' id='word_1_671' title='bbox 2070 2169 2278 2211; x_wconf 66' lang='grc' dir='ltr'><strong>ἐνομοθέτησε</strong></span> 
     </span>
     <span class='ocr_line' id='line_1_92' title="bbox 1221 2218 2279 2263; baseline -0.008 -8"><span class='ocrx_word' id='word_1_672' title='bbox 1221 2223 1275 2256; x_wconf 85' lang='grc' dir='ltr'>τὸν</span> <span class='ocrx_word' id='word_1_673' title='bbox 1288 2222 1397 2255; x_wconf 84' lang='grc' dir='ltr'><strong>καινὸν</strong></span> <span class='ocrx_word' id='word_1_674' title='bbox 1409 2220 1591 2255; x_wconf 78' lang='grc' dir='ltr'><strong>εῑσοὶσοντα</strong></span> <span class='ocrx_word' id='word_1_675' title='bbox 1600 2219 1697 2260; x_wconf 83' lang='grc' dir='ltr'><strong>νόμον</strong></span> <span class='ocrx_word' id='word_1_676' title='bbox 1712 2219 1830 2263; x_wconf 84' lang='grc' dir='ltr'><strong>βρόχου</strong></span> <span class='ocrx_word' id='word_1_677' title='bbox 1845 2219 2060 2262; x_wconf 70' lang='grc' dir='ltr'><strong>περικειμένου</strong></span> <span class='ocrx_word' id='word_1_678' title='bbox 2072 2220 2119 2259; x_wconf 81' lang='grc' dir='ltr'>τῷ</span> <span class='ocrx_word' id='word_1_679' title='bbox 2132 2218 2279 2259; x_wconf 73' lang='grc' dir='ltr'><strong>τραχήλῳ</strong></span> 
     </span>
     <span class='ocr_line' id='line_1_93' title="bbox 1221 2263 2279 2309; baseline -0.008 -6"><span class='ocrx_word' id='word_1_680' title='bbox 1221 2273 1314 2304; x_wconf 83' lang='grc' dir='ltr'><strong>τοῦτο</strong></span> <span class='ocrx_word' id='word_1_681' title='bbox 1332 2271 1454 2309; x_wconf 79' lang='grc' dir='ltr'><strong>ποιεῖν,</strong></span> <span class='ocrx_word' id='word_1_682' title='bbox 1467 2269 1510 2305; x_wconf 83' lang='grc' dir='ltr'><strong>ὡς</strong></span> <span class='ocrx_word' id='word_1_683' title='bbox 1528 2267 1648 2309; x_wconf 76' lang='grc' dir='ltr'><strong>ἀκαρὴς</strong></span> <span class='ocrx_word' id='word_1_684' title='bbox 1664 2267 1786 2308; x_wconf 78' lang='grc' dir='ltr'><strong>οῖχοιτο</strong></span> <span class='ocrx_word' id='word_1_685' title='bbox 1798 2266 1919 2308; x_wconf 85' lang='grc' dir='ltr'><strong>πνιγείς</strong></span> <span class='ocrx_word' id='word_1_686' title='bbox 1931 2290 1940 2307; x_wconf 92' lang='grc'><strong>,</strong></span> <span class='ocrx_word' id='word_1_687' title='bbox 1958 2266 1988 2299; x_wconf 75' lang='grc' dir='ltr'>εἰ</span> <span class='ocrx_word' id='word_1_688' title='bbox 2003 2266 2046 2306; x_wconf 82' lang='grc' dir='ltr'><strong>μὴ</strong></span> <span class='ocrx_word' id='word_1_689' title='bbox 2063 2264 2148 2305; x_wconf 74' lang='grc' dir='ltr'><strong>μάλα</strong></span> <span class='ocrx_word' id='word_1_690' title='bbox 2160 2263 2279 2304; x_wconf 65' lang='grc' dir='ltr'><strong>σφόδρα</strong></span> 
     </span>
     <span class='ocr_line' id='line_1_94' title="bbox 1221 2310 2279 2357; baseline -0.009 -7"><span class='ocrx_word' id='word_1_691' title='bbox 1221 2318 1391 2354; x_wconf 76' lang='grc' dir='ltr'><strong>λυσιτελῶς</strong></span> <span class='ocrx_word' id='word_1_692' title='bbox 1412 2318 1460 2357; x_wconf 82' lang='grc' dir='ltr'>τῷ</span> <span class='ocrx_word' id='word_1_693' title='bbox 1476 2318 1575 2357; x_wconf 81' lang='grc' dir='ltr'><strong>κοινῷ</strong></span> <span class='ocrx_word' id='word_1_694' title='bbox 1587 2313 1872 2357; x_wconf 82' lang='grc' dir='ltr'><strong>παραδιατάττοιτο</strong></span> <span class='ocrx_word' id='word_1_695' title='bbox 1891 2313 1947 2351; x_wconf 81' lang='grc' dir='ltr'>τὴν</span> <span class='ocrx_word' id='word_1_696' title='bbox 1966 2311 1997 2349; x_wconf 77' lang='grc' dir='ltr'>ἐξ</span> <span class='ocrx_word' id='word_1_697' title='bbox 2009 2310 2106 2352; x_wconf 81' lang='grc' dir='ltr'><strong>ἀρχῆς</strong></span> <span class='ocrx_word' id='word_1_698' title='bbox 2119 2313 2173 2349; x_wconf 85' lang='grc' dir='ltr'>τῆς</span> <span class='ocrx_word' id='word_1_699' title='bbox 2194 2310 2279 2342; x_wconf 86' lang='grc' dir='ltr'><strong>πολι-</strong></span> 
     </span>
     <span class='ocr_line' id='line_1_95' title="bbox 1220 2358 2277 2403; baseline -0.008 -5"><span class='ocrx_word' id='word_1_700' title='bbox 1220 2365 1305 2403; x_wconf 83' lang='grc' dir='ltr'><strong>τείας</strong></span> <span class='ocrx_word' id='word_1_701' title='bbox 1317 2362 1525 2396; x_wconf 72' lang='grc' dir='ltr'><strong>κατάστασιν.</strong></span> <span class='ocrx_word' id='word_1_702' title='bbox 1546 2379 1579 2386; x_wconf 90' lang='lat'>-</span> <span class='ocrx_word' id='word_1_703' title='bbox 1595 2363 1661 2403; x_wconf 68' lang='grc'>(64)</span> <span class='ocrx_word' id='word_1_704' title='bbox 1675 2360 1909 2394; x_wconf 78' lang='lat' dir='ltr'>Demosthenes</span> <span class='ocrx_word' id='word_1_705' title='bbox 1921 2358 1996 2391; x_wconf 70' lang='grc' dir='ltr'><strong>εὰν.</strong></span> <span class='ocrx_word' id='word_1_706' title='bbox 2008 2358 2151 2391; x_wconf 86' lang='lat' dir='ltr'>Timocr.</span> <span class='ocrx_word' id='word_1_707' title='bbox 2165 2365 2196 2398; x_wconf 85' lang='lat' dir='ltr'>p.</span> <span class='ocrx_word' id='word_1_708' title='bbox 2216 2359 2277 2390; x_wconf 71' lang='lat'>7⁴4</span> 
     </span>
     <span class='ocr_line' id='line_1_96' title="bbox 1221 2404 2278 2451; baseline -0.009 -7"><span class='ocrx_word' id='word_1_709' title='bbox 1221 2411 1273 2445; x_wconf 89' lang='lat' dir='ltr'>ed.</span> <span class='ocrx_word' id='word_1_710' title='bbox 1290 2409 1397 2444; x_wconf 77' lang='lat' dir='ltr'>neisk.</span> <span class='ocrx_word' id='word_1_711' title='bbox 1409 2423 1416 2442; x_wconf 78' lang='lat' dir='ltr'>t</span> <span class='ocrx_word' id='word_1_712' title='bbox 1429 2409 1582 2451; x_wconf 72' lang='grc' dir='ltr'><strong>βούλομαι</strong></span> <span class='ocrx_word' id='word_1_713' title='bbox 1592 2408 1620 2441; x_wconf 79' lang='grc' dir='ltr'>δ’</span> <span class='ocrx_word' id='word_1_714' title='bbox 1630 2409 1715 2449; x_wconf 79' lang='grc' dir='ltr'><strong>ὑμῖν,</strong></span> <span class='ocrx_word' id='word_1_715' title='bbox 1729 2407 1757 2439; x_wconf 82' lang='grc' dir='ltr'><strong>ὦ</strong></span> <span class='ocrx_word' id='word_1_716' title='bbox 1769 2407 1874 2449; x_wconf 78' lang='grc' dir='ltr'><strong>ἄνδρες</strong></span> <span class='ocrx_word' id='word_1_717' title='bbox 1880 2404 2040 2444; x_wconf 78' lang='grc' dir='ltr'><strong>δικασταί,</strong></span> <span class='ocrx_word' id='word_1_718' title='bbox 2048 2404 2080 2437; x_wconf 81' lang='grc' dir='ltr'><strong>ἐν</strong></span> <span class='ocrx_word' id='word_1_719' title='bbox 2091 2405 2223 2445; x_wconf 79' lang='grc' dir='ltr'><strong>Λοκροῖς</strong></span> <span class='ocrx_word' id='word_1_720' title='bbox 2234 2405 2278 2441; x_wconf 79' lang='grc' dir='ltr'><strong>ὡς</strong></span> 
     </span>
     <span class='ocr_line' id='line_1_97' title="bbox 1221 2448 2278 2499; baseline -0.009 -8"><span class='ocrx_word' id='word_1_721' title='bbox 1221 2458 1423 2499; x_wconf 71' lang='grc' dir='ltr'><strong>νομοθετοῦσι</strong></span> <span class='ocrx_word' id='word_1_722' title='bbox 1439 2455 1662 2495; x_wconf 80' lang='grc' dir='ltr'><strong>διηγήσασθαι.</strong></span> <span class='ocrx_word' id='word_1_723' title='bbox 1686 2453 1785 2487; x_wconf 63' lang='grc' dir='ltr'><strong>Οὐδὲν</strong></span> <span class='ocrx_word' id='word_1_724' title='bbox 1798 2453 1858 2495; x_wconf 79' lang='grc' dir='ltr'>γὰρ</span> <span class='ocrx_word' id='word_1_725' title='bbox 1871 2452 1994 2494; x_wconf 81' lang='grc' dir='ltr'><strong>χείρους</strong></span> <span class='ocrx_word' id='word_1_726' title='bbox 2011 2451 2118 2485; x_wconf 67' lang='grc' dir='ltr'><strong>ἔσεσθε</strong></span> <span class='ocrx_word' id='word_1_727' title='bbox 2131 2448 2278 2490; x_wconf 78' lang='grc' dir='ltr'><strong>παράδει-</strong></span> 
     </span>
     <span class='ocr_line' id='line_1_98' title="bbox 1221 2499 2275 2548; baseline -0.008 -10"><span class='ocrx_word' id='word_1_728' title='bbox 1221 2508 1287 2548; x_wconf 79' lang='grc' dir='ltr'><strong>γμα</strong></span> <span class='ocrx_word' id='word_1_729' title='bbox 1302 2516 1333 2538; x_wconf 85' lang='grc' dir='ltr'>τι</span> <span class='ocrx_word' id='word_1_730' title='bbox 1352 2502 1524 2543; x_wconf 77' lang='grc' dir='ltr'><strong>ἀκηκοότες</strong></span> <span class='ocrx_word' id='word_1_731' title='bbox 1536 2511 1543 2519; x_wconf 90' lang='grc'><em>·</em></span> <span class='ocrx_word' id='word_1_732' title='bbox 1555 2502 1656 2539; x_wconf 75' lang='grc' dir='ltr'><strong>άλλως</strong></span> <span class='ocrx_word' id='word_1_733' title='bbox 1674 2512 1708 2535; x_wconf 88' lang='grc' dir='ltr'>τε</span> <span class='ocrx_word' id='word_1_734' title='bbox 1717 2503 1772 2534; x_wconf 83' lang='grc' dir='ltr'><strong>καὶ</strong></span> <span class='ocrx_word' id='word_1_735' title='bbox 1785 2501 1812 2543; x_wconf 80' lang='grc' dir='ltr'><strong>ᾦ</strong></span> <span class='ocrx_word' id='word_1_736' title='bbox 1825 2501 1913 2537; x_wconf 82' lang='grc' dir='ltr'><strong>πόλις</strong></span> <span class='ocrx_word' id='word_1_737' title='bbox 1926 2499 2139 2540; x_wconf 70' lang='grc' dir='ltr'><strong>εὐνομουμένη</strong></span> <span class='ocrx_word' id='word_1_738' title='bbox 2150 2501 2275 2540; x_wconf 84' lang='grc' dir='ltr'><strong>χρῆται.</strong></span> 
     </span>
     <span class='ocr_line' id='line_1_99' title="bbox 1221 2546 2283 2594; baseline -0.007 -8"><span class='ocrx_word' id='word_1_739' title='bbox 1221 2555 1354 2587; x_wconf 81' lang='grc' dir='ltr'><strong>Ἐκεῖνοι</strong></span> <span class='ocrx_word' id='word_1_740' title='bbox 1366 2552 1428 2594; x_wconf 79' lang='grc' dir='ltr'>γὰρ</span> <span class='ocrx_word' id='word_1_741' title='bbox 1441 2551 1541 2587; x_wconf 72' lang='grc' dir='ltr'><strong>οὕτως</strong></span> <span class='ocrx_word' id='word_1_742' title='bbox 1559 2550 1677 2582; x_wconf 70' lang='grc' dir='ltr'><strong>οἶονται</strong></span> <span class='ocrx_word' id='word_1_743' title='bbox 1697 2549 1763 2582; x_wconf 75' lang='grc' dir='ltr'><strong>δεῖν</strong></span> <span class='ocrx_word' id='word_1_744' title='bbox 1782 2552 1846 2585; x_wconf 83' lang='grc' dir='ltr'><strong>τοῖς</strong></span> <span class='ocrx_word' id='word_1_745' title='bbox 1858 2547 1956 2581; x_wconf 80' lang='grc' dir='ltr'><strong>πάλαι</strong></span> <span class='ocrx_word' id='word_1_746' title='bbox 1972 2547 2125 2588; x_wconf 81' lang='grc' dir='ltr'><strong>κειμένοις</strong></span> <span class='ocrx_word' id='word_1_747' title='bbox 2143 2546 2283 2593; x_wconf 22' lang='grc' dir='ltr'><strong>χρῆσθαι,</strong></span> 
     </span>
     <span class='ocr_line' id='line_1_100' title="bbox 1221 2594 2277 2644; baseline -0.009 -9"><span class='ocrx_word' id='word_1_748' title='bbox 1221 2603 1339 2644; x_wconf 81' lang='grc' dir='ltr'><strong>νόμοις,</strong></span> <span class='ocrx_word' id='word_1_749' title='bbox 1347 2601 1402 2633; x_wconf 77' lang='grc' dir='ltr'><strong>καὶ</strong></span> <span class='ocrx_word' id='word_1_750' title='bbox 1415 2601 1455 2632; x_wconf 76' lang='grc' dir='ltr'>τὰ</span> <span class='ocrx_word' id='word_1_751' title='bbox 1465 2599 1581 2639; x_wconf 83' lang='grc' dir='ltr'><strong>πάτρια</strong></span> <span class='ocrx_word' id='word_1_752' title='bbox 1594 2598 1812 2638; x_wconf 75' lang='grc' dir='ltr'><strong>περιστέλλειν,</strong></span> <span class='ocrx_word' id='word_1_753' title='bbox 1822 2596 1877 2629; x_wconf 84' lang='grc' dir='ltr'><strong>καὶ</strong></span> <span class='ocrx_word' id='word_1_754' title='bbox 1889 2596 1932 2637; x_wconf 80' lang='grc' dir='ltr'><strong>μὴ</strong></span> <span class='ocrx_word' id='word_1_755' title='bbox 1942 2595 2019 2637; x_wconf 82' lang='grc' dir='ltr'><strong>πρὸς</strong></span> <span class='ocrx_word' id='word_1_756' title='bbox 2030 2594 2087 2631; x_wconf 82' lang='grc' dir='ltr'>τὰς</span> <span class='ocrx_word' id='word_1_757' title='bbox 2101 2594 2277 2635; x_wconf 74' lang='grc' dir='ltr'><strong>βουλήσεις,</strong></span> 
     </span>
     <span class='ocr_line' id='line_1_101' title="bbox 1222 2640 2279 2692; baseline -0.011 -9"><span class='ocrx_word' id='word_1_758' title='bbox 1222 2651 1299 2692; x_wconf 72' lang='grc' dir='ltr'><strong>μηδὲ</strong></span> <span class='ocrx_word' id='word_1_759' title='bbox 1313 2649 1389 2691; x_wconf 77' lang='grc' dir='ltr'><strong>πρὸς</strong></span> <span class='ocrx_word' id='word_1_760' title='bbox 1401 2648 1457 2685; x_wconf 74' lang='grc' dir='ltr'>τὰς</span> <span class='ocrx_word' id='word_1_761' title='bbox 1470 2646 1625 2683; x_wconf 78' lang='grc' dir='ltr'><strong>διαδύσεις</strong></span> <span class='ocrx_word' id='word_1_762' title='bbox 1637 2648 1700 2678; x_wconf 87' lang='grc' dir='ltr'>τῶν</span> <span class='ocrx_word' id='word_1_763' title='bbox 1717 2643 1921 2685; x_wconf 77' lang='grc' dir='ltr'><strong>ἀδικημάτων</strong></span> <span class='ocrx_word' id='word_1_764' title='bbox 1933 2642 2183 2682; x_wconf 70' lang='grc' dir='ltr'><strong>νομοθετεῖσθαι,</strong></span> <span class='ocrx_word' id='word_1_765' title='bbox 2199 2640 2279 2674; x_wconf 77' lang='grc' dir='ltr'><strong>ὥστ’</strong></span> 
     </span>
     <span class='ocr_line' id='line_1_102' title="bbox 1222 2689 2278 2741; baseline -0.008 -11"><span class='ocrx_word' id='word_1_766' title='bbox 1222 2698 1274 2730; x_wconf 76' lang='grc' dir='ltr'><strong>ἐάν</strong></span> <span class='ocrx_word' id='word_1_767' title='bbox 1287 2708 1331 2734; x_wconf 89' lang='grc' dir='ltr'>τις</span> <span class='ocrx_word' id='word_1_768' title='bbox 1350 2696 1501 2738; x_wconf 80' lang='grc' dir='ltr'><strong>βούληται</strong></span> <span class='ocrx_word' id='word_1_769' title='bbox 1514 2695 1610 2734; x_wconf 86' lang='grc' dir='ltr'><strong>νόμον</strong></span> <span class='ocrx_word' id='word_1_770' title='bbox 1624 2693 1734 2726; x_wconf 84' lang='grc' dir='ltr'><strong>καινὸν</strong></span> <span class='ocrx_word' id='word_1_771' title='bbox 1749 2692 1882 2731; x_wconf 77' lang='grc' dir='ltr'><strong>τιθέναι,</strong></span> <span class='ocrx_word' id='word_1_772' title='bbox 1896 2690 1927 2723; x_wconf 84' lang='grc' dir='ltr'><strong>ἐν</strong></span> <span class='ocrx_word' id='word_1_773' title='bbox 1939 2689 2045 2732; x_wconf 83' lang='grc' dir='ltr'><strong>βρόχῳ</strong></span> <span class='ocrx_word' id='word_1_774' title='bbox 2057 2689 2112 2722; x_wconf 88' lang='grc' dir='ltr'>τὸν</span> <span class='ocrx_word' id='word_1_775' title='bbox 2124 2689 2278 2741; x_wconf 55' lang='grc' dir='ltr'><strong>τράχηλον</strong></span> 
     </span>
     <span class='ocr_line' id='line_1_103' title="bbox 1222 2735 2277 2788; baseline -0.014 -10"><span class='ocrx_word' id='word_1_776' title='bbox 1222 2747 1308 2788; x_wconf 69' lang='grc' dir='ltr'><strong>ἔχων</strong></span> <span class='ocrx_word' id='word_1_777' title='bbox 1325 2744 1506 2785; x_wconf 80' lang='grc' dir='ltr'><strong>νομοθετεῖ,</strong></span> <span class='ocrx_word' id='word_1_778' title='bbox 1524 2742 1579 2775; x_wconf 80' lang='grc' dir='ltr'><strong>καὶ</strong></span> <span class='ocrx_word' id='word_1_779' title='bbox 1592 2741 1648 2775; x_wconf 79' lang='grc' dir='ltr'><strong>ἐὰν</strong></span> <span class='ocrx_word' id='word_1_780' title='bbox 1667 2740 1723 2782; x_wconf 65' lang='grc' dir='ltr'>μεν</span> <span class='ocrx_word' id='word_1_781' title='bbox 1738 2739 1815 2780; x_wconf 74' lang='grc' dir='ltr'>δόξῃ</span> <span class='ocrx_word' id='word_1_782' title='bbox 1829 2739 1925 2775; x_wconf 82' lang='grc' dir='ltr'><strong>καλὸς</strong></span> <span class='ocrx_word' id='word_1_783' title='bbox 1947 2738 2001 2769; x_wconf 83' lang='grc' dir='ltr'><strong>καὶ</strong></span> <span class='ocrx_word' id='word_1_784' title='bbox 2029 2735 2184 2779; x_wconf 78' lang='grc' dir='ltr'><strong>χρήσιμος</strong></span> <span class='ocrx_word' id='word_1_785' title='bbox 2197 2742 2277 2765; x_wconf 84' lang='grc' dir='ltr'><strong>ειναι</strong></span> 
     </span>
     <span class='ocr_line' id='line_1_104' title="bbox 1222 2780 2277 2834; baseline -0.014 -8"><span class='ocrx_word' id='word_1_786' title='bbox 1222 2796 1240 2826; x_wconf 81' lang='grc' dir='ltr'>ὁ</span> <span class='ocrx_word' id='word_1_787' title='bbox 1259 2793 1372 2834; x_wconf 84' lang='grc' dir='ltr'><strong>νόμος,</strong></span> <span class='ocrx_word' id='word_1_788' title='bbox 1387 2794 1424 2834; x_wconf 75' lang='grc' dir='ltr'>ζῆ</span> <span class='ocrx_word' id='word_1_789' title='bbox 1447 2791 1466 2823; x_wconf 73' lang='grc' dir='ltr'><strong>ὁ</strong></span> <span class='ocrx_word' id='word_1_790' title='bbox 1481 2790 1574 2827; x_wconf 73' lang='grc' dir='ltr'><strong>τιθεὶς</strong></span> <span class='ocrx_word' id='word_1_791' title='bbox 1587 2790 1640 2822; x_wconf 77' lang='grc' dir='ltr'><strong>καὶ</strong></span> <span class='ocrx_word' id='word_1_792' title='bbox 1660 2789 1849 2830; x_wconf 73' lang='grc' dir='ltr'><strong>ἀπέρχεται,</strong></span> <span class='ocrx_word' id='word_1_793' title='bbox 1862 2786 1890 2819; x_wconf 76' lang='grc' dir='ltr'>εὶ</span> <span class='ocrx_word' id='word_1_794' title='bbox 1904 2785 1937 2819; x_wconf 80' lang='grc' dir='ltr'><strong>δέ</strong></span> <span class='ocrx_word' id='word_1_795' title='bbox 1958 2784 2021 2826; x_wconf 76' lang='grc' dir='ltr'><strong>μή,</strong></span> <span class='ocrx_word' id='word_1_796' title='bbox 2044 2784 2189 2821; x_wconf 74' lang='grc' dir='ltr'><strong>τέθνηκεν</strong></span> <span class='ocrx_word' id='word_1_797' title='bbox 2207 2780 2277 2812; x_wconf 83' lang='grc' dir='ltr'><strong>ἐπι-</strong></span> 
     </span>
     <span class='ocr_line' id='line_1_105' title="bbox 1222 2829 2276 2880; baseline -0.016 -6"><span class='ocrx_word' id='word_1_798' title='bbox 1222 2842 1418 2876; x_wconf 79' lang='grc' dir='ltr'><strong>σπασθέντος</strong></span> <span class='ocrx_word' id='word_1_799' title='bbox 1434 2841 1490 2871; x_wconf 80' lang='grc' dir='ltr'>τοῦ</span> <span class='ocrx_word' id='word_1_800' title='bbox 1504 2837 1634 2880; x_wconf 82' lang='grc' dir='ltr'><strong>βρόχου.</strong></span> <span class='ocrx_word' id='word_1_801' title='bbox 1655 2836 1717 2869; x_wconf 74' lang='grc' dir='ltr'>Καὶ</span> <span class='ocrx_word' id='word_1_802' title='bbox 1730 2835 1790 2877; x_wconf 81' lang='grc' dir='ltr'>γάρ</span> <span class='ocrx_word' id='word_1_803' title='bbox 1807 2845 1856 2866; x_wconf 90' lang='grc' dir='ltr'>τοι</span> <span class='ocrx_word' id='word_1_804' title='bbox 1875 2833 2001 2869; x_wconf 71' lang='grc' dir='ltr'><strong>καινοὺς</strong></span> <span class='ocrx_word' id='word_1_805' title='bbox 2015 2831 2070 2873; x_wconf 67' lang='grc' dir='ltr'>μὲν</span> <span class='ocrx_word' id='word_1_806' title='bbox 2086 2831 2124 2863; x_wconf 73' lang='grc' dir='ltr'><strong>οὐ</strong></span> <span class='ocrx_word' id='word_1_807' title='bbox 2136 2829 2276 2868; x_wconf 68' lang='grc' dir='ltr'><strong>τολμῶσι</strong></span> 
     </span>
     <span class='ocr_line' id='line_1_106' title="bbox 1221 2879 2274 2928; baseline -0.017 -5"><span class='ocrx_word' id='word_1_808' title='bbox 1221 2890 1357 2923; x_wconf 80' lang='grc' dir='ltr'><strong>τίθεσθαι</strong></span> <span class='ocrx_word' id='word_1_809' title='bbox 1377 2888 1510 2928; x_wconf 85' lang='grc' dir='ltr'><strong>νόμους,</strong></span> <span class='ocrx_word' id='word_1_810' title='bbox 1527 2889 1592 2923; x_wconf 82' lang='grc' dir='ltr'><strong>τοῖς</strong></span> <span class='ocrx_word' id='word_1_811' title='bbox 1618 2885 1651 2918; x_wconf 69' lang='grc' dir='ltr'>δὲ</span> <span class='ocrx_word' id='word_1_812' title='bbox 1674 2884 1772 2917; x_wconf 75' lang='grc' dir='ltr'><strong>πάλαι</strong></span> <span class='ocrx_word' id='word_1_813' title='bbox 1798 2883 1950 2923; x_wconf 87' lang='grc' dir='ltr'><strong>κειμένοις</strong></span> <span class='ocrx_word' id='word_1_814' title='bbox 1967 2879 2102 2922; x_wconf 74' lang='grc' dir='ltr'><strong>ἅκριῦῶς</strong></span> <span class='ocrx_word' id='word_1_815' title='bbox 2124 2880 2274 2918; x_wconf 75' lang='grc' dir='ltr'><strong>χρῶνται.</strong></span> 
     </span>
     <span class='ocr_line' id='line_1_107' title="bbox 1220 2924 2273 2974; baseline -0.017 -3"><span class='ocrx_word' id='word_1_816' title='bbox 1220 2938 1273 2971; x_wconf 79' lang='grc' dir='ltr'><strong>Ἐν</strong></span> <span class='ocrx_word' id='word_1_817' title='bbox 1288 2937 1417 2974; x_wconf 77' lang='grc' dir='ltr'><strong>πολλοῖς</strong></span> <span class='ocrx_word' id='word_1_818' title='bbox 1434 2936 1469 2970; x_wconf 64' lang='grc' dir='ltr'>δὲ</span> <span class='ocrx_word' id='word_1_819' title='bbox 1486 2934 1569 2967; x_wconf 83' lang='grc' dir='ltr'><strong>πάνυ</strong></span> <span class='ocrx_word' id='word_1_820' title='bbox 1580 2933 1699 2971; x_wconf 65' lang='grc' dir='ltr'><strong>ἔτεσιν,</strong></span> <span class='ocrx_word' id='word_1_821' title='bbox 1722 2931 1749 2964; x_wconf 81' lang='grc' dir='ltr'><strong>ὥ</strong></span> <span class='ocrx_word' id='word_1_822' title='bbox 1771 2930 1877 2972; x_wconf 82' lang='grc' dir='ltr'><strong>ἄνδρες</strong></span> <span class='ocrx_word' id='word_1_823' title='bbox 1899 2926 2063 2964; x_wconf 70' lang='grc' dir='ltr'><strong>δικασταί,</strong></span> <span class='ocrx_word' id='word_1_824' title='bbox 2084 2924 2127 2961; x_wconf 77' lang='grc' dir='ltr'>εῖς</span> <span class='ocrx_word' id='word_1_825' title='bbox 2153 2924 2273 2962; x_wconf 78' lang='grc' dir='ltr'><strong>λέγεται</strong></span> 
     </span>
     <span class='ocr_line' id='line_1_108' title="bbox 1220 2972 2275 3028; baseline -0.016 -9"><span class='ocrx_word' id='word_1_826' title='bbox 1220 2984 1293 3028; x_wconf 81' lang='grc' dir='ltr'><strong>παρ’</strong></span> <span class='ocrx_word' id='word_1_827' title='bbox 1310 2984 1415 3021; x_wconf 80' lang='grc' dir='ltr'><strong>αὐτοῖς</strong></span> <span class='ocrx_word' id='word_1_828' title='bbox 1433 2982 1527 3025; x_wconf 79' lang='grc' dir='ltr'><strong>νόμος</strong></span> <span class='ocrx_word' id='word_1_829' title='bbox 1546 2981 1654 3018; x_wconf 75' lang='grc' dir='ltr'><strong>καινὸς</strong></span> <span class='ocrx_word' id='word_1_830' title='bbox 1669 2981 1807 3018; x_wconf 69' lang='grc' dir='ltr'><strong>τεθῆναι.</strong></span> <span class='ocrx_word' id='word_1_831' title='bbox 1823 2978 1933 3013; x_wconf 85' lang='grc' dir='ltr'><strong>Ὀντος</strong></span> <span class='ocrx_word' id='word_1_832' title='bbox 1951 2976 2010 3017; x_wconf 75' lang='grc' dir='ltr'>γὰρ</span> <span class='ocrx_word' id='word_1_833' title='bbox 2028 2974 2135 3006; x_wconf 77' lang='grc' dir='ltr'><strong>αὐτόθι</strong></span> <span class='ocrx_word' id='word_1_834' title='bbox 2155 2972 2254 3012; x_wconf 71' lang='grc' dir='ltr'><strong>νόμου</strong></span> <span class='ocrx_word' id='word_1_835' title='bbox 2267 2994 2275 3007; x_wconf 87' lang='grc'><strong>.</strong></span> 
     </span>
     <span class='ocr_line' id='line_1_109' title="bbox 1218 3021 2271 3074; baseline -0.015 -8"><span class='ocrx_word' id='word_1_836' title='bbox 1218 3033 1272 3066; x_wconf 79' lang='grc' dir='ltr'><strong>ἐάν</strong></span> <span class='ocrx_word' id='word_1_837' title='bbox 1284 3043 1330 3070; x_wconf 86' lang='grc' dir='ltr'>τις</span> <span class='ocrx_word' id='word_1_838' title='bbox 1342 3031 1497 3074; x_wconf 67' lang='grc' dir='ltr'><strong>ὀφθαλμὸν</strong></span> <span class='ocrx_word' id='word_1_839' title='bbox 1507 3028 1628 3071; x_wconf 74' lang='grc' dir='ltr'><strong>ἐκκόψῃ</strong></span> <span class='ocrx_word' id='word_1_840' title='bbox 1637 3051 1647 3069; x_wconf 86' lang='grc'><strong>,</strong></span> <span class='ocrx_word' id='word_1_841' title='bbox 1660 3025 1854 3067; x_wconf 76' lang='grc' dir='ltr'><strong>ἀντεκκόψαι</strong></span> <span class='ocrx_word' id='word_1_842' title='bbox 1875 3027 2054 3065; x_wconf 76' lang='grc' dir='ltr'><strong>παρασχεῖν</strong></span> <span class='ocrx_word' id='word_1_843' title='bbox 2076 3021 2129 3053; x_wconf 81' lang='grc' dir='ltr'>τὸν</span> <span class='ocrx_word' id='word_1_844' title='bbox 2143 3021 2271 3055; x_wconf 74' lang='grc' dir='ltr'><strong>ἐαυτοῦ.</strong></span> 
     </span>
     <span class='ocr_line' id='line_1_110' title="bbox 1218 3069 2274 3122; baseline -0.014 -8"><span class='ocrx_word' id='word_1_845' title='bbox 1218 3081 1271 3114; x_wconf 74' lang='grc' dir='ltr'><strong>καὶ</strong></span> <span class='ocrx_word' id='word_1_846' title='bbox 1294 3081 1332 3113; x_wconf 80' lang='grc' dir='ltr'><strong>οὐ</strong></span> <span class='ocrx_word' id='word_1_847' title='bbox 1350 3078 1520 3122; x_wconf 77' lang='grc' dir='ltr'><strong>χρημάτων</strong></span> <span class='ocrx_word' id='word_1_848' title='bbox 1544 3077 1702 3117; x_wconf 80' lang='grc' dir='ltr'><strong>τιμήσεως</strong></span> <span class='ocrx_word' id='word_1_849' title='bbox 1717 3075 1882 3115; x_wconf 75' lang='grc' dir='ltr'><strong>οὐδεμιᾶς,</strong></span> <span class='ocrx_word' id='word_1_850' title='bbox 1898 3070 2066 3110; x_wconf 76' lang='grc' dir='ltr'><strong>ὸκειλῆσαί</strong></span> <span class='ocrx_word' id='word_1_851' title='bbox 2092 3081 2138 3105; x_wconf 77' lang='grc' dir='ltr'>τις</span> <span class='ocrx_word' id='word_1_852' title='bbox 2154 3069 2274 3108; x_wconf 80' lang='grc' dir='ltr'><strong>λέγεται</strong></span> 
     </span>
     <span class='ocr_line' id='line_1_111' title="bbox 1218 3118 2275 3171; baseline -0.014 -9"><span class='ocrx_word' id='word_1_853' title='bbox 1218 3129 1325 3171; x_wconf 77' lang='grc' dir='ltr'><strong>ἐχθρὸς</strong></span> <span class='ocrx_word' id='word_1_854' title='bbox 1341 3128 1443 3170; x_wconf 80' lang='grc' dir='ltr'><strong>ἐχθρῷ</strong></span> <span class='ocrx_word' id='word_1_855' title='bbox 1456 3127 1511 3159; x_wconf 65' lang='grc' dir='ltr'><strong>ἱνα</strong></span> <span class='ocrx_word' id='word_1_856' title='bbox 1532 3125 1636 3167; x_wconf 65' lang='grc' dir='ltr'><strong>ἔχοντι</strong></span> <span class='ocrx_word' id='word_1_857' title='bbox 1654 3123 1813 3166; x_wconf 75' lang='grc' dir='ltr'><strong>ὀφθαλμὸν</strong></span> <span class='ocrx_word' id='word_1_858' title='bbox 1836 3122 1884 3154; x_wconf 84' lang='grc' dir='ltr'>ὃτι</span> <span class='ocrx_word' id='word_1_859' title='bbox 1901 3120 1998 3153; x_wconf 63' lang='grc' dir='ltr'><strong>αὐτοῦ</strong></span> <span class='ocrx_word' id='word_1_860' title='bbox 2022 3118 2149 3158; x_wconf 81' lang='grc' dir='ltr'><strong>ἐκκόψει</strong></span> <span class='ocrx_word' id='word_1_861' title='bbox 2167 3121 2275 3148; x_wconf 64' lang='grc' dir='ltr'><strong>τοῦτον</strong></span> 
     </span>
     <span class='ocr_line' id='line_1_112' title="bbox 1218 3165 2275 3215; baseline -0.015 -5"><span class='ocrx_word' id='word_1_862' title='bbox 1218 3177 1271 3210; x_wconf 79' lang='grc' dir='ltr'>τὸν</span> <span class='ocrx_word' id='word_1_863' title='bbox 1283 3177 1349 3210; x_wconf 68' lang='lat' dir='ltr'>tva.</span> <span class='ocrx_word' id='word_1_864' title='bbox 1368 3175 1538 3215; x_wconf 78' lang='grc' dir='ltr'><strong>Γενομένης</strong></span> <span class='ocrx_word' id='word_1_865' title='bbox 1551 3173 1584 3205; x_wconf 74' lang='grc' dir='ltr'>δε</span> <span class='ocrx_word' id='word_1_866' title='bbox 1596 3172 1711 3209; x_wconf 81' lang='grc' dir='ltr'><strong>ταύτης</strong></span> <span class='ocrx_word' id='word_1_867' title='bbox 1728 3174 1782 3209; x_wconf 78' lang='grc' dir='ltr'>τῆς</span> <span class='ocrx_word' id='word_1_868' title='bbox 1795 3169 1924 3207; x_wconf 75' lang='grc' dir='ltr'><strong>ἀπειλῆς</strong></span> <span class='ocrx_word' id='word_1_869' title='bbox 1942 3168 2088 3210; x_wconf 75' lang='grc' dir='ltr'><strong>χαλεπῶς</strong></span> <span class='ocrx_word' id='word_1_870' title='bbox 2106 3165 2240 3204; x_wconf 68' lang='grc' dir='ltr'><strong>ἐνεγκὼν</strong></span> <span class='ocrx_word' id='word_1_871' title='bbox 2258 3165 2275 3195; x_wconf 83' lang='grc'>6</span> 
     </span>
     <span class='ocr_line' id='line_1_113' title="bbox 1218 3211 2275 3267; baseline -0.016 -9"><span class='ocrx_word' id='word_1_872' title='bbox 1218 3224 1461 3267; x_wconf 74' lang='grc' dir='ltr'><strong>ἐτερόφθαλμος,</strong></span> <span class='ocrx_word' id='word_1_873' title='bbox 1485 3221 1539 3254; x_wconf 73' lang='grc' dir='ltr'><strong>καὶ</strong></span> <span class='ocrx_word' id='word_1_874' title='bbox 1564 3220 1734 3261; x_wconf 78' lang='grc' dir='ltr'><strong>ἡγούμενος</strong></span> <span class='ocrx_word' id='word_1_875' title='bbox 1760 3216 1897 3250; x_wconf 72' lang='grc' dir='ltr'><strong>ἀὸίωτον</strong></span> <span class='ocrx_word' id='word_1_876' title='bbox 1926 3216 2013 3256; x_wconf 76' lang='grc' dir='ltr'><strong>αὒτῷ</strong></span> <span class='ocrx_word' id='word_1_877' title='bbox 2039 3213 2115 3245; x_wconf 79' lang='grc' dir='ltr'><strong>εἶναι</strong></span> <span class='ocrx_word' id='word_1_878' title='bbox 2135 3212 2187 3243; x_wconf 86' lang='grc' dir='ltr'>τὸν</span> <span class='ocrx_word' id='word_1_879' title='bbox 2206 3211 2275 3252; x_wconf 81' lang='grc' dir='ltr'><strong>βίον</strong></span> 
     </span>
     <span class='ocr_line' id='line_1_114' title="bbox 1216 3258 2274 3310; baseline -0.017 -4"><span class='ocrx_word' id='word_1_880' title='bbox 1216 3275 1310 3306; x_wconf 81' lang='grc' dir='ltr'><strong>τοῦτο</strong></span> <span class='ocrx_word' id='word_1_881' title='bbox 1338 3270 1486 3310; x_wconf 78' lang='grc' dir='ltr'><strong>παθόντι,</strong></span> <span class='ocrx_word' id='word_1_882' title='bbox 1503 3270 1622 3310; x_wconf 80' lang='grc' dir='ltr'><strong>λέγεται</strong></span> <span class='ocrx_word' id='word_1_883' title='bbox 1647 3267 1804 3308; x_wconf 73' lang='grc' dir='ltr'><strong>τολμῆσαι</strong></span> <span class='ocrx_word' id='word_1_884' title='bbox 1833 3263 1929 3305; x_wconf 85' lang='grc' dir='ltr'><strong>νόμον</strong></span> <span class='ocrx_word' id='word_1_885' title='bbox 1956 3263 2141 3301; x_wconf 76' lang='grc' dir='ltr'><strong>εἰσενεγκεῖν</strong></span> <span class='ocrx_word' id='word_1_886' title='bbox 2158 3258 2211 3290; x_wconf 81' lang='grc' dir='ltr'><strong>ἐάν</strong></span> <span class='ocrx_word' id='word_1_887' title='bbox 2231 3269 2274 3295; x_wconf 77' lang='grc' dir='ltr'>τις</span> 
     </span>
     <span class='ocr_line' id='line_1_115' title="bbox 1217 3307 2260 3360; baseline -0.016 -8"><span class='ocrx_word' id='word_1_888' title='bbox 1217 3319 1271 3352; x_wconf 66' lang='grc' dir='ltr'><strong>ἱνα</strong></span> <span class='ocrx_word' id='word_1_889' title='bbox 1289 3318 1415 3360; x_wconf 61' lang='grc' dir='ltr'><strong>ἔχοντος</strong></span> <span class='ocrx_word' id='word_1_890' title='bbox 1437 3316 1594 3357; x_wconf 54' lang='grc' dir='ltr'><strong>ὸτθαλμὰν</strong></span> <span class='ocrx_word' id='word_1_891' title='bbox 1613 3313 1752 3355; x_wconf 73' lang='grc' dir='ltr'><strong>ἐκκόψῃ,</strong></span> <span class='ocrx_word' id='word_1_892' title='bbox 1770 3313 1864 3354; x_wconf 47' lang='lat' dir='ltr'>{prom</span> <span class='ocrx_word' id='word_1_893' title='bbox 1879 3308 2067 3347; x_wconf 77' lang='grc' dir='ltr'><strong>ἀντεκκόψαι</strong></span> <span class='ocrx_word' id='word_1_894' title='bbox 2088 3307 2260 3346; x_wconf 77' lang='grc' dir='ltr'><strong>παρασχεῖν</strong></span> 
     </span>
    </p>

    <p class='ocr_par' dir='ltr' id='par_1_14' title="bbox 1216 3351 2277 3408">
     <span class='ocr_line' id='line_1_116' title="bbox 1216 3351 2277 3408; baseline -0.016 -8"><span class='ocrx_word' id='word_1_895' title='bbox 1216 3367 1269 3400; x_wconf 72' lang='grc' dir='ltr'>ἶνα</span> <span class='ocrx_word' id='word_1_896' title='bbox 1280 3369 1320 3408; x_wconf 66' lang='grc' dir='ltr'>τῇ</span> <span class='ocrx_word' id='word_1_897' title='bbox 1331 3366 1386 3405; x_wconf 69' lang='lat' dir='ltr'>len</span> <span class='ocrx_word' id='word_1_898' title='bbox 1399 3365 1545 3406; x_wconf 73' lang='grc' dir='ltr'><strong>συμφορᾷ</strong></span> <span class='ocrx_word' id='word_1_899' title='bbox 1560 3361 1727 3402; x_wconf 75' lang='grc' dir='ltr'><strong>ἀμφότεροι</strong></span> <span class='ocrx_word' id='word_1_900' title='bbox 1739 3363 1889 3402; x_wconf 80' lang='grc' dir='ltr'><strong>χρῶνται.</strong></span> <span class='ocrx_word' id='word_1_901' title='bbox 1909 3356 1971 3388; x_wconf 80' lang='grc' dir='ltr'><strong>Καὶ</strong></span> <span class='ocrx_word' id='word_1_902' title='bbox 1988 3358 2097 3386; x_wconf 78' lang='grc' dir='ltr'><strong>τοῦτον</strong></span> <span class='ocrx_word' id='word_1_903' title='bbox 2117 3351 2211 3392; x_wconf 78' lang='grc' dir='ltr'><strong>μόνον</strong></span> <span class='ocrx_word' id='word_1_904' title='bbox 2229 3351 2277 3383; x_wconf 80' lang='grc' dir='ltr'>λέ-</span> 
     </span>
    </p>
   </div>
   <div class='ocr_carea' id='block_1_13' title="bbox 1215 3398 2271 3502">
    <p class='ocr_par' dir='ltr' id='par_1_15' title="bbox 1215 3398 2271 3502">
     <span class='ocr_line' id='line_1_117' title="bbox 1215 3398 2271 3455; baseline -0.015 -8"><span class='ocrx_word' id='word_1_905' title='bbox 1215 3423 1322 3455; x_wconf 75' lang='grc' dir='ltr'><strong>γονται</strong></span> <span class='ocrx_word' id='word_1_906' title='bbox 1343 3412 1458 3454; x_wconf 72' lang='grc' dir='ltr'><strong>Λοκροὶ</strong></span> <span class='ocrx_word' id='word_1_907' title='bbox 1475 3411 1581 3443; x_wconf 79' lang='grc' dir='ltr'><strong>θέσθαι</strong></span> <span class='ocrx_word' id='word_1_908' title='bbox 1596 3409 1651 3440; x_wconf 81' lang='grc' dir='ltr'>τὸν</span> <span class='ocrx_word' id='word_1_909' title='bbox 1665 3406 1761 3448; x_wconf 83' lang='grc' dir='ltr'><strong>νόμον</strong></span> <span class='ocrx_word' id='word_1_910' title='bbox 1774 3407 1805 3438; x_wconf 86' lang='grc' dir='ltr'><strong>ἐν</strong></span> <span class='ocrx_word' id='word_1_911' title='bbox 1819 3405 1911 3437; x_wconf 78' lang='grc' dir='ltr'><strong>πλέον</strong></span> <span class='ocrx_word' id='word_1_912' title='bbox 1931 3403 1950 3440; x_wconf 81' lang='grc' dir='ltr'>ἣ</span> <span class='ocrx_word' id='word_1_913' title='bbox 1967 3398 2138 3435; x_wconf 77' lang='grc' dir='ltr'><strong>διακοσίοις</strong></span> <span class='ocrx_word' id='word_1_914' title='bbox 2158 3399 2271 3431; x_wconf 73' lang='grc' dir='ltr'><strong>έτεσιν.</strong></span> 
     </span>
     <span class='ocr_line' id='line_1_118' title="bbox 1215 3445 2271 3502; baseline -0.016 -7"><span class='ocrx_word' id='word_1_915' title='bbox 1215 3478 1257 3485; x_wconf 92' lang='grc'>-</span> <span class='ocrx_word' id='word_1_916' title='bbox 1267 3460 1335 3502; x_wconf 73' lang='grc'>(65)</span> <span class='ocrx_word' id='word_1_917' title='bbox 1343 3459 1418 3492; x_wconf 74' lang='lat' dir='ltr'>vm.</span> <span class='ocrx_word' id='word_1_918' title='bbox 1427 3466 1524 3499; x_wconf 74' lang='lat' dir='ltr'>supra</span> <span class='ocrx_word' id='word_1_919' title='bbox 1533 3455 1643 3489; x_wconf 75' lang='lat' dir='ltr'>adnot.</span> <span class='ocrx_word' id='word_1_920' title='bbox 1657 3454 1819 3493; x_wconf 49' lang='grc' dir='ltr'>πῦρ-(οῦ)</span> <span class='ocrx_word' id='word_1_921' title='bbox 1832 3449 2021 3484; x_wconf 65' lang='lat' dir='ltr'>minuimus</span> <span class='ocrx_word' id='word_1_922' title='bbox 2029 3446 2070 3479; x_wconf 73' lang='lat' dir='ltr'>ad</span> <span class='ocrx_word' id='word_1_923' title='bbox 2089 3445 2179 3480; x_wconf 69' lang='lat' dir='ltr'>lund.</span> <span class='ocrx_word' id='word_1_924' title='bbox 2189 3445 2242 3478; x_wconf 70' lang='lat' dir='ltr'>ut».</span> <span class='ocrx_word' id='word_1_925' title='bbox 2259 3447 2271 3479; x_wconf 82' lang='lat' dir='ltr'>t</span> 
     </span>
    </p>
   </div>
   <div class='ocr_carea' id='block_1_14' title="bbox 1217 3492 2263 3551">
    <p class='ocr_par' dir='ltr' id='par_1_16' title="bbox 1217 3492 2263 3551">
     <span class='ocr_line' id='line_1_119' title="bbox 1217 3492 2263 3551; baseline -0.017 -10"><span class='ocrx_word' id='word_1_926' title='bbox 1217 3516 1287 3551; x_wconf 69' lang='lat' dir='ltr'>pag.</span> <span class='ocrx_word' id='word_1_927' title='bbox 1302 3511 1343 3541; x_wconf 72' lang='lat' dir='ltr'>m</span> <span class='ocrx_word' id='word_1_928' title='bbox 1359 3519 1367 3540; x_wconf 75' lang='grc' dir='ltr'><strong>ι</strong></span> <span class='ocrx_word' id='word_1_929' title='bbox 1382 3507 1502 3548; x_wconf 63' lang='grc' dir='ltr'><strong>ςέρεται</strong></span> <span class='ocrx_word' id='word_1_930' title='bbox 1515 3504 1545 3537; x_wconf 66' lang='lat' dir='ltr'>si</span> <span class='ocrx_word' id='word_1_931' title='bbox 1564 3503 1616 3535; x_wconf 71' lang='lat' dir='ltr'>ml</span> <span class='ocrx_word' id='word_1_932' title='bbox 1642 3502 1709 3543; x_wconf 75' lang='grc' dir='ltr'><strong>περὶ</strong></span> <span class='ocrx_word' id='word_1_933' title='bbox 1733 3501 1892 3533; x_wconf 71' lang='grc' dir='ltr'><strong>Ζαλεύκου</strong></span> <span class='ocrx_word' id='word_1_934' title='bbox 1910 3499 1966 3529; x_wconf 81' lang='grc' dir='ltr'>τοῦ</span> <span class='ocrx_word' id='word_1_935' title='bbox 1990 3497 2115 3536; x_wconf 77' lang='grc' dir='ltr'><strong>Λοκροῦ</strong></span> <span class='ocrx_word' id='word_1_936' title='bbox 2131 3492 2263 3534; x_wconf 51' lang='grc' dir='ltr'><strong>ἱστορία.</strong></span> 
     </span>
    </p>
   </div>
  </div>
 </body>
</html>
