2638 3840
0 3578 44 3840 331*-
2 3460 36 3566 '—

19 2773 25 2828 --.—
19 2728 25 2764 ›⁴—
16 2538 23 2699 --„-.—-.-
14 2343 21 2532 -εμ-(ψῄμψ

329 269 400 301 152
1262 258 1525 300 CHALCIDII

363 344 424 376 so.
447 341 576 376 sictieri
590 342 757 382 convenit,
771 342 797 374 si
814 341 907 374 tertio
923 340 1061 374 consorti
1078 340 1220 374 muneris
1233 340 1356 374 Timaeo
1382 363 1384 366 .

322 410 385 433 non
408 401 499 434 aliter
520 401 660 436 videtur.

367 461 450 492 cni.
476 461 575 499 Audi,
604 469 624 492 ο
651 461 817 498 Socrates,
844 458 954 491 miram
983 458 1132 499 quidem,
1152 458 1209 491 sed
1235 458 1358 499 plenam

322 518 394 550 ndei
420 518 625 558 veritatisque
651 527 716 549 rem
747 531 754 551 =
785 521 819 549 ut
836 526 854 549 e
875 525 1010 549 numero
1026 518 1147 557 septem
1167 517 1358 558 sapientium

320 575 489 616 primm-ius
508 575 560 608 ille
588 576 660 608 Solo
687 575 867 607 recensebat
894 584 902 606 :
926 583 1022 616 quem
1043 574 1094 606 avi
1116 575 1179 607 mei
1194 598 1204 613 ,
1223 576 1256 608 et
1278 584 1357 608 con-

320 634 416 666 sortis
434 633 467 665 in
487 634 615 666 nomine
635 634 744 666 critiae
760 657 769 673 ,
787 633 883 666 fuisse
907 633 997 673 ajunt
1017 632 1193 665 admodum
1222 634 1358 666 familia-

318 699 400 724 rem.
443 693 513 729 Quo
527 692 679 724 referente
695 700 772 732 puer
784 700 841 731 ego
855 691 963 733 accepi
975 699 1026 724 res
1038 693 1142 732 gestas
1155 692 1251 733 hujus
1268 692 1357 725 urbis

319 750 561 790 memorabiles,
578 750 631 782 sed
655 749 864 782 diuturnitate
890 750 1087 792 interituque
1108 751 1273 784 hominum
1297 761 1355 784 an-

318 809 454 841 nullatas
468 809 655 849 evanuisse3
673 809 754 841 inter
775 817 855 849 quas
872 817 968 840 unam
994 812 1110 850 proeter
1133 812 1264 842 caeteras
1282 810 1355 842 illu-

317 869 414 901 strem
426 891 435 907 ,
453 868 544 908 quus
562 868 614 899 fiet
631 866 890 899 commemoratio
906 876 914 898 :
933 876 997 908 quo
1012 871 1078 899 tam
1095 877 1191 909 penes
1209 872 1238 901 te
1257 869 1356 909 gratia

319 925 503 966 collocetur,
522 935 618 967 quam
640 925 746 958 debita
765 925 852 967 deae,
873 926 966 966 quus
985 926 1139 959 hodierna
1161 936 1277 969 pompa
1294 931 1353 968 est,

319 984 514 1017 instauretur
538 985 713 1017 veneratio,
757 984 914 1017 Narrabat
941 994 1020 1026 ergo
1049 985 1178 1026 grandis
1201 989 1295 1026 natu,
1322 990 1356 1019 ut

318 1043 373 1084 qui
405 1043 445 1075 ad
477 1043 716 1083 nonagesimum
742 1043 808 1084 jam
837 1044 1108 1085 appropinquaret
1134 1053 1272 1085 annum,
1304 1054 1356 1077 me

317 1105 392 1135 tunc
410 1104 522 1143 agente
538 1112 656 1134 annum
670 1103 830 1136 decimum
843 1127 853 1143 ,
871 1103 1010 1144 publicis
1023 1104 1223 1144 cerimoniis,
1238 1105 1355 1137 celebri

315 1162 384 1201 die,
414 1163 483 1193 orta
508 1170 603 1193 causa
630 1162 944 1194 commemorationis
974 1171 1015 1194 ex
1045 1162 1172 1195 Solonis
1197 1171 1354 1195 versuum

314 1220 482 1252 cantilena.
527 1222 603 1252 Erat
619 1221 704 1252 enim
722 1220 852 1253 solenne
874 1220 1004 1253 familiae
1024 1223 1162 1260 nostrae,
1182 1221 1270 1253 festis
1289 1221 1355 1253 die-

315 1278 376 1310 bus
394 1287 453 1310 nos
470 1287 584 1319 pueros
604 1279 643 1310 ad
661 1281 822 1311 certamen
844 1279 1008 1311 memoriae
1026 1279 1198 1320 propositis
1220 1280 1356 1312 invitare

312 1336 449 1378 praemiis
473 1338 660 1379 puerilibus,
704 1337 815 1370 Multis
840 1346 914 1379 ergo
941 1338 1159 1379 carminibus,
1177 1341 1241 1371 tam
1263 1341 1352 1372 vete-

312 1405 382 1428 rum
408 1386 685 1437 quam'novorum
703 1399 888 1437 poetarum,
914 1397 1100 1429 memoriter
1120 1398 1353 1438 pronuntiatis;

313 1454 395 1487 inter
420 1463 493 1495 quae
521 1454 648 1487 Solonis
676 1455 840 1496 aliquanto
866 1455 1032 1496 pluribus,
1066 1459 1103 1487 ut
1133 1465 1206 1496 quae
1231 1456 1354 1488 novitas

312 1513 551 1547 commendaret
577 1513 617 1545 ad
643 1514 797 1554 gratiam;
824 1514 954 1558 memini
980 1514 1159 1555 quendam,
1178 1515 1245 1548 sive
1266 1514 1353 1556 quod

310 1570 355 1603 ita
369 1571 540 1612 judicaret,
557 1573 627 1604 sive
647 1572 733 1613 quod
756 1572 852 1605 vellet
868 1572 1000 1605 critiam
1014 1573 1212 1614 promereri,
1232 1573 1352 1606 dixisse

314 1629 431 1670 plane:
453 1631 601 1663 Solonem
624 1630 723 1662 videri
747 1631 807 1662 sibi
831 1640 893 1663 non
912 1631 1018 1663 solum
1045 1631 1212 1673 prudentia
1233 1633 1355 1665 caeteris

1419 342 1515 376 leude
1539 342 1663 384 dignis,
1688 342 1743 376 sed
1769 341 1867 375 etiam
1896 341 2092 375 carminibus
2117 343 2318 384 praestitisse.
2361 343 2460 385 Igitur

1418 410 1536 442 senex,
1554 401 1647 434 valde
1664 402 1749 434 enim
1770 400 1922 441 memini,
1941 400 2066 433 laetatus
2083 401 2224 434 eximie:
2245 401 2381 443 quidni
2393 410 2461 436 non

1421 461 1659 502 perfunctorie,
1680 460 1734 492 sed
1759 459 1869 492 dedita
1888 468 1985 500 opere
2010 460 2169 501 poeticam
2187 460 2318 502 suisset,
2334 461 2460 504 inquit,

1418 521 1591 550 exsecutus
1609 517 1700 557 Solo,
1716 517 1758 549 mi
1779 516 2005 558 Amynander;
2020 517 2072 550 vel
2087 526 2287 560 sermonem,
2303 528 2400 561 quem
2417 519 2459 553 ub

1417 577 1555 618 AEgypto
1581 584 1725 608 reversus
1749 575 1944 614 instituerat,
1971 575 2158 616 implesset?
2177 585 2196 608 a
2223 586 2287 618 quo
2313 565 2458 619 quidem,

1416 635 1646 673 seditionibus,
1677 637 1856 675 caeteraque
1887 634 2072 676 intemperie
2110 635 2215 668 civilis
2253 635 2459 670 dissensionis

1417 693 1628 735 impediente,
1647 693 1801 732 descivit,
1820 702 1883 725 non
1909 694 2022 734 opinor
2041 693 2198 726 minorem
2223 694 2384 737 Hesiodo,
2409 695 2460 729 vel

1416 753 1574 792 Homero,
1590 752 1734 784 futurum
1749 750 1854 784 ruisse.
1900 753 1963 783 SO.
1978 751 2133 789 Quisnam
2145 751 2203 784 iste
2217 751 2296 792 suit,
2311 761 2332 785 ο
2344 752 2458 794 critic,

1417 819 1523 843 sermo
1544 824 1551 843 ι
1571 810 1620 843 rel
1640 819 1703 851 qua
1719 809 1759 842 de
1778 819 1812 842 re
1834 810 2022 843 institutus?
2038 812 2120 843 cm.
2139 812 2185 843 De
2198 811 2338 844 maximo
2358 813 2392 844 et
2409 811 2457 844 sa·

1415 869 1594 902 matissimo
1609 869 1701 901 titulo
1714 868 1841 900 eximiae
1855 868 1993 909 virtutis,
2006 877 2103 910 quam
2117 869 2214 910 gessit
2227 869 2298 902 haec
2312 869 2427 903 civitas
2442 883 2452 903 ι

1416 927 1508 968 cujus
1529 927 1682 959 memoria
1705 927 1845 959 extincta
1862 928 1928 966 est,
1949 930 2014 959 tam
2035 929 2137 960 morte
2151 936 2261 961 eorum
2279 927 2334 969 qui
2351 937 2459 970 gesse·

1417 989 1510 1025 runt,
1535 995 1632 1027 quam
1654 985 1821 1027 impendio
1841 985 2007 1027 temporis.
2025 987 2086 1030 SQ.
2106 986 2165 1020 Dic
2186 995 2318 1028 quaeso,
2337 984 2454 1028 critic,

1415 1043 1501 1084 quod
1518 1053 1599 1084 opus
1611 1043 1689 1076 illud
1701 1068 1710 1084 ,
1727 1046 1760 1076 et
1773 1046 1932 1085 quatenus
1953 1047 2059 1075 actum
2073 1068 2082 1084 ,
2099 1046 2133 1076 et
2147 1053 2166 1076 a
2182 1044 2298 1085 quibus
2316 1053 2458 1087 comper-

1417 1106 1485 1134 tum
1497 1127 1506 1141 ,
1528 1102 1604 1134 Solo
1625 1106 1699 1134 tuus
1709 1102 1902 1134 recensebat.
1916 1101 1947 1144 [§
1959 1102 2004 1143 5.]
2018 1104 2091 1142 Est,
2106 1102 2208 1144 inquit
2220 1103 2359 1140 Critias.
2373 1104 2461 1146 regio

1416 1162 1544 1202 AEgypti
1567 1161 1680 1201 Delta;
1707 1160 1801 1200 cujus
1820 1170 1838 1192 e
1867 1161 1983 1192 vertice
2008 1161 2069 1193 Nili
2097 1161 2289 1194 scinduntur
2316 1162 2459 1201 fluenta,

1415 1221 1508 1260 Juxta
1525 1229 1620 1261 quam
1646 1220 1716 1252 Sais
1736 1219 1866 1252 nomine
1885 1219 2000 1252 civitas
2018 1229 2152 1260 magum
2171 1229 2268 1261 quiam
2285 1221 2366 1261 regit
2388 1229 2460 1254 mos

1416 1280 1528 1319 vetus,
1543 1278 1592 1310 lex
1611 1278 1727 1313 Saitica
1748 1280 1964 1320 nuncupatus.
2011 1281 2057 1311 Ex
2074 1278 2135 1310 hac
2155 1278 2234 1311 urbe
2255 1278 2381 1312 Amasis
2400 1279 2461 1312 suit

1415 1339 1605 1378 Imperator.
1651 1337 1818 1369 conditrix
1846 1346 1923 1368 vero
1944 1336 2032 1369 urbis
2056 1337 2115 1369 dea
2139 1337 2325 1378 AEgyptiace
2341 1337 2460 1381 ‘lingua

1416 1398 1564 1428 censetur
1583 1395 1680 1428 Neith
1703 1405 1711 1426 :
1734 1397 1847 1428 Graeca
1869 1395 1986 1427 dicitur
2007 1395 2144 1428 Athena.
2191 1395 2254 1437 Ipsi
2285 1404 2380 1436 porro
2397 1395 2458 1428 ho·

1414 1454 1516 1486 mines
1527 1458 1687 1486 amatores
1701 1456 1777 1486 sunt
1794 1453 2058 1493 Atheniensium,
2074 1453 2227 1495 istiusque
2243 1453 2332 1487 urbis
2342 1462 2458 1495 cognae

1413 1514 1500 1546 tione
1525 1521 1596 1546 sese
1629 1512 1801 1545 nobilitarii
1821 1522 1887 1554 prae
1916 1521 1951 1546 se
1983 1513 2099 1546 serunt.
2145 1514 2219 1551 Quo
2242 1512 2318 1546 Solo
2350 1513 2458 1555 prote-

1413 1574 1502 1604 ctum
1542 1581 1577 1604 se
1610 1572 1688 1604 satis
1716 1571 1914 1612 hospitaliter
1941 1571 2134 1603 honoratum
2162 1579 2235 1604 esse
2259 1571 2418 1604 referebat
2448 1581 2458 1604 :

1414 1634 1646 1672 expertumque
1665 1630 1805 1671 liquido,
1819 1629 1906 1671 quod
1924 1629 1964 1662 de
1981 1629 2153 1662 vetustatis
2169 1629 2323 1663 memoria
2340 1629 2455 1663 nulius

366 1762 445 1800 ΚΡ.
477 1761 602 1800 Ταῦτα
634 1761 704 1814 χρὴ
721 1762 828 1815 δρᾷν,
855 1764 884 1800 εἷ
904 1777 964 1799 και
991 1763 1041 1799 τῶ
1072 1761 1178 1815 τρίτῳ
1198 1777 1350 1815 κοινωνῳ

310 1819 453 1872 Τιμαίῳ
470 1818 634 1864 ξυνδοκεῖ.

361 1880 428 1918 ΤΙ.
459 1881 564 1918 Δοκει
579 1895 664 1928 μην.

363 1939 443 1976 ΚΡ.
482 1934 605 1976 Ἄκουε
637 1936 697 1984 δή,
727 1929 755 1976 ὦ
788 1937 996 1990 Σώκρατες,
1027 1939 1130 1991 λόγου
1163 1939 1260 1990 μάλα
1287 1939 1348 1990 μὲν

313 1995 465 2043 ἀτόπου,
487 1995 693 2034 παντάπασί
714 2011 753 2046 γε
779 1996 846 2048 μὴν
869 1998 1077 2045 ἀληθους,(
1059 2014 1106 2040 ως
1127 2000 1145 2035 6
1172 2001 1240 2036 τῶν
1261 1997 1351 2036 ἑπτὰ

309 2054 504 2108 σοφώτατος
524 2055 643 2093 Σόλων
659 2057 738 2092 ποτ’
759 2055 839 2108 ἔφη.
903 2058 969 2095 Ἠν
991 2054 1053 2105 μὲν
1074 2060 1132 2094 οὖν
1146 2057 1269 2100 οἰκεῖος
1291 2055 1351 2094 καὶ

310 2113 441 2166 σφόδρα
466 2112 562 2167 φίλος
580 2116 664 2163 ἡμῖν
684 2114 868 2168 Δρωπίδου
892 2118 951 2153 τοῦ
979 2115 1220 2167 προπάππου,
1241 2115 1350 2154 καθά-

310 2188 376 2225 περ
394 2173 488 2224 λέγει
508 2174 686 2225 πολλαχου
705 2189 766 2211 και
785 2173 886 2218 αὐτὸς
904 2176 937 2212 ἐν
938 2177 1004 2236 τῇ
1024 2173 1184 2220 ποιήσει·
1199 2173 1285 2226 πρὸς
1313 2173 1349 2212 δὲ

313 2229 460 2282 Κριτίαν
481 2246 539 2268 τον
565 2231 733 2284 ἡμέτερον
755 2233 901 2271 πάππον
925 2237 1044 2279 εἶπεν,
1072 2235 1119 2276 ὡς
1139 2232 1349 2283 ἀπεμνημό-

311 2303 402 2326 νευεν
418 2284 461 2327 αὖ
477 2289 561 2341 πρὸς
575 2292 670 2340 ἡμᾶς
689 2290 759 2342 ὁγέ
744 2306 853 2343 ρων,
873 2290 924 2329 ὅτι
942 2292 1078 2343 μεγάλα
1092 2307 1151 2330 και
1165 2292 1350 2342 θαυμαστὰ

311 2348 408 2392 τῆσδ’
429 2347 482 2394 εἴη
510 2348 647 2386 παλαιὰ
677 2347 762 2401 ἔργα
793 2353 854 2397 τῆς
881 2350 1013 2394 πόλεως
1042 2351 1108 2388 ὑπὸ
1138 2349 1262 2402 χρόνου
1290 2350 1349 2388 καὶ

313 2408 437 2458 φθορᾶς
459 2406 647 2458 ἀνθρώπων
676 2408 920 2459 ἠφανισμένα,
945 2409 1087 2447 πάντων
1111 2409 1152 2455 δὴ
1180 2407 1216 2446 ἓν
1249 2408 1347 2458 μέγι-

310 2479 407 2510 στον,
427 2458 465 2501 οἷ
485 2468 543 2502 νῦν
566 2466 812 2513 ἐπιμνησθεῒσι
831 2467 962 2519 πρέπον
986 2467 1028 2506 ἂν
1050 2471 1135 2518 ἡμῖν
1156 2466 1209 2513 εἴη
1237 2466 1291 2506 σοί
1309 2483 1348 2506 τε

311 2522 500 2560 ἀποδοῦναι
519 2522 620 2574 χάριν
643 2523 703 2562 καὶ
722 2523 784 2570 τὴν
811 2525 885 2563 θεὸν
915 2525 991 2575 ἅμα
1017 2528 1051 2564 ἐν
1083 2529 1126 2577 τῇ
1155 2525 1348 2578 πανηγύρει

312 2579 450 2623 δικαίως
490 2596 527 2618 τε
561 2581 620 2619 καὶ
654 2583 789 2629 ἀληθῶς
825 2578 894 2622 οἶόν
926 2600 992 2637 περ
1024 2587 1211 2635 ὑμνοῦντας
1239 2585 1347 2636 ἐγκω-

313 2639 462 2688 μιάζειν.

366 2697 446 2735 ΣΩ
469 2690 520 2736 Εῧ
539 2696 578 2735 λε’
564 2713 662 2748 ε.γεις
718 2698 823 2738 Ἀλλὰ
848 2700 889 2747 δὴ
905 2703 1001 2739 ποῖον
1023 2700 1119 2754 ἔργον
1141 2717 1242 2740 τουτο
1260 2703 1346 2753 Κρι-

311 2753 385 2796 τίας
410 2755 448 2791 οὐ
455 2753 658 2825 ωλέγομενον
692 2756 779 2807 μέν,
800 2760 846 2801 ὡς
883 2760 918 2799 δὲ
954 2760 1109 2812 πραχθέν
1142 2761 1246 2802 ὄντως
1279 2761 1347 2798 ὑπὸ

311 2814 415 2859 τ’ἧσδε
434 2816 494 2861 τ’ἧς
513 2813 683 2857 πόλεως
665 2821 809 2867 αρχαῖον
829 2818 982 2869 διηγεῖτο
997 2819 1088 2856 κατὰ
1108 2819 1170 2866 τὴν
1189 2819 1348 2863 Σόλωνος

313 2870 444 2918 ἀκοήν,

367 2930 447 2969 ΚΡ.
479 2928 522 2968 Γ
525 2945 575 2979 γω
596 2930 719 3003 φράσω
741 2932 932 2971 παλαιὸν’
914 2934 1073 2980 ακηκοως
1092 2935 1193 2987 λόγον
1215 2938 1252 2975 οὔ
1269 2937 1346 2976 νέου

312 2988 445 3039 ἀνδρός.
502 2981 573 3026 ῗΗν
589 2987 650 3038 μὲν
666 2989 732 3042 γὰρ
750 2990 791 3036 δὴ
811 2990 888 3029 τότε
909 2994 1113 3044 Κριτίας,
1096 3011 1142 3037 ως
1162 2995 1240 3046 ἔφη,
1263 3011 1347 3048 σχε-

311 3045 366 3084 δὸν
393 3044 493 3096 ἐγγυς
514 3045 584 3093 ἤδη
606 3049 673 3084 τῶν
697 3048 936 3095 ἐνενῆκοντα’
921 3066 1004 3088 ετων
1017 3051 1114 3100 ,ἐγω
1135 3051 1172 3090 δέ
1196 3069 1244 3105 πῃ
1273 3054 1345 3104 μά-

310 3105 412 3142 λιστα
433 3104 596 3151 δεκέτης·
616 3109 638 3151 ἡ
667 3105 703 3143 δὲ
730 3108 925 3159 Κουρεωτις
944 3110 1028 3159 ἡμῖν
1048 3114 1134 3148 οὐσα
1159 3111 1345 3164 ἐτύγχανεν

310 3162 557 3214 Ἀπατουρίων.
599 3164 651 3202 Τὸ
667 3163 708 3210 δὴ
729 3167 790 3211 τῆς
809 3167 928 3216 ἑορτῆς
945 3166 1086 3213 σύνηθες
1102 3169 1267 3207 ἑκάστοτε
1285 3171 1347 3208 και

309 3220 388 3258 τότε
409 3220 531 3270 ξυνέὸη
553 3229 624 3266 τοῖς
645 3223 788 3261 παισίν·
817 3218 905 3262 ἀθ)α
931 3226 1000 3277 γὰρ
1028 3229 1113 3276 ἡμῖν
1141 3243 1172 3265 οι
1201 3228 1348 3280 πατέρες

310 3278 430 3318 ἔθεσαν
465 3281 651 3333 ῥαψῳδίας.
708 3283 855 3320 Πολλων
883 3282 945 3332 μὲν
980 3300 1038 3322 ουν
1071 3283 1111 3331 δὴ
1142 3301 1202 3322 και
1232 3288 1346 3324 πολλὰ

311 3336 434 3389 ἐλέχθη
455 3354 609 3387 ποιητων
624 3339 824 3388 ποιήματα,
846 3340 904 3378 ἅτε
920 3340 955 3379 δὲ
973 3341 1032 3379 νέα
1047 3345 1123 3380 κατ’
1142 3345 1268 3382 ἐκεῖνον
1287 3344 1346 3382 τὸν

314 3394 478 3490 χρόνον
459 3396 542 3435 ὄντα
561 3397 605 3435 τὰ
625 3398 783 3443 Σόλωνος
801 3399 924 3437 πολλοι
948 3403 1016 3438 τῶν
1037 3400 1170 3439 παίδων
1187 3402 1340 3453 ᾔσαμεν.

313 3453 343 3491 Ε
359 3468 419 3491 πεν
440 3448 496 3493 ουν
520 3455 561 3502 δή
578 3471 629 3500 τις
647 3472 716 3496 των
738 3457 935 3511 φρατόρων,
956 3457 1023 3496 εἴτε
1045 3457 1086 3506 δὴ
1110 3459 1232 3499 δοκουν
1253 3461 1346 3513 αὐτῷ

1414 1761 1493 1801 τότε
1510 1761 1579 1800 εἴτε
1596 1761 1656 1799 καὶ
1673 1761 1776 1814 χάριν
1792 1761 1870 1800 τινὰ
1887 1762 1936 1814 τῷ
1953 1760 2080 1814 Κριτίᾳ
2094 1759 2225 1814 φέρων,
2241 1761 2354 1799 δοκεῖν
2366 1763 2398 1800 οἱ
2413 1760 2460 1799 τά

1414 1836 1451 1859 τε
1478 1821 1569 1859 ἄλλα
1590 1819 1790 1881 σοφώτατον
1818 1819 1994 1871 γεγονέναι
2026 1820 2174 1859 Σόλωνα
2194 1818 2368 1858 καὶκατὰ
2394 1818 2458 1866 τὴν

1414 1879 1554 1927 ποίησιν
1570 1882 1613 1919 αὖ
1629 1895 1697 1917 τυν
1711 1881 1863 1953 ποιητῶν
1880 1878 2019 1917 πάντων
2035 1876 2337 1931 ἐλευθεριώτατον.
2353 1877 2398 1918 ‘O
2413 1877 2456 1926 δὴ

1413 1938 1542 1990 γέρων,
1567 1937 1700 1991 σφόδρα
1720 1937 1788 1990 γὰρ
1803 1941 1862 1976 οὖν
1882 1937 2086 1987 μέμνημαι,
2109 1937 2208 1987 μάλα
2227 1951 2267 1974 τε
2284 1935 2376 1984 ἥσθη
2397 1936 2457 1975 καὶ

1414 1997 1656 2049 διαμειδιάσας
1668 1990 1783 2035 εἶπεν
1799 1995 1847 2035 Εἴ
1856 2011 1916 2046 γε,
1931 1998 1960 2035 ὠ
1976 1996 2007 2033 Ἀ
2015 1995 2185 2047 μύνανδρε
2197 2025 2208 2046 ,
2223 1994 2273 2046 μὴ
2290 1993 2457 2049 παρέργῳ

1415 2059 1458 2108 τῇ
1487 2057 1627 2103 ποιήσει
1654 2054 1919 2107 κατεχρήσατο,
1941 2056 2018 2093 ἀλλ’
2055 2054 2264 2093 ἐσπουδάκει
2293 2053 2455 2106 καθάπερ

1414 2115 1530 2163 ἄλλοι,
1547 2115 1605 2153 τόν
1633 2130 1671 2152 τε
1696 2114 1796 2165 λόγον
1817 2113 1853 2152 ὃν
1883 2115 1944 2151 ἀπ’
1964 2112 2146 2165 Αἰγύπτου
2167 2113 2266 2165 δεῦρο
2285 2112 2457 2163 ἠνέγκατο

1414 2174 1628 2221 ἀπετέλεσε,
1661 2172 1721 2210 καὶ
1747 2171 1797 2223 μὴ
1834 2170 1891 2210 διὰ
1915 2171 1979 2215 τὰς
2008 2171 2145 2215 στάσεις
2174 2171 2242 2209 ὑπὸ
2271 2172 2390 2208 κακῶν
2417 2186 2457 2209 τε

1413 2232 1548 2283 ἄλλων,
1570 2231 1634 2271 ὅσα
1658 2226 1754 2284 εῧρεν
1778 2231 1897 2269 ἐνθάδε
1918 2230 2012 2278 ἥκων
2026 2261 2035 2278 ,
2065 2230 2271 2281 ἠναγκάσθη
2291 2245 2458 2280 καταμε-

1413 2294 1520 2339 λῆσαι
1533 2322 1543 2342 ,
1565 2292 1658 2331 κατά
1673 2292 1705 2344 γ’
1724 2290 1814 2342 ἐμὴν
1830 2290 1931 2335 δόξαν
1952 2289 2030 2329 οὔτε
2051 2289 2211 2334 Ἡσίοδος
2229 2288 2307 2327 οὔτε
2326 2286 2456 2340 Ὄμη-

1416 2366 1471 2404 ρος
1492 2350 1571 2390 οὕτε
1593 2349 1697 2394 ἄλλος
1717 2350 1828 2394 οὐδεὶς
1846 2349 1996 2396 ποιητὴς
2024 2347 2296 2401 εὖδοκιμώτερος
2322 2349 2457 2401 ἐγένετο

1412 2408 1454 2447 ἄν
1474 2424 1559 2448 ποτε
1580 2411 1699 2448 αὐτοῦ.

1465 2469 1529 2513 Τίς
1549 2469 1579 2507 δ’
1597 2463 1639 2516 ἦν
1654 2471 1672 2507 6
1690 2466 1808 2519 λόγος,
1830 2461 1853 2515 ἦ
1871 2467 1900 2505 δ’
1917 2465 1975 2515 ὃς,
1998 2460 2026 2505 ὦ
2046 2465 2199 2519 Κριτία;
2223 2459 2275 2506 ’Ἦ
2296 2465 2376 2520 περὶ
2392 2482 2456 2518 με·

1410 2527 1552 2579 γίστης,
1572 2526 1637 2580 ἔφη
1651 2557 1661 2574 ,
1680 2527 1739 2564 καὶ
1760 2526 2044 2576 ὅνομαστοτάτης
2062 2527 2181 2564 πασῶν
2201 2525 2394 2564 δικαιότατ’
2411 2526 2454 2564 ἂν

1410 2585 1567 2639 πράξεως
1588 2585 1717 2635 οὔσης,
1742 2585 1785 2632 ἣν
1807 2584 1871 2631 ἥδε
1898 2587 1920 2631 ἡ
1941 2584 2040 2628 πόλις
2067 2583 2224 2636 ἔπραξε
2217 2582 2302 2631 μέν,
2329 2582 2386 2621 διὰ
2416 2583 2452 2622 δὲ

1408 2645 1531 2697 χρόνον
1547 2660 1612 2684 και
1629 2644 1756 2698 φθορὰν
1774 2646 1842 2683 τῶν
1859 2643 2108 2704 ἐργασαμένων
2122 2659 2161 2681 ου
2179 2641 2358 2716 διήρκεσε
2355 2643 2455 2694 δεῦρο

1410 2706 1428 2741 6
1450 2703 1565 2755 λόγος.
1623 2706 1715 2777 Λέγε
1736 2702 1769 2747 ἐξ
1788 2705 1901 2754 ἀρχης
1915 2731 1925 2749 ,
1943 2705 1964 2749 ἠ
1985 2701 2014 2739 δ’
2033 2701 2091 2752 ὅς,
2112 2702 2147 2740 τί
2168 2717 2205 2740 τε
2225 2701 2285 2740 και
2303 2703 2378 2745 πῶς
2393 2701 2454 2739 καὶ

1409 2762 1508 2817 παρα
1539 2762 1642 2800 τίνων
1674 2763 1722 2805 ως
1743 2763 1858 2807 ἀληθῆ
1893 2759 2088 2807 διακηκοὼς
2115 2759 2241 2821 ἔλεγεν
2269 2762 2288 2798 6
2317 2758 2453 2800 Σόλων.

1409 2822 1452 2872 [§
1475 2834 1506 2860 ο.
1515 2818 1530 2873 ]
1560 2819 1666 2859 Ἔστι
1695 2835 1747 2862 τις
1774 2818 1852 2857 κατ’
1890 2818 2091 2869 Αἴγυπτον,
2128 2821 2149 2866 ἠ
2183 2817 2214 2857 δ’
2241 2817 2300 2867 ὅς,
2335 2819 2371 2856 ἐν
2401 2819 2452 2870 τῷ

1409 2878 1548 2924 Δέλτα,
1570 2877 1651 2930 περὶ
1672 2877 1691 2915 ὃ
1711 2875 1802 2915 κατὰ
1822 2876 1976 2928 κορυφην
2005 2875 2164 2928 σχίζεται
2183 2877 2222 2915 τὸ
2240 2878 2299 2914 τοῦ
2319 2856 2448 2915 Νείλου

1410 2940 1544 2989 ῥεῦμα,
1571 2934 1734 2980 Σαϊτικὸς
1756 2935 2026 2985 ἐπικαλούμενος
2043 2934 2166 2985 νομός,
2185 2933 2310 2973 τούτου
2330 2933 2367 2972 δὲ
2391 2937 2450 2973 τοῦ

1410 3011 1516 3045 νομου
1538 2994 1687 3047 μεγίστη
1708 2994 1808 3038 πόλις
1827 2993 1933 3040 Σάϊς,
1953 2993 2063 3031 ὅθεν
2045 2992 2087 3039 δὴ
2114 2993 2174 3031 καὶ
2191 2986 2384 3043 Ἄμασιςτ
2360 3007 2404 3040 ην
2430 2994 2450 3030 ὃ

1410 3053 1588 3105 βασιλεύς·
1608 3054 1669 3092 καὶ
1687 3055 1749 3100 τ’ἧς
1768 3052 1900 3094 πόλεως
1924 3050 1997 3094 θεὸς
2017 3051 2171 3102 ἀρχηγός
2189 3050 2240 3094 τίς
2256 3051 2370 3098 ἔστιν,
2386 3051 2457 3090 Αἷ-

1407 3129 1574 3185 γυπτιστι
1608 3112 1670 3163 μὲν
1702 3111 1855 3159 τοῦνομα
1887 3106 2002 3158 Νηιθ,
2034 3107 2242 3155 ἹΞλληνιστι
2263 3107 2320 3156 δέ,
2351 3109 2399 3152 ὣς
2427 3110 2447 3146 ὁ

1408 3172 1547 3209 ἐκείνων
1565 3170 1685 3223 λόγος,
1706 3170 1854 3217 Ἀθηνᾶ·
1875 3169 1973 3219 μάλα
1994 3166 2030 3206 δὲ
2051 3166 2270 3226 φιλαθηναιοι
2290 3164 2352 3204 καί
2370 3180 2448 3204 τινα

1409 3229 1533 3282 τρόπον
1552 3230 1671 3268 οἰκεῖοι
1690 3229 1791 3266 τῶνδ’
1813 3226 1900 3270 εἷναί
1927 3241 2041 3279 φασιν.
2102 3227 2149 3264 Οἱ
2171 3223 2213 3271 δὴ
2242 3223 2361 3262 Σόλων
2379 3221 2446 3276 ἔφη

1408 3288 1564 3339 πορευθε
1561 3304 1586 3330 ις
1603 3286 1735 3341 σφόδρα
1754 3302 1790 3324 τε
1805 3285 1964 3337 γενέσθαι
1981 3284 2065 3357 πριρ’
2081 3284 2197 3326 αὐτοῖς
2210 3279 2368 3331 ἔντιμος,
2388 3279 2448 3319 καὶ

1410 3344 1450 3391 δὴ
1470 3361 1530 3384 και
1547 3345 1591 3383 τὰ
1607 3344 1743 3383 παλαιὰ
1765 3345 1945 3398 ἀνερωτων
1966 3358 2043 3415 *tuuf
2061 3342 2213 3392 μάλιστα
2235 3355 2315 3393 περι
2332 3354 2447 3377 ταυτα

1408 3406 1475 3442 τῶν
1500 3402 1618 3456 ἱερέων
1649 3402 1831 3455 ἐμπείρους
1853 3401 1976 3454 σχεδον
1997 3400 2075 3439 οὔτε
2105 3398 2208 3438 αὑτὸν
2229 3398 2308 3437 οὗτε
2340 3397 2444 3436 ἄλλον
2476 3452 2478 3455 v

1406 3459 1566 3510 ’Ἕλληνα
1579 3460 1700 3501 οὐδένα
1718 3461 1815 3501 ουδὲν
1843 3463 1890 3506 ὡς
1911 3460 1991 3505 ἔπος
2007 3461 2116 3499 εἰπεῖν
2136 3458 2251 3497 εἰδότα
2276 3456 2356 3509 περὶ
2378 3456 2445 3494 τῶν
