2638 3840
309 258 331 292 3
1067 247 1310 287 PfflLoLAl
1342 246 1682 288 FRAGMENTA.

305 339 351 382 ὥς
372 337 436 391 ἔφη
453 339 471 376 ὁ
489 335 574 390 πρὸς
587 335 650 387 ἐμὲ
664 335 788 388 λέγων,
805 335 865 382 τὴν
880 335 996 388 ψυχὴν
1020 327 1123 383 εἶναι,
1144 333 1207 382 τὴν
1226 334 1262 374 δὲ
1283 338 1350 390 ψυ-
1413 337 1602 376 mocritus
1621 338 1699 386 ἐτεῆ
1722 346 1760 376 et
1775 336 1872 391 νόμῳ
1903 336 2098 376 contraria
2129 348 2214 376 esse
2236 335 2335 377 vult.
2367 335 2454 376 vid.

305 395 372 449 χὴν
397 395 548 448 κοσκίνῳ
569 395 739 435 ἀπείκασε
759 395 821 441 τὴν
840 397 908 433 τῶν
934 393 1090 440 ἀνοήτων
1113 395 1159 438 ὡς
1177 394 1350 448 τετρημέ-
1414 397 1549 448 fragm.
1566 398 1685 449 phys.
1710 412 1744 439 1.
1766 396 1777 449 )

303 469 366 502 νην
381 485 392 505 ,
413 453 474 494 ἅτε
493 456 531 493 οὐ
556 455 752 506 δυναμένην
783 455 932 505 στέγειν,
968 454 1011 491 δι’
1041 453 1206 492 ἀπιστίαν
1234 470 1271 493 τε
1291 453 1350 494 καὶ
1468 470 1515 496 2⁶.
1545 455 1662 496 Ὥστε
1682 458 1700 495 ὁ
1718 454 1780 507 μὲν
1800 455 2031 509 Ἀναξαγόρας
2051 457 2173 499 κοινῶς
2191 454 2250 494 τὸν
2270 455 2374 508 λόγον
2393 455 2459 509 ἔφη

303 513 449 566 λήθην.)
1415 515 1591 569 κριτήριον
1613 509 1711 554 εἶναι·
1730 517 1761 554 οἱ
1783 514 1818 555 δὲ
1848 514 2084 567 Πυθαγορικοὶ
2104 514 2159 554 τὸν
2184 513 2284 564 λόγον
2308 512 2372 564 μέν
2392 529 2462 567 φα-

358 586 408 612 2⁵.
433 572 546 613 Φύσει
568 573 628 612 καὶ
648 573 686 612 οὗ
709 571 825 624 νόμῳ,
847 571 893 614 ὥς
914 571 999 624 φησί
1015 587 1081 610 που
1103 572 1294 617 Φιλόλαος.
1415 591 1468 614 σιν
1481 605 1492 622 ,
1513 577 1552 615 οὐ
1568 577 1691 620 κοινῶς
1706 574 1768 624 δέ,
1789 574 1848 614 τὸν
1876 573 1912 614 δὲ
1934 574 2004 613 ἀπὸ
2023 576 2091 612 τῶν
2115 572 2334 623 μαθημάτων
2355 589 2461 626 περι-

360 632 533 683 (Nicom.
555 632 767 679 Arithm.1,
789 645 877 683 pag.
902 633 951 670 25
977 647 985 669 :
1006 630 1123 684 ἑτέρου
1140 631 1209 684 γὰρ
1228 636 1349 686 καιροῦ
1412 634 1614 686 γινόμενον,
1633 634 1791 687 καθάπερ
1822 634 1918 686 ἔλεγε.
1949 632 2009 672 καὶ
2035 633 2227 676 Φιλόλαος·
2253 632 2461 685 θεωρητικόν

304 693 480 744 διερευνᾶν
514 691 692 737 ἐπιπλέον,
724 692 798 733 πῶς
824 690 884 729 καὶ
913 691 1251 743 τετραγωνισθέντος
1283 691 1366 739 ἀπὸΙ
1412 710 1450 733 τε
1470 694 1552 733 ὄντα
1580 698 1642 742 τ’ἧς
1662 696 1731 733 τῶν
1759 693 1849 732 ὅλων
1871 692 2007 747 φύσεως
2029 692 2123 744 ἔχειν
2146 690 2225 730 τινὰ
2257 691 2460 742 συγγένειαν

304 753 367 798 τῆς
400 750 584 803 στοιχηδὸν
622 747 788 792 ἐκθέσεως
815 753 878 788 τοῦ
907 751 1056 802 ἀριθμοῦ
1087 751 1150 789 οὐκ
1181 750 1350 791 ἐλάττονα
1413 753 1497 806 πρὸς
1517 752 1664 802 ταύτην,
1689 753 1832 805 ἐπείπερ
1849 753 1917 792 ὑπὸ
1934 755 1995 791 τοῦ
2015 750 2134 802 ὁμοίου
2155 750 2195 789 τὸ
2214 749 2332 802 ὅμοιον
2353 766 2462 791 κατα-

303 809 435 849 πιθανὰ
454 808 700 859 ἐπισυμὸαίνει
723 806 852 861 φύσει
873 809 953 850 κτλ.
978 809 1150 861 Apparet
1178 819 1352 849 extrema
1412 812 1659 865 λαμὸάνεσθαι
1678 811 1843 864 πέφυκεν.

304 877 451 907 tantum
488 881 573 906 esse
617 867 809 914 Philolai,
844 881 923 906 non
954 868 1048 906 item
1080 870 1350 921 praecedentia.
1472 871 1631 924 (Sextus
1649 871 1875 923 Empiricus
1896 870 1986 910 adv.
2002 869 2122 908 Math.
2144 868 2234 918 vll,
2258 882 2308 920 9²
2326 883 2367 922 p.
2388 870 2464 909 388

305 927 550 977 Caeteroquin
573 934 616 964 ut
635 925 699 964 hic
715 925 817 979 φύσει
836 927 1053 978 opponitur
1068 926 1164 981 νόμῳ
1176 957 1186 976 ,
1206 930 1260 966 ita
1276 929 1352 967 De·
1414 930 1475 969 ed.
1499 929 1672 982 Fabric.)

344 1066 394 1095 25.
414 1063 532 1095 Natura
550 1069 588 1093 ac
613 1069 678 1093 uon
706 1060 875 1094 hominum
901 1061 1074 1103 instituto,
1096 1065 1133 1095 ut
1161 1062 1206 1095 ait
1229 1062 1351 1095 alicubi
1416 1061 1547 1104 quidem
1565 1062 1744 1104 appellant,
1765 1071 1830 1094 non
1848 1062 1979 1095 omnino
2005 1065 2130 1102 tamen,
2154 1061 2211 1095 sed
2237 1071 2310 1095 eam
2323 1071 2397 1104 qum
2416 1062 2466 1096 lit·

302 1121 477 1154 Philolaus.
1417 1124 1559 1156 terarum
1579 1121 1752 1164 disciplinis
1771 1122 1946 1163 contingat,
1960 1121 2233 1163 quemadmodum
2247 1123 2280 1155 et
2298 1122 2467 1155 Philolaus

1419 1181 1545 1214 dicebat
1560 1193 1568 1214 ε
1582 1189 1720 1222 eamque
1740 1180 1772 1212 in
1786 1180 2056 1222 contemplatione
2071 1181 2197 1213 naturae
2217 1179 2316 1221 hujus
2328 1180 2469 1213 universi

344 1245 395 1274 26.
425 1239 642 1280 Quamobrem
673 1242 878 1281 Anaxagoras
897 1240 1030 1273 omnino
1059 1241 1216 1274 rationem
1246 1249 1352 1272 rerum
1417 1240 1555 1272 defixam
1577 1239 1696 1272 habere
1719 1239 1880 1281 quandam
1902 1248 1976 1273 cum
2001 1248 2039 1273 ea
2056 1240 2300 1280 cognationem.
2316 1238 2468 1279 quoniam

305 1299 457 1333 abrih-am
484 1308 553 1332 etse*
589 1299 652 1339 ait;
674 1299 874 1341 Pythagorici
903 1308 981 1333 vero
1011 1299 1167 1333 rationem
1199 1300 1353 1333 arbitram
1419 1299 1515 1332 simili
1528 1298 1633 1332 simile
1646 1298 1779 1340 intelligi
1797 1298 1908 1332 soleat.
