2638 3840
284 298 356 330 192
1000 284 1263 323 CHALClDll
1298 284 1711 324 COMMENTARIUS

274 379 340 416 est,
368 376 575 408 inveniuntur
605 374 692 406 nasci
722 373 854 414 epogdoi
886 372 1024 412 numeri,
1052 371 1107 411 qui
1131 370 1198 402 toni
1230 371 1320 403 sunt.

277 436 397 468 Deinde
414 435 479 474 ait,
502 433 640 475 epoqcloi
668 435 793 474 spaciis
823 433 971 473 epitrita
994 432 1113 462 omnia
1136 430 1322 470 compleri,-

276 495 335 526 tuoe
361 495 429 534 est,
456 494 510 525 illa
537 493 633 525 eliam
662 492 808 532 epitrita,
832 500 905 531 quae
929 491 1004 521 sunt
1029 489 1067 521 in>
1087 488 1322 530 sescuplaribus

275 553 427 584 numeris.
473 554 552 585 Nam
570 554 602 583 et
628 552 658 583 in
677 551 724 582 bis
740 549 949 591 epitritaratio
967 549 1149 581 continetur
1176 549 1322 589 propter-

273 621 331 651 ea,
366 612 451 653 quod
486 612 628 653 epogdoa
664 609 890 651 supputatione
922 608 1022 648 major
1051 610 1101 641 est
1128 607 1319 649 sescuplaris

274 681 427 704 numerus
445 671 571 712 epitrito
592 679 725 702 numero
739 694 747 708 ‚
764 669 793 701 id
809 671 875 709 est,
893 677 960 700 uno
978 670 1067 710 tono.
1113 667 1232 700 Eadem
1251 667 1320 708 epi-

274 731 351 763 trita
381 730 463 762 ratio
479 731 576 764 etiam
603 730 632 760 in
661 728 800 769 duplici,
826 730 858 760 et
877 727 994 768 triplici
1016 727 1196 769 quantitate
1216 726 1320 759 conti·

272 790 388 823 rit-atur
406 798 536 822 necesse
549 791 616 828 est3
640 797 698 820 nec
715 787 887 819 immerito.

315 848 421 882 Prima
440 847 526 880 enim
557 847 747 887 symphonia
768 848 817 878 est
835 847 906 879 baec
930 846 1020 887 ipsa,
1045 855 1119 888 quae
1144 845 1321 888 appellatur

274 908 489 945 diatessaron,
508 906 539 938 in
556 906 683 947 epitrito
703 906 798 938 modo
816 906 937 947 posita;
954 908 986 938 et
1000 906 1075 947 quia
1091 906 1237 946 epitritus
1257 914 1320 938 non

271 967 375 999 solum
408 976 445 998 ex
471 966 598 998 duobus
627 967 782 1006 epogdois
812 967 960 1006 constat,
988 966 1042 998 sed
1070 965 1168 998 etiam
1192 975 1230 997 ex
1259 965 1321 997 alio

271 1035 418 1066 quoque,
446 1025 642 1065 aliquantulo
671 1024 809 1064 scilicet,
843 1025 925 1057 sicut
956 1024 1154 1057 diatessaron
1183 1035 1248 1057 non
1282 1035 1320 1057 ex

270 1085 346 1116 solis
367 1084 492 1115 duobus
511 1083 592 1115 tonis
615 1085 760 1121 constat,
783 1084 838 1115 sed
856 1093 896 1116 ex
918 1069 1214 1125 liemitonio,qnod
1235 1085 1320 1116 vete—

271 1154 319 1176 res
335 1145 449 1184 λεῖμμα
474 1143 689 1184 appellabant.
737 1143 840 1182 IIuJus
854 1152 986 1183 qnoque
1004 1143 1133 1175 rationis
1149 1146 1319 1176 tractatum

233 1206 236 1211 '
272 1204 410 1238 babens,
426 1203 525 1242 dixit,
548 1202 745 1242 singulorum
769 1202 972 1243 epitritorum
990 1211 1059 1235 esse
1072 1204 1232 1243 quandam
1251 1212 1321 1244 por-

270 1261 446 1293 tiunculam
470 1261 649 1302 reliquam,
672 1260 754 1292 banc
780 1254 882 1301 ipsam
904 1260 1026 1293 scilicet
1044 1261 1201 1293 rationem
1221 1261 1321 1293 bemi-

270 1320 346 1352 touii
377 1320 567 1360 designans.
597 1319 682 1361 quod
706 1320 750 1352 ait
773 1322 899 1352 tantum
933 1329 1020 1357 esse.
1051 1323 1206 1360 quantum
1236 1321 1319 1353 desit

268 1379 413 1410 ducentis
430 1379 637 1419 quadraginta
655 1378 758 1410 tribus
778 1378 952 1410 adversum
979 1378 1135 1410 ducentos
1158 1379 1318 1419 quinqua-

269 1439 355 1479 ginta
375 1448 428 1471 sex
442 1463 450 1478 ‚
468 1448 532 1479 quo
558 1438 663 1470 minus
679 1438 720 1470 sit
740 1439 852 1479 plenus
867 1439 1033 1479 epogdous
1049 1447 1213 1472 numerus,

310 1500 436 1530 XLVII.
461 1501 568 1536 Quare
581 1506 707 1529 rursum
723 1498 815 1529 tertia
827 1502 875 1530 est
889 1498 1033 1530 iacienda
1046 1498 1234 1538 descriptio,
1249 1507 1320 1538 quae

268 1557 399 1597 subest;
418 1559 452 1589 ut
469 1566 533 1589 non
552 1557 657 1589 solum
676 1557 880 1598 intelligendo
892 1581 902 1597 ,
919 1557 974 1590 sed
994 1557 1135 1589 videndo
1154 1557 1250 1590 etiam
1269 1567 1320 1588 as·

270 1626 460 1658 sequamur,
477 1616 554 1657 quid
572 1616 613 1648 sit
629 1618 659 1648 et
676 1619 852 1657 quantum,
871 1615 950 1649 illud
973 1617 1060 1657 quod
1079 1617 1215 1658 epitritis
1232 1617 1320 1649 deest

270 1676 414 1717 epogdoa
433 1675 558 1707 ratione
575 1675 740 1707 dimensis.
786 1678 965 1708 Sumuntur
981 1676 1089 1716 itaque
1107 1676 1244 1715 maj0res
1261 1685 1319 1707 nu-

271 1734 371 1774 meri,
390 1736 425 1765 ut
454 1733 554 1765 totius
574 1736 660 1765 vocis
689 1733 849 1774 densitas,
869 1735 901 1766 et
926 1734 1031 1765 omnis
1055 1734 1145 1774 quasi
1169 1735 1317 1775 quaedam

270 1792 464 1833 constipatio
477 1816 486 1832 ,
508 1791 678 1833 procedat,
697 1792 885 1824 admittente
904 1792 935 1824 id
962 1793 1028 1825 fieri
1047 1792 1207 1833 majorum
1227 1802 1317 1825 sum-

270 1861 399 1883 marum
421 1852 605 1892 capacitate.

275 1914 465 1955 Descriptio
479 1915 588 1946 tertia
599 1937 608 1953 ‚
624 1921 700 1955 quae
712 1915 762 1945 est
774 1912 979 1946 harmonica
989 1937 998 1954 ‚
1007 1913 1118 1953 juxta
1131 1914 1319 1955 epoqdoam

310 1973 482 2004 rationem
505 1971 691 2005 modulans
717 1975 904 2013 utramque
925 1972 1170 2013 symphoniam
1188 1973 1319 2006 diates-

310 2039 415 2063 saron
433 2032 466 2063 et
486 2030 662 2072 diapente.

822 2172 956 2196 intervalia.
967 2181 969 2186 ·

527 2215 653 2247 CXCII.

402 2266 512 2298 'l'onus
532 2275 559 2298 s.
575 2266 756 2307 epogdous.
834 2267 952 2298 XXIV.

522 2319 664 2350 CCXVI·
1025 2331 1076 2360 64.
1108 2328 1265 2370 Epitritus

400 2371 511 2402 'sonus
518 2394 755 2404 ............
811 2372 934 2403 XXVII
944 2394 951 2402 .
1054 2379 1081 2402 s.
1097 2371 1234 2409 Quarta.

504 2423 676 2455 CCXLIIi.

400 2474 557 2506 semiton.
581 2484 607 2507 s.
627 2477 760 2516 λεῖμμα.
862 2477 951 2508 XIII.

526 2529 662 2560 CCLVI.
966 2541 977 2568 ,ι’

400 2580 510 2611 Tonus
517 2603 756 2614 ............
822 2582 952 2614 XXXII.
972 2586 981 2620 l

465 2634 716 2666 CCLXXXVIII.

401 2685 511 2716 Tonus
519 2709 758 2719 ............
806 2688 953 2720 XXXVI.

497 2738 694 2770 CCCXXIV.

404 2790 516 2822 Tonus
525 2814 762 2825 ............
870 2794 954 2831 XL}.

495 2843 707 2883 CCCLXIvss.

403 2895 562 2927 Semiton.
582 2905 609 2927 S.
626 2897 741 2937 λεῖμμα
759 2921 766 2929 .
854 2899 958 2937 ΧΙΧξ.

468 2948 721 2980 CCCLXXXIV.

315 2462 345 2524 Ξ

315 2525 338 2565 ἓ

316 2568 339 2597 ε»

316 2623 344 2633 ,.

316 2640 346 2678 Ξ

1011 2744 1081 2775 128.
1105 2741 1284 2774 Hemiolios

1057 2792 1083 2815 s.
1103 2783 1235 2821 Quinta.

313 3082 460 3114 XLVlII.
485 3081 565 3118 Quis
584 3081 680 3121 igitur
698 3083 811 3123 primae
841 3086 994 3125 portionis
1018 3096 1173 3120 numerus
1199 3098 1318 3122 conve·

273 3139 339 3172 niet
362 3140 518 3172 institutae
536 3140 792 3174 ratiocinationi?
818 3144 1128 3202 Nimirunheentum
1148 3139 1320 3188 nonaginta

273 3197 356 3238 duo,
371 3207 467 3239 quern
488 3199 535 3230 sic
554 3198 691 3231 invenio.
735 3202 836 3232 Sumo
852 3211 925 3234 eum
937 3226 946 3241 ‚
966 3203 1022 3243 qui
1038 3208 1112 3236 ante
1129 3214 1240 3236 omnes
1261 3215 1320 3237 nu-

276 3266 380 3289 meros
393 3258 547 3290 extribus
567 3259 709 3299 partibus
727 3263 872 3300 constat,
891 3261 923 3292 id
941 3264 987 3293 est
1001 3263 1188 3294 ternarium.
1225 3266 1318 3296 Hunc

275 3316 374 3347 octies
402 3316 463 3348 sibi
485 3317 643 3357 complice
669 3332 677 3350 2
704 3322 853 3351 nascetur
877 3321 1128 3360 vigintiquatuor
1152 3331 1316 3354 numerus.

276 3375 370 3406 Hune
386 3375 489 3416 ipsum
501 3376 750 3418 vigintiquatuor
767 3387 935 3410 nnmerum
953 3380 1051 3411 octies
1070 3383 1220 3421 supputo.
1267 3383 1318 3412 ln-

276 3433 403 3465 x'enitur
421 3434 448 3466 is
465 3435 520 3475 qui
537 3436 704 3476 quaeritur,
720 3445 875 3469 numerus
891 3441 1020 3469 centum
1038 3439 1211 3479 nonaginta
1230 3439 1295 3472 dito
1307 3464 1317 3480 ,

276 3499 368 3530 cujus
383 3493 474 3525 tertia
489 3502 561 3534 pars
573 3496 622 3528 est
633 3495 798 3536 sexaginta
812 3498 960 3538 quatuor,
975 3497 1106 3530 dimidia
1123 3506 1200 3531 vero
1218 3507 1319 3531 nona-

1384 371 1469 411 ginta
1486 380 1554 404 sex.
1599 371 1662 404 Sed
1683 371 1760 411 quia
1778 372 1912 412 epogdoi
1926 372 2080 405 rationem
2101 373 2262 407 discutere
2287 375 2424 409 institui·

1384 438 1475 471 mus,
1489 430 1627 462 adhibeo
1646 430 1743 462 alium
1769 430 1902 462 limitem
1914 454 1923 469 ‚
1941 430 2112 465 distantem
2134 434 2175 465 ab
2192 442 2250 472 eo,
2266 433 2427 475 duplicem

1382 488 1451 529 ejus
1466 489 1521 530 qui
1538 491 1586 522 est
1599 490 1630 521 in
1643 498 1771 522 summa
1782 514 1791 529 ‚
1808 491 1969 522 trecentos
1982 491 2142 532 octoginta
2154 495 2303 534 quatuor.
2348 494 2429 527 Dico

1383 557 1575 588 numerum,
1601 548 1757 581 ducentos
1787 548 2021 590 quinquaginta
2055 559 2134 592 sex,
2163 551 2327 592 epitritum
2358 561 2455 586 esse-

1382 607 1454 648 ejus
1478 607 1622 648 numeri,
1645 616 1742 648 quem
1766 608 1996 640 constituimus
2026 618 2190 642 summum
2216 610 2371 650 limitem,
2395 611 2429 644 id

1381 667 1431 699 est
1445 671 1577 699 centum
1597 667 1769 708 nonaginta
1787 666 1938 700 duorum.
1982 669 2087 702 Habet
2107 669 2194 702 enim
2221 670 2308 703 bunc
2325 670 2429 711 ipsum
2442 706 2450 713 ‚

1382 735 1552 759 numerum
1574 728 1704 759 centum
1721 726 1894 766 nonaginta
1913 726 1978 760 duo
1992 751 2001 768 ‚
2019 729 2051 760 et
2073 728 2199 761 tertiam
2220 731 2341 770 partem
2359 731 2431 770 ejus

1381 787 1543 826 sexaginta
1576 788 1725 827 quatuor,
1750 786 1843 826 cujus
1874 786 1984 820 limitis
2013 789 2143 820 centum
2170 788 2341 829 nonaginta
2367 788 2431 821 duo

1381 846 1544 887 epogdous
1563 855 1717 878 numerus
1737 850 1785 878 est
1803 846 1931 878 ducenti
1951 846 2126 880 sexdecim.
2171 846 2275 879 Habet
2293 847 2379 879 enim
2398 847 2429 880 in

1382 914 1416 937 se
1441 908 1544 937 totum
1566 905 1700 937 limitem
1720 906 1850 937 centum
1867 906 2040 946 nonaginta
2057 906 2123 937 duo
2139 907 2171 938 et
2190 906 2262 947 eius
2282 908 2429 939 octavam

1383 966 1506 1004 partem
1525 964 1636 1003 viginti
1653 965 1804 1004 quatuor.
1851 964 1956 1005 Hujus
1969 964 2070 1005 ipsius
2085 965 2299 999 ducentorum
2316 966 2431 998 sexde-

1381 1021 1445 1052 cim
1469 1021 1594 1053 nnmeri
1615 1021 1781 1062 epogdous
1802 1022 1850 1054 est
1872 1022 1916 1062 is,
1936 1022 1990 1063 qui
2010 1023 2057 1054 est
2076 1023 2107 1053 in
2129 1031 2277 1062 summa,
2300 1022 2429 1055 ducenti

1381 1080 1592 1120 quadraginta
1615 1082 1689 1112 tres.
1735 1082 1886 1113 Continet
1904 1081 1989 1113 enim
2014 1081 2171 1113 ducentos
2188 1083 2373 1122 sexdecim,
2395 1083 2431 1115 et

1382 1147 1494 1170 eornm
1515 1140 1636 1178 partem
1654 1139 1820 1178 octavam,
1846 1139 1876 1170 id
1898 1142 1968 1179 est,
1988 1138 2097 1179 viginti
2118 1140 2253 1179 septem.
2298 1141 2340 1172 At
2353 1149 2432 1172 vero

1383 1197 1596 1230 ducentorum
1621 1198 1853 1238 quinquaginta
1875 1206 1952 1238 sex,
1979 1207 2075 1238 quern
2098 1199 2263 1239 epitritum
2288 1198 2431 1231 diximus

1382 1265 1451 1287 esse
1469 1258 1598 1288 centum
1629 1257 1802 1296 nonaginta
1830 1257 1931 1288 duum
1957 1257 2109 1296 numeri,
2125 1257 2292 1298 epogdous
2308 1259 2359 1290 est
2380 1257 2430 1297 is,

1380 1315 1434 1355 qui
1459 1324 1620 1346 summam
1638 1315 1778 1355 complet
1795 1314 2008 1346 ducentorum
2022 1314 2182 1355 octoginta
2199 1316 2282 1347 octo.
2327 1314 2432 1347 Habet

1379 1374 1466 1406 enim
1492 1374 1631 1406 eundem
1643 1400 1652 1412 ,
1670 1377 1703 1406 et
1719 1375 1867 1406 octavam
1896 1375 2019 1413 partem
2038 1372 2108 1414 ejus
2121 1396 2130 1411 ,
2153 1373 2213 1405 boc
2233 1374 2283 1406 est
2303 1372 2431 1414 triginta

1380 1436 1457 1467 duo.
1504 1433 1608 1473 Hujus
1630 1433 1731 1474 ipsius
1749 1432 1896 1471 numeri,
1913 1432 1967 1472 qui
1987 1437 2036 1464 est
2053 1432 2086 1464 in
2107 1431 2254 1464 ducentis
2271 1425 2432 1473 octoginta

1380 1494 1468 1529 octo,
1485 1491 1648 1532 epogdous
1672 1499 1826 1522 numerus
1846 1492 1895 1522 est
1918 1492 2138 1523 trecentorum
2163 1492 2430 1533 vigintiquatuor,

1382 1550 1503 1582 babens
1523 1550 1647 1591 ipsum,
1662 1552 1694 1582 et
1717 1551 1865 1581 octavam
1896 1551 2022 1590 partem
2041 1550 2132 1590 eius,
2151 1551 2212 1582 boc
2233 1553 2284 1582 est
2302 1551 2432 1591 triginta

1381 1619 1449 1641 sex.
1494 1611 1618 1651 Rursus
1650 1609 1752 1649 ipsius
1781 1608 1906 1640 numeri
1925 1610 2146 1640 trecentorum
2179 1600 2433 1651 vigintiquatuor

1380 1668 1544 1709 epogdous
1557 1677 1710 1699 numerus
1725 1669 1775 1699 est
1790 1668 1829 1707 is,
1847 1666 1900 1708 qui
1920 1667 2015 1698 babet
2034 1676 2195 1699 summam
2214 1670 2430 1706 trecentorum

1381 1727 1566 1767 sexagintaq
1575 1727 1690 1758 uatuor
1702 1725 1810 1758 semis.
1855 1724 1962 1757 Habet
1972 1725 2058 1756 enim
2075 1725 2184 1766 ipsum
2196 1750 2204 1766 ,
2219 1728 2251 1758 et
2263 1726 2334 1766 ejus
2345 1729 2431 1759 oeta-

1381 1794 1453 1816 vam
1474 1785 1673 1826 portionem,
1694 1774 1905 1825 quadraginta
1924 1784 2033 1816 semis.

1390 1843 1542 1880 xLxlx.
1570 1844 1753 1882 Supersunt
1780 1842 1855 1874 duae
1883 1850 2039 1881 summae,
2060 1851 2124 1874 una
2151 1852 2225 1884 quae
2243 1845 2292 1876 est
2318 1843 2351 1876 in
2369 1843 2432 1876 du·-

1382 1904 1483 1935 centis
1515 1902 1730 1943 quadraginta
1765 1901 1892 1942 tribus;
1929 1901 2008 1941 alia,
2043 1910 2116 1942 quae
2146 1904 2196 1934 est
2223 1903 2256 1934 in
2284 1902 2431 1936 ducentis

1381 1963 1615 2003 quinquaginta
1635 1970 1705 1993 sex.
1750 1962 1823 1993 Non
1838 1969 2013 2001 possumus
2027 1961 2152 2000 dicere,
2169 1961 2326 1994 ducentos
2339 1963 2431 2003 quin·
2475 1968 2477 1970 ·

1382 2021 1535 2062 quaginta
1566 2030 1619 2054 sex
1646 2021 1862 2054 ducentorum
1893 2022 2103 2063 quadraginta
2126 2023 2226 2055 trium
2247 2023 2429 2066 epogdoum

1383 2089 1464 2112 esse.
1510 2082 1581 2112 Non
1600 2081 1687 2111 enim
1706 2089 1840 2113 numero
1863 2080 2009 2114 ducentis
2025 2082 2260 2123 quinquaginta
2278 2091 2357 2123 sex,
2371 2091 2431 2115 nu-

1382 2148 1491 2171 merus
1515 2139 1647 2171 ducenti
1671 2140 1882 2180 quadraginta
1906 2145 1969 2172 tres
1989 2143 2074 2173 totus
2095 2141 2290 2181 continetur,
2313 2142 2430 2183 eteius

1381 2202 1494 2230 octava
1513 2207 1595 2239 pars.
1639 2200 1694 2230 Est
1712 2199 1829 2231 etenim
1847 2202 1960 2231 octava
1976 2209 2049 2240 pars
2062 2199 2274 2232 ducentorum
2290 2199 2430 2241 quadra-

1380 2259 1470 2298 ginta
1493 2257 1611 2297 trinm,
1630 2258 1760 2298 triginta
1783 2260 1815 2290 et
1836 2267 1936 2298 prope
1954 2258 2063 2290 semis,
2109 2260 2149 2290 At
2168 2258 2250 2291 inter
2273 2259 2430 2292 ducentos

1381 2317 1611 2358 quinquaginta
1638 2325 1695 2348 sex
1715 2318 1747 2348 et
1777 2317 1851 2348 item
1873 2317 2030 2349 ducentos
2048 2318 2260 2358 quadraginta
2281 2319 2346 2350 tres
2368 2319 2428 2350 soli

1381 2376 1540 2408 intersunt
1553 2376 1706 2408 tredecim
1722 2377 1860 2408 numeri.
1907 2378 1977 2408 Non
1994 2377 2086 2416 igitur
2100 2377 2234 2417 epogdoi
2254 2378 2334 2410 ratio
2345 2378 2429 2409 inter

1382 2434 1440 2466 bos
1457 2443 1608 2466 numeros
1626 2434 1811 2466 conservari
1829 2436 1946 2475 potest.
1992 2437 2032 2467 Et
2046 2435 2195 2476 quoniam
2215 2435 2379 2476 epogdous
2394 2435 2428 2467 in

1381 2494 1523 2525 numeris
1546 2493 1630 2526 idem
1647 2495 1712 2533 est,
1733 2493 1789 2533 qui
1808 2496 1857 2525 est
1886 2493 1919 2525 in
1939 2493 2063 2525 musica
2085 2495 2201 2534 tonus,
2220 2494 2426 2534 perspicuum

1381 2555 1430 2585 est
1446 2554 1602 2594 quantum
1617 2552 1656 2584 ad
1674 2552 1901 2593 complendum
1915 2554 2028 2584 tonum
2042 2552 2124 2585 desit
2140 2552 2330 2593 supradictis
2347 2553 2429 2585 inter

1382 2622 1416 2646 se
1439 2613 1582 2645 numeris
1602 2612 1807 2653 comparatis.

1422 2673 1487 2704 Nec
1506 2680 1581 2704 vero
1599 2672 1758 2711 integrum
1775 2671 1985 2703 hemitonium
2002 2671 2185 2703 conservari
2203 2672 2326 2712 potest,
2344 2670 2429 2703 unde

1382 2733 1468 2762 recte
1492 2727 1601 2771 addit,
1619 2733 1670 2764 ita
1690 2733 1730 2763 uc
1753 2730 1800 2763 ad
1823 2730 2015 2772 perfectam
2041 2730 2329 2771 cumulatamque
2343 2738 2426 2771 per-

1379 2788 1565 2829 fectionem
1592 2790 1724 2822 deesset
1753 2789 1894 2831 aliquid
1924 2791 2084 2831 epitrito,
2104 2791 2247 2821 tantum
2276 2789 2425 2828 scilieet,

1382 2850 1556 2889 quantum
1573 2847 1668 2881 deest
1687 2848 1810 2880 habita
1828 2849 2087 2888 comparatione
2103 2847 2262 2879 ducentis
2277 2846 2425 2888 quadra-

1383 2910 1484 2947 einta
1511 2908 1624 2941 tribus
1660 2908 1845 2940 adversum
1873 2907 2038 2940 ducentos
2063 2907 2321 2948 quinquaqinta
2349 2915 2425 2939 sex.

1315 2997 1318 2999 .
1382 2970 1463 3005 Quae
1486 2969 1567 3000 ratio
1587 2968 1748 3001 invenitur
1767 2968 1864 3000 etiam
1882 2967 1913 2999 in
1929 2966 2026 2999 certis
2042 2966 2185 2998 numeris
2198 2989 2208 3005 ,
2227 2965 2285 3006 qui
2301 2963 2424 2998 suntin

1382 3028 1530 3060 formula.
1574 3029 1668 3061 Certe
1684 3028 1879 3059 conveniens
1897 3027 1998 3058 oratio
2018 3025 2206 3066 disputanti.
2249 3025 2316 3057 Iste
2338 3023 2423 3056 enim

1380 3088 1542 3128 Timaeus,
1557 3088 1611 3128 qni
1628 3088 1660 3120 in
1674 3088 1734 3119 boc
1750 3087 1829 3119 libro
1841 3087 1977 3126 tractat,
1989 3095 2027 3117 ex
2042 3085 2233 3125 Pythagoraa
2243 3083 2425 3123 magisterio

1382 3146 1461 3186 tuit,
1491 3156 1587 3187 quem
1617 3146 1846 3179 rationabiliter
1874 3144 1996 3176 inducit
2029 3143 2118 3175 Plato
2152 3142 2356 3181 domesticis,
2390 3144 2426 3173 et

1385 3204 1598 3237 t'aniiliaribns
1627 3206 1712 3246 sibi,
1735 3204 1974 3246 probationibus
1994 3204 2155 3240 utentem,
2178 3202 2292 3233 docere
2309 3200 2425 3232 animoe

1380 3266 1527 3295 naturam
1545 3272 1724 3304 congruere
1748 3263 1891 3295 numeris
1903 3287 1911 3302 ‚
1930 3261 2099 3294 concinere
2121 3261 2217 3293 etiam
2237 3258 2424 3291 modulatio-

1381 3322 1473 3353 nibus
1495 3323 1638 3354 musicae.

1421 3381 1460 3414 L.
1483 3384 1575 3414 Nunc
1590 3383 1742 3422 quoniam
1759 3391 1798 3414 ex
1821 3382 1942 3422 quibus
1954 3381 2081 3413 constet
2100 3378 2206 3410 anima
2228 3375 2339 3408 mundi
2355 3375 2422 3407 vir·

1381 3441 1526 3481 tutibus,
1564 3441 1652 3473 velut
1679 3451 1718 3474 ex
1747 3441 1895 3482 partibus
1934 3438 2150 3478 membrisque
2177 3436 2417 3476 coagmentata,

1380 3499 1494 3532 iisdem
1522 3499 1709 3540 virtutibus,
1732 3501 1765 3533 et
1793 3498 2064 3541 quemadmodum
2082 3498 2195 3528 natura
2213 3493 2282 3534 ejus
2305 3487 2420 3525 nume·
