2638 3840
359 292 430 325 114

351 372 558 425 τεταγμένοι
579 374 660 413 ποτὶ
692 373 883 424 ταξιάρχαν
917 370 975 409 καὶ
1010 368 1204 421 λοχαγέταν
1218 397 1228 416 ,
1258 367 1395 421 ἔχοντες

352 433 453 486 φύσιν
470 436 617 475 ἕπεσθαι
634 435 693 475 καὶ
717 433 944 473 ἕπακολουθὲν
971 433 1021 483 τῷ
1038 431 1154 475 καλῶς
1172 429 1394 483 καθαγεομέ·

351 509 414 546 νῳ.
471 495 584 534 Ξυνὸν
607 494 668 545 μὲν
692 486 740 532 ὧν
771 493 884 531 αὐτῶν
909 490 948 529 τὸ
968 489 1068 543 ἔργον
1087 490 1157 527 ἐντὶ
1178 490 1238 528 καὶ
1257 491 1308 528 τῶ
1331 489 1394 543 ἄρ-

350 567 470 604 χοντος
493 553 552 592 καὶ
574 555 643 591 τῶν
665 551 868 604 ἀρχομένων
882 580 892 598 ,
920 549 999 587 ἀλλ’
1017 546 1057 587 οὔ
1087 564 1133 587 κα
1159 547 1211 586 ἔτι
1233 547 1393 586 δύναιντο

350 612 583 664 συντετάχθαι
604 610 655 649 τοὶ
673 610 860 663 ἀρχόμενοι
883 607 963 647 ποτὶ
985 606 1023 645 τὸ
1044 606 1142 660 ἔργον
1160 607 1389 661 ἀπολειφθέν-

349 687 403 715 τες
422 672 607 724 ἁγεμόνος,
624 669 742 721 ὥσπερ
764 667 840 706 οὐδὲ
864 666 972 706 ἀοιδοὶ
990 665 1071 705 ποτὶ
1098 664 1298 705 συναοιδίαν
1316 666 1393 706 οὐδὲ

350 733 562 783 στρατιῶται
595 729 674 767 ποτὶ
711 725 922 779 στραταγίαν
955 724 1220 778 ἀπολειφθέντες
1247 725 1300 764 τοὶ
1332 724 1394 777 μὲν

350 790 534 841 στραταγῶ
555 788 607 825 τοὶ
627 785 662 824 δὲ
682 784 873 839 κορυφαίω.

400 847 554 887 Τοιαύτα
575 846 610 885 δὲ
630 844 726 899 φύσις
742 842 877 887 οὐδενὸς
895 843 1088 882 ποτιδεῖται
1107 841 1186 882 οὔτε
1205 843 1392 895 συγγενέας

348 906 423 946 οὔτε
448 906 568 951 ἔξωθεν
580 935 590 954 ,
609 903 726 955 διόπερ
749 901 828 940 οὔτε
844 902 883 940 ἐκ
903 902 994 940 δυοῖν
1010 901 1186 954 ἅρμοσται
1204 903 1319 954 ψυχᾶς
1334 900 1395 939 καὶ

348 965 528 1016 σώματος,
548 963 607 1002 καὶ
627 962 695 1014 γὰρ
716 961 819 1000 διόλω
839 960 909 999 ἐντὶ
929 961 1044 1014 ψυχά,
1060 960 1132 1000 οὔτ’
1157 961 1323 999 ἐναντίων
1341 976 1395 999 τι-

346 1026 433 1072 νῶν,
453 1023 497 1061 τὰ
516 1023 584 1075 γὰρ
603 1019 742 1060 ἐναντία
759 1019 820 1059 καὶ
837 1018 963 1072 κρατὲν
977 1019 1038 1058 καὶ
1057 1019 1260 1072 κρατεῖσθαι
1279 1019 1394 1073 πέφυ-

345 1098 418 1122 κεν.
436 1081 473 1122 ‘A
492 1081 529 1120 δέ
557 1096 603 1133 γα
622 1082 673 1120 τῶ
694 1079 856 1130 σώματος
875 1084 1001 1132 κρᾶσις
1028 1078 1162 1131 μιαίνει
1180 1078 1220 1117 τὸ
1241 1077 1393 1132 καθαρὸν

345 1148 407 1185 τᾶς
425 1142 549 1194 ψυχᾶς·
571 1140 593 1179 ἁ
614 1139 677 1190 μὲν
710 1137 778 1191 γὰρ
799 1136 975 1191 ἀκήρατος
993 1138 1054 1177 καὶ
1072 1137 1159 1182 θεῖός
1179 1139 1275 1184 ἐντι,
1296 1137 1336 1175 τὸ
1356 1136 1392 1176 δὲ

345 1200 464 1239 θνατὸν
486 1199 546 1238 καὶ
574 1198 769 1250 θολομιγές.
793 1195 899 1237 Οὕτω
920 1196 956 1235 δὲ
990 1196 1122 1248 μιαίνει
1141 1195 1202 1236 καὶ
1223 1195 1394 1247 μόλυὸδος

343 1258 472 1312 χρυσὸν
493 1258 554 1296 καὶ
573 1264 642 1296 πᾶν
662 1256 702 1295 τὸ
730 1261 776 1310 τᾷ
801 1254 885 1309 φύσι
902 1254 1046 1308 γνήσιον
1071 1257 1110 1294 τὸ
1129 1255 1242 1295 νόθον.
1270 1251 1393 1300 “Ὀλως

344 1317 380 1357 δὲ
398 1317 438 1356 τὸ
453 1320 557 1370 σῶμα
569 1322 640 1361 τοῖς
658 1316 792 1359 θνατοῖς
808 1315 957 1354 δέδωκεν
971 1317 989 1354 ὁ
1003 1315 1076 1360 θεὸς
1095 1314 1194 1370 ζῴοις
1210 1314 1252 1353 δι’
1278 1314 1392 1354 ἀϊδίαν

343 1377 498 1429 ἀνάγκαν
517 1376 577 1415 καὶ
596 1375 760 1429 ἄφυκτον.
781 1373 879 1414 Φύσι
909 1374 977 1428 γὰρ
997 1375 1126 1428 ἄπορον
1155 1373 1217 1414 καὶ
1249 1373 1391 1427 πτωχὸν

343 1443 411 1475 πᾶν
432 1436 471 1475 τὸ
489 1435 640 1488 γενέσιος
658 1433 922 1480 κεκοινωνηκός.

396 1497 486 1541 Θεὸς
505 1495 567 1545 μὲν
583 1488 631 1534 ὧν
648 1497 718 1534 ἐντι
729 1523 740 1542 ,
754 1493 915 1546 καθάπερ
935 1495 970 1532 ἐν
991 1494 1086 1548 ἀρχᾷ
1104 1497 1154 1534 τῶ
1169 1492 1263 1546 λόγω
1279 1486 1391 1541 εἷπον,

344 1556 443 1600 αὐτὸς
462 1555 555 1608 ἀρχὰ
574 1554 634 1594 καὶ
662 1559 812 1608 πρᾶτον·
836 1555 924 1597 θεῖος
951 1553 988 1592 δὲ
1009 1554 1028 1591 ὁ
1047 1552 1178 1605 κόσμος
1201 1551 1262 1592 καὶ
1282 1551 1326 1591 τὰ
1356 1554 1391 1590 ἐν

344 1615 438 1666 αὐτῷ
452 1613 633 1665 δινεύμενα
647 1612 780 1652 πάντα.
802 1611 870 1657 Ὡς
889 1611 1018 1663 ὁμοίως
1037 1610 1074 1651 δὲ
1088 1612 1148 1651 καὶ
1164 1611 1300 1663 δαίμων
1321 1610 1391 1650 ἐντὶ

343 1672 364 1710 ἁ
386 1672 504 1725 ψυχά,
536 1671 625 1710 αὐτὰ
657 1671 725 1724 γὰρ
753 1670 856 1724 ἄρχει
885 1670 947 1710 καὶ
970 1673 1061 1710 κινεῖ
1077 1671 1118 1711 τὸ
1149 1669 1253 1709 διόλω
1287 1672 1388 1723 ζῷον.

343 1731 530 1781 Δαιμόνιον
549 1730 585 1769 δὲ
605 1730 646 1770 τὸ
665 1733 770 1782 σῶμα
786 1729 848 1770 καὶ
868 1728 914 1768 τὰ
929 1729 1042 1769 τούτω
1058 1729 1096 1769 δὲ
1113 1730 1243 1770 πάντα.
1265 1732 1327 1769 Δεῖ
1342 1721 1390 1767 ὧν

341 1789 431 1829 οὕτω
455 1790 599 1844 διαιρέν,
621 1789 697 1829 θεὸν
725 1790 785 1829 καὶ
805 1789 908 1839 θεῖον,
934 1788 996 1828 καὶ
1017 1789 1167 1842 δαίμονα
1187 1789 1248 1827 καὶ
1268 1786 1391 1839 δαιμό-

340 1864 424 1889 νιον.

395 1908 587 1960 (Stobaeus
609 1908 742 1959 Eclog.
769 1907 841 1948 lib.
863 1907 881 1946 I
903 1922 987 1960 cap.
1010 1910 1049 1956 3,
1079 1921 1170 1959 pag.
1199 1921 1249 1957 92
1277 1919 1386 1957 seqq·

340 1967 399 2008 ed.
428 1968 554 2017 Heer3
576 1982 661 2021 cap.
689 1982 728 2017 2,
751 1981 840 2020 pag.
865 1967 914 2005 25
939 1980 1021 2018 seq.
1045 1967 1108 2005 ed.
1132 1964 1330 2016 Meinek.)

684 2063 1043 2104 ΑΛΚΜΑΙΩΝΟΣ.

396 2165 424 2193 1.
455 2152 558 2204 Λέγει
590 2152 625 2190 δὲ
650 2151 711 2196 τὰς
730 2151 847 2196 νόσους
877 2149 1092 2202 συμπίπτειν
1114 2149 1154 2194 ἃς
1180 2148 1242 2201 μὲν
1263 2149 1320 2202 ὑφ’
1348 2141 1387 2186 οῧ

338 2301 378 2334 ad
399 2301 525 2341 ducem,
545 2304 577 2333 et
602 2300 732 2342 gregarii
754 2299 872 2333 milites
891 2300 1112 2340 instructaque
1130 2298 1214 2331 acies
1236 2297 1276 2330 ad
1293 2296 1379 2330 ordi-

339 2370 416 2393 num
438 2361 587 2393 ductores
616 2362 648 2393 et
669 2360 851 2393 cohortium
885 2359 1074 2401 praefectos,
1104 2367 1243 2400 quorum
1273 2358 1388 2390 natura

339 2419 385 2452 ita
397 2421 585 2461 comparata
601 2421 662 2459 est,
679 2420 717 2452 ut
729 2421 906 2460 sequantur
929 2418 1049 2451 bonum
1073 2417 1187 2450 ducem
1205 2417 1298 2459 eique
1312 2415 1387 2449 obe-

339 2478 438 2510 diant.
460 2479 642 2511 Commune
674 2478 771 2519 igitur
800 2486 882 2519 opus
906 2480 956 2511 est
974 2479 1043 2510 tam
1071 2477 1273 2519 imperatoris
1290 2485 1387 2518 quam

338 2537 489 2577 militum,
507 2546 620 2569 verum
645 2546 664 2568 a
687 2536 770 2569 duce
787 2536 932 2570 destituti
951 2536 1086 2577 gregarii
1104 2535 1223 2570 milites
1237 2534 1387 2577 componi

338 2596 377 2627 ad
406 2604 487 2636 opus
516 2604 581 2627 non
606 2595 744 2636 amplius
774 2597 932 2636 possunt,
955 2595 1037 2628 sicut
1055 2604 1116 2628 nec
1139 2595 1180 2627 ad
1197 2595 1387 2628 concentum

338 2655 485 2686 cantores
511 2662 613 2694 neque
625 2653 664 2685 ad
684 2653 835 2685 virtutem
851 2653 1088 2694 imperatoriam
1108 2653 1240 2692 milites,
1253 2652 1281 2685 si
1297 2652 1387 2684 alter}

339 2711 528 2753 imperatore
547 2711 637 2744 alteri
657 2715 853 2752 praecentore
867 2714 1007 2745 careant.

380 2771 465 2803 Talis
484 2779 562 2802 vero
591 2772 707 2802 natura
724 2771 802 2803 nibil
830 2780 934 2812 neque
955 2773 1127 2812 cognatum
1150 2780 1256 2812 neque
1280 2772 1388 2803 exter-

340 2839 417 2873 num
432 2829 602 2869 desiderat,
623 2829 758 2870 ideoque
774 2838 877 2870 neque
889 2839 931 2862 ox
941 2830 1069 2862 duobus
1085 2830 1234 2872 partibus
1253 2838 1386 2871 compo-

341 2889 403 2921 sita
420 2890 481 2927 est,
509 2888 616 2920 animo
643 2889 677 2920 et
697 2897 847 2928 corpore,
877 2889 995 2930 quippe
1023 2898 1096 2930 quae
1116 2891 1187 2922 tota
1205 2889 1248 2922 sit
1268 2890 1385 2928 anima,

340 2956 446 2988 neque
465 2956 504 2979 ex
524 2947 707 2986 contrariis,
726 2947 801 2987 quia
820 2947 982 2979 contraria
1001 2949 1034 2980 et
1050 2948 1181 2981 vincere
1197 2950 1231 2981 et
1249 2948 1330 2981 vinci
1343 2957 1386 2981 so-

339 3006 419 3038 lent.
435 3007 528 3038 Certe
541 3005 685 3046 corporis
703 3007 770 3037 tem
779 3006 900 3045 peratio
914 3006 1012 3038 animi
1029 3006 1245 3048 integritatem
1260 3007 1385 3048 polluit,

341 3065 495 3105 quoniam
515 3064 568 3096 hic
586 3064 728 3095 sincerus
743 3067 792 3096 est
807 3073 845 3095 ac
861 3064 1001 3105 divinus,
1020 3064 1099 3097 illud
1117 3067 1229 3098 contra
1248 3067 1384 3099 mortale

339 3123 436 3162 atque
463 3121 642 3162 impurum.
678 3120 733 3152 Sic
751 3122 860 3152 autem
887 3121 920 3152 et
940 3129 1054 3152 aurum
1073 3121 1207 3162 plumbo
1224 3124 1384 3155 contami-

343 3183 436 3212 natur
452 3182 482 3212 et
498 3179 653 3221 quidquid
671 3180 785 3211 natura
800 3186 913 3211 verum
933 3181 982 3211 est
1000 3179 1118 3212 fucato.
1156 3181 1295 3214 Omnino
1313 3191 1386 3214 cor—

339 3247 399 3278 pus
422 3237 611 3270 mortalibus
627 3236 842 3269 animantibus
864 3236 952 3269 dedit
967 3236 1047 3269 deus
1060 3246 1102 3270 ex
1124 3241 1244 3271 aeterna
1269 3241 1302 3272 et
1314 3240 1382 3273 ine-

339 3296 463 3329 vitabili
479 3296 679 3329 necessitate.
698 3295 863 3336 Siquidem
889 3304 996 3336 omne,
1014 3296 1100 3337 quod
1124 3301 1234 3329 ortum
1255 3299 1384 3338 habuit,

340 3357 453 3387 natura
475 3355 566 3396 inops
586 3357 636 3388 est
651 3356 684 3388 et
701 3363 853 3396 egenum.

383 3416 468 3446 Deus
494 3414 605 3454 igitur,
625 3413 901 3455 quemadmodum
921 3413 953 3445 in
980 3413 1135 3455 principio
1160 3414 1385 3456 disputationis

340 3471 427 3512 dixi,
445 3471 515 3513 ipse
541 3473 590 3504 est
613 3471 805 3513 principium
831 3472 864 3504 et
892 3472 1052 3512 primum;
1080 3471 1211 3505 divinus
1235 3482 1313 3506 vero
1333 3474 1384 3506 hic

346 3529 484 3562 mundus
504 3531 535 3562 et
563 3535 635 3571 quoe
663 3529 695 3562 in
718 3538 758 3563 eo
784 3529 961 3563 volvuntur
987 3530 1105 3563 omnia.
1138 3531 1220 3564 Nam
1240 3531 1386 3565 similiter

1194 280 1663 323 PYTHAGOREORUM

1455 370 1499 408 δι’
1517 368 1712 424 ὑπερὸολὴν
1731 371 1937 423 θερμότητος
1956 371 1979 419 ἢ
1997 372 2203 426 ξηρότητος,
2227 372 2267 418 ἃς
2284 372 2319 412 δὲ
2336 372 2371 419 ἐξ
2386 367 2425 412 οὗ
2442 374 2500 415 διὰ

1454 430 1587 477 πλῆθος
1611 429 1773 484 τροφῆςῆ
1793 429 1924 470 ἔνδειαν
1940 461 1950 478 ,
1971 430 2011 477 ἃς
2031 430 2067 471 δὲ
2086 433 2122 471 ἐν
2141 426 2191 477 οἷς
2203 461 2215 480 ,
2232 427 2322 483 αἷμα
2338 432 2360 480 ἢ
2375 434 2501 484 μυιλὺν

1454 485 1478 534 ἢ
1504 487 1710 541 ἐγκέφαλον.
1738 488 1900 528 Γίνεσθαι
1930 487 1967 527 δέ
1995 504 2080 528 ποτε
2100 489 2161 529 καὶ
2190 491 2257 530 ὑπὸ
2281 492 2350 530 τῶν
2380 490 2502 537 ἔξωθεν

1456 547 1590 595 αἰτιῶν,
1624 547 1760 587 ὑδάτων
1782 549 1891 587 ποιῶν
1911 546 1933 595 ἢ
1955 547 2074 602 χώρας
2103 546 2127 596 ἢ
2156 549 2273 589 κόπων
2299 545 2321 596 ἢ
2349 550 2504 604 ἀνάγκης

1456 604 1479 653 ἢ
1498 607 1565 644 τῶν
1583 606 1714 652 τούτοις
1729 607 2005 660 παραπλησίων.

1511 666 1703 719 (Stobaeus
1717 667 1820 708 Flor.
1845 669 1892 715 C,
1916 669 1981 708 25.
2002 668 2173 721 Reposui
2189 682 2210 707 e
2223 668 2388 708 Gesneri
2407 684 2501 710 con·

1452 726 1604 779 jectura
1622 727 1663 772 ἃς
1683 727 1842 778 μὲν-ἃς
1863 727 1993 772 δὲ-ἃς
2011 728 2048 767 δὲ
2067 742 2142 781 pro
2163 728 2340 767 codicum
2360 728 2504 769 lectio-
2530 724 2536 731 ¹

1431 783 1438 787 ’
1458 785 1575 825 nibus
1594 787 1641 831 ὡς
1658 785 1823 835 μὲν-ὡς
1848 786 1990 830 δὲ-ὡς
2018 786 2070 827 δὲ.
2093 787 2139 827 In
2164 787 2417 839 sequentibus
2437 798 2503 828 aut

1456 846 1671 897 requiritur
1691 845 1816 897 αἵματι
1836 845 1859 892 ἢ
1884 848 2003 900 μυελῷ
2021 845 2044 894 ἢ
2064 846 2247 900 ἐγκεφάλῳ
2261 855 2329 886 aut
2347 847 2498 887 subau-

1455 906 1642 944 diendum
1663 914 1723 944 est
1745 906 1788 944 δι’
1810 913 1898 943 ante
1914 898 2020 957 αἷμα.
2041 905 2176 958 ltaque
2195 906 2296 945 nihil
2313 907 2500 960 mutavi.)

1509 978 1541 1004 2.
1564 963 1762 1016 Ἀλκμαίων
1778 963 1843 1016 ἔφη
1865 966 1927 1011 τῆς
1947 963 2010 1015 μὲν
2030 965 2160 1016 ὑγιείας
2186 958 2276 1003 εἶναι
2295 965 2501 1014 συνεκτικὴν

1455 1021 1517 1071 τὴν
1545 1022 1724 1075 ἰσονομίαν
1751 1024 1819 1061 τῶν
1841 1021 2019 1072 δυνάμεων
2048 1025 2173 1075 ὑγροῦ,
2194 1022 2315 1076 ξηροῦ,
2345 1026 2503 1078 ψυχροῦ,

1456 1086 1606 1135 θερμοῦ,
1626 1085 1775 1134 πικροῦ,
1794 1081 1938 1132 γλυκέος
1966 1081 2028 1121 καὶ
2056 1084 2126 1121 τῶν
2143 1083 2295 1130 λοιπῶν,
2325 1084 2390 1131 τὴν
2409 1084 2440 1123 δ’
2467 1086 2503 1124 ἐν

1455 1142 1571 1185 αὐτοῖς
1590 1140 1785 1195 μοναρχίαν
1803 1139 1904 1179 νόσου
1921 1139 2255 1193 παρασκευαστικὴν
2272 1132 2373 1183 εἶναι.

1508 1200 1704 1254 (Stobaeus
1721 1200 1824 1240 Flor.
1852 1199 1918 1250 CI,
1942 1200 2006 1251 α.)

1507 1273 1536 1299 3.
1562 1258 1761 1310 Ἀλκμαίων
1782 1257 1872 1297 κατὰ
1886 1258 1950 1305 τὴν
1964 1261 2026 1297 τοῦ
2040 1259 2227 1313 διαφανοῦς
2243 1259 2428 1315 ἀντίληψιν
2447 1261 2503 1314 [τὸ

1453 1317 1613 1370 ὁρατικὸν
1631 1317 1835 1370 συμὸαίνειν
1850 1316 1982 1370 πάθος]
1996 1347 2007 1358 .

1508 1377 1722 1429 (Excerpta
1755 1391 1777 1416 e
1812 1378 1949 1416 codice
1984 1377 2210 1417 Florentino
2246 1378 2389 1420 Joann.
2426 1379 2502 1419 Da·

1454 1449 1570 1477 masc.
1608 1436 1652 1475 in
1688 1436 1798 1475 Stob.
1830 1435 1962 1487 Eclog.
2002 1436 2063 1477 ed.
2099 1437 2299 1479 Gaisford.
2334 1446 2431 1479 tom.
2463 1438 2503 1477 11

1453 1509 1492 1547 p.
1515 1510 1560 1544 71
1572 1496 1628 1547 1.)

1507 1568 1540 1595 4.
1573 1554 1776 1606 Ἀλκμαίων
1793 1556 1897 1608 ἐντῷ
1911 1555 2093 1608 ἐγκεφάλῳ
2113 1549 2200 1594 εἶναι
2219 1554 2261 1595 τὸ
2278 1556 2502 1609 ἡγεμονικόν·

1451 1613 1564 1667 τούτῳ
1583 1606 1641 1651 οῦν
1656 1612 1903 1666 ὀσφραίνεσθαι
1917 1613 2052 1653 ἕλκοντι
2070 1612 2127 1652 διὰ
2143 1616 2213 1653 τῶν
2239 1616 2422 1655 ἀναπνοῶν
2439 1615 2502 1661 τὰς

1451 1671 1575 1723 ὀσμάς.

1506 1731 1519 1783 ζ
1531 1732 1722 1782 Excerpta
1737 1744 1758 1769 e
1775 1731 1910 1770 codice
1928 1731 2152 1770 Florentino
2163 1731 2305 1772 Joann.
2319 1733 2497 1774 Damasc.

1451 1791 1493 1830 in
1513 1790 1620 1830 Stob.
1643 1791 1779 1842 Eclog.
1802 1791 1865 1829 ed.
1885 1790 2082 1831 Gaisford.
2105 1799 2201 1831 tom.
2226 1791 2265 1830 Π
2288 1805 2331 1844 p.
2355 1786 2469 1844 7i4).

1505 1863 1536 1890 5.
1556 1848 1755 1900 Ἀλκμαίων
1785 1848 1923 1887 ἀκούειν
1947 1852 2041 1900 ἡμᾶς
2063 1851 2114 1902 τῷ
2143 1851 2234 1903 κενῷ
2251 1853 2303 1904 τῷ
2321 1850 2416 1895 ἐντὸς
2434 1854 2497 1890 τοῦ

1452 1907 1553 1951 ὠτός·
1573 1910 1675 1945 τοῦτο
1687 1907 1754 1959 γὰρ
1773 1899 1863 1945 εἶναι
1881 1907 1921 1946 τὸ
1946 1908 2089 1960 διηχοῦν
2116 1907 2210 1946 κατὰ
2229 1907 2293 1957 τὴν
2315 1911 2376 1948 τοῦ
2393 1908 2500 1948 πνεύ-

1455 1981 1563 2017 ματος
1583 1965 1763 2013 εἷσὸολήν·
1781 1965 1899 2006 πάντα
1919 1964 1986 2019 γὰρ
2001 1967 2045 2004 τὰ
2066 1967 2169 2006 κοῖλα
2181 1969 2278 2020 ἠχεῖ.

1509 2025 1720 2078 (Excerpta
1751 2039 1773 2064 e
1806 2026 1942 2065 codice
1972 2026 2200 2066 Florentino
2237 2026 2382 2067 Joann.
2420 2027 2502 2066 Da-

1454 2099 1572 2126 masc.
1608 2085 1651 2123 in
1685 2084 1793 2125 Stob.
1819 2085 1954 2136 Eclog.
1969 2135 1972 2137 -
1990 2085 2054 2127 ed.
2091 2085 2291 2128 Gaisford.
2330 2095 2426 2128 tom.
2461 2087 2498 2126 11

1451 2161 1491 2197 p.
1519 2147 1610 2196 769.
1633 2144 1747 2183 Conf.
1769 2145 1966 2185 Plutarch.
1994 2145 2041 2184 de
2063 2145 2163 2197 p1ac.
2187 2146 2286 2198 phil.
2316 2146 2383 2195 lv,
2410 2146 2498 2199 16.)

1448 2295 1576 2326 animus
1594 2294 1692 2326 etiam
1704 2293 1816 2335 genius
1831 2294 1892 2334 est,
1907 2293 2060 2335 quoniam
2076 2292 2144 2334 ipse
2166 2296 2270 2326 totum
2286 2293 2404 2327 animal
2417 2294 2499 2336 regit

1446 2354 1478 2386 et
1491 2354 1611 2386 movet.
1630 2352 1864 2386 Admirandum
1879 2360 1956 2385 vero
1969 2361 2088 2393 corpus
2099 2353 2235 2394 ejusque
2249 2353 2358 2394 partes
2371 2361 2497 2386 omneS.

1448 2415 1555 2451 Quare
1570 2412 1619 2445 sic
1641 2412 1714 2444 haec
1739 2411 1881 2444 dividere
1894 2413 2033 2453 oportet,
2048 2411 2080 2444 in
2096 2411 2195 2445 deum
2214 2412 2248 2446 et
2267 2411 2429 2455 divinum,
2447 2421 2500 2454 ge·

1447 2472 1536 2504 nium
1556 2475 1588 2504 et
1600 2469 1842 2504 admirandum.

1839 2531 2103 2564 ALCMAEONIS.

1492 2593 1521 2623 1.
1546 2589 1676 2624 Morbos
1691 2588 1910 2622 animantibus
1930 2589 2078 2630 ingruere
2094 2589 2173 2622 dicit
2187 2589 2268 2622 alios
2283 2590 2403 2623 effectu
2417 2599 2498 2632 quo-

1447 2649 1522 2682 dam
1532 2649 1575 2682 ob
1587 2648 1702 2682 caloris
1713 2649 1770 2681 aut
1780 2647 1933 2680 siccitatis
1949 2647 2190 2687 abundantiam,
2204 2648 2286 2681 alios
2301 2657 2399 2682 causa
2411 2651 2499 2682 certa

1448 2711 1577 2751 propter
1601 2708 1743 2741 alimenti
1758 2708 1883 2750 copiam
1899 2711 1955 2740 aut
1981 2707 2137 2749 inopiam,
2153 2708 2234 2742 alios
2250 2708 2284 2742 in
2305 2709 2497 2751 quibusdam

1446 2768 1590 2810 corporis
1606 2767 1762 2810 partibus,
1774 2768 1812 2799 ut
1825 2766 1980 2808 sanguine
1989 2767 2039 2799 vel
2055 2766 2198 2800 medulla
2209 2767 2262 2801 vel
2275 2768 2420 2802 cerebro.
2430 2769 2496 2809 Ali-

1450 2827 1579 2868 quando
1590 2827 1699 2874 antem
1712 2834 1769 2859 eos
1784 2826 1871 2858 nasci
1889 2826 1986 2858 etiam
2000 2826 2106 2857 causis
2123 2826 2281 2867 externis,
2311 2827 2405 2868 aquis
2416 2835 2497 2870 quo-

1449 2888 1524 2919 dam
1545 2885 1642 2918 modo
1660 2885 1804 2926 affectis,
1819 2885 1965 2926 regione,
1987 2884 2197 2926 lassitudine,
2227 2886 2421 2920 necessitate
2444 2886 2495 2919 vel

1449 2945 1518 2979 aliis
1537 2946 1634 2978 rebus
1650 2945 1764 2977 barum
1786 2943 1963 2977 similibus.

1491 3010 1525 3038 2.
1553 3005 1719 3038 Alcmoeon
1743 3004 1788 3037 ait
1821 3003 1995 3036 sustentari
2027 3002 2245 3036 valetudinem
2276 3003 2497 3046 aequabilitate

1448 3065 1565 3098 virium
1582 3064 1728 3098 humoris
1739 3087 1749 3106 ,
1763 3063 1929 3103 siccitatis,
1949 3063 2086 3105 frigoris,
2103 3063 2219 3096 caloris
2230 3089 2241 3105 ,
2257 3065 2493 3108 amaritudinis,

1447 3124 1626 3158 dulcedinis
1645 3125 1679 3157 et
1703 3123 1914 3165 reliquarum,
1931 3122 1987 3155 sed
2004 3110 2099 3155 unius
2112 3131 2154 3155 ex
2174 3122 2224 3155 bis
2242 3119 2494 3169 dominationem

1448 3184 1552 3217 facere
1574 3175 1739 3216 morbum.

1487 3246 1518 3276 3.
1542 3243 1704 3275 Alcmaeon
1723 3240 1996 3284 perceptisrebus
2015 3239 2184 3283 pellucidis
2201 3249 2261 3273 nos
2280 3240 2389 3276 videre
2402 3241 2491 3275 arbi-

1446 3303 1566 3334 tratur.

1486 3362 1517 3392 4.
1540 3361 1705 3393 Alcmaeon
1724 3360 1758 3393 in
1776 3359 1908 3393 cerebro
1920 3357 2019 3392 animi
2031 3357 2246 3400 principatum
2261 3360 2382 3400 posuit,
2395 3359 2487 3400 ejus-

1445 3427 1509 3460 que
1527 3428 1607 3461 ope,
1629 3419 1708 3453 dum
1727 3428 1785 3461 per
1807 3418 2052 3461 respirationem
2072 3416 2190 3451 odores
2207 3417 2310 3451 trahit
2322 3441 2332 3459 ,
2357 3420 2490 3452 censuit

1446 3485 1505 3509 nos
1522 3477 1661 3511 odorari.

1487 3539 1517 3568 5.
1538 3536 1700 3570 Alcmaeon
1720 3537 1830 3571 audire
1845 3546 1903 3571 nos
1923 3535 2011 3570 inani
2030 3535 2116 3579 quod
2134 3535 2219 3569 intra
2233 3544 2346 3570 aurem
2366 3538 2417 3570 est
2424 3547 2436 3579 ς
2459 3536 2491 3570 id
