2606 3828
9 877 12 883 ,
8 781 12 863 „ssqffl
5 372 23 772 ,„„7.-——-—„-„„„,‚
6 319 7 324 Α
5 248 7 306 „hu
4 198 7 202 .
3 163 7 176 >

59 897 67 904 ι

14 1483 18 1555 l

14 1558 18 1597 ε

15 1606 18 1627 l

351 261 426 294 266
1077 245 1375 285 CYNlCORUM
1406 243 1740 284 FRAGMENTA.

348 344 466 382 citum
497 343 619 381 milite
638 342 684 380 acl
715 353 819 379 arma
839 338 988 386 inutili,
1012 337 1052 373 in
1074 334 1273 386 republica
1288 347 1380 372 vero

347 403 470 440 malos
489 401 663 439 homines
692 414 769 438 non
802 396 970 436 aversari
1005 394 1094 446 (64).
1116 394 1245 431 Suasit
1264 394 1378 430 etiam

346 460 661 507 Atheniensibus,
683 468 724 497 ut
743 456 976 510 populiscito
997 454 1126 491 asinos
1143 453 1380 490 declararent

344 533 464 571 equos
493 519 587 571 (65),
617 518 796 569 quoniam
824 514 998 551 homines
1031 512 1145 563 plane
1176 512 1379 562 imperitos

344 580 539 628 suffragiis
561 579 676 616 duces
707 577 752 615 ad
773 575 915 612 bellum
948 570 1156 621 gerendum
1186 578 1374 610 crearent.

344 637 433 675 llaec
451 638 552 675 dicta
570 650 615 674 eo
633 634 834 678 valebant,
861 641 903 669 ut
923 629 1060 682 populi
1083 629 1256 680 potentia
1276 629 1378 666 deri-

342 696 507 742 deretur,
521 709 595 746 qua
614 694 715 731 bello
736 690 1069 741 Peloponnesiaco
1084 687 1376 726 Atheniensium

343 753 616 805 rempublicam
640 751 880 803 profligatam
902 760 985 786 esse
1006 755 1168 785 constat.
1189 746 1378 784 Politicus

343 826 436 850 vero
455 812 537 863 ejus
553 810 726 859 dialogus
746 821 878 846 eorum
895 806 1067 844 omnium
1086 805 1376 843 insectationem

341 869 582 912 continebat,
606 869 674 918 qui
703 866 862 904 Athenis
892 865 1093 916 popularis
1125 877 1228 901 aurae
1247 872 1378 915 capta-

341 937 556 968 toreserant
572 926 665 978 (66).
683 926 769 971 Quo
786 925 978 974 in'genere
993 936 1040 960 ne
1059 923 1203 960 Pericli
1219 922 1376 973 quidem

339 988 525 1040 pepercit,
543 985 734 1036 siquidem
754 984 796 1021 in
818 982 894 1020 a'lio
924 981 1027 1019 libro
1048 981 1116 1032 qui
1137 980 1377 1019 inscribeba-

339 1055 400 1084 tur
419 1045 577 1096 Aspasia
595 1057 671 1081 non
686 1043 810 1080 solum
827 1042 935 1080 illius
949 1053 1040 1089 erga
1056 1040 1255 1091 Aspasiam
1274 1053 1378 1077 amo-

338 1118 416 1143 rem
447 1103 666 1141 ludilicatus
699 1110 756 1139 est
791 1099 884 1151 (67),
918 1099 985 1138 sed
1014 1100 1127 1136 etiam
1156 1099 1247 1136 filiis
1276 1098 1378 1149 ejus,

337 1162 556 1213 Xanthippo
587 1170 624 1199 et
655 1160 820 1207 Paralo,
847 1157 1082 1196 obtrectavit
1112 1157 1205 1207 (68),
1235 1156 1375 1194 Verum

337 1229 641 1273 praete1·caete1·os
656 1217 897 1262 Alcibiadem
918 1215 1073 1267 probris
1086 1215 1378 1266 maledictisque

336 1280 514 1318 vexabat.
545 1279 696 1316 Etenim
729 1279 769 1315 in
791 1277 912 1315 altero
938 1275 1181 1324 dialogorum
1198 1303 1209 1321 ‚
1232 1275 1377 1325 quibus

335 1340 523 1390 Cyn-orum
543 1337 707 1375 indicem
725 1336 875 1382 fecerat,
889 1334 1105 1372 dissolutos
1132 1324 1375 1371 callidissimi

334 1397 503 1436 hominis
531 1408 658 1433 mores
678 1395 876 1444 vitamque
900 1389 992 1443 ejus⁸
1004 1400 1155 1443 turpem
1182 1396 1377 1431 memoriae

334 1456 511 1508 prodidit
531 1455 632 1507 (69),
655 1463 692 1492 et
711 1454 946 1503 singularem
969 1452 1114 1490 librum
1143 1452 1212 1502 qui
1239 1452 1378 1491 inscri-

334 1516 499 1553 bebatur
527 1513 772 1562 Alcibiades,
794 1512 949 1561 emisit,
971 1525 1050 1562 quo
1082 1511 1219 1562 procul
1253 1511 1375 1549 dubio

334 1574 461 1612 virum
485 1587 507 1611 a
522 1572 720 1624 plerisque
739 1571 965 1608 infamatum
987 1570 1212 1619 exagitavit.

389 1634 438 1670 At
463 1645 542 1670 non
575 1630 690 1668 modo
722 1630 763 1667 in
806 1628 1086 1680 rempublicam
1122 1629 1377 1678 hominesque

335 1691 542 1742 populares
567 1690 746 1727 invectus
775 1697 850 1736 est,
871 1701 1006 1725 verum
1029 1687 1142 1724 etiam
1162 1686 1371 1736 ‚Diagon-ee,

336 1748 534 1787 Theodori
564 1748 807 1798 aliorumque
841 1747 1019 1797 exemplo
1060 1746 1128 1796 qui
1161 1745 1255 1784 deos
1293 1759 1375 1784 esse

335 1807 546 1857 negabant,
580 1819 732 1844 omnem
755 1806 918 1844 deorum
946 1805 1027 1843 vim
1049 1804 1219 1843 sustulit.
1247 1804 1375 1850 Quum

334 1867 437 1905 enim
454 1865 666 1916 aliquando
686 1865 867 1916 Orphicis
884 1863 1080 1914 mysteriis
1097 1864 1180 1913 (7ο),
1196 1863 1373 1901 initiare-

335 1935 398 1964 tur
435 1925 721 1974 affirmaretque
752 1923 931 1961 sacerdos
968 1921 1196 1972 hujusmodi
1232 1931 1376 1972 mystas

333 1984 447 2022 bonis
463 1983 643 2034 plurimis
657 1982 759 2034 apud
778 1982 925 2020 inferos
947 1980 1095 2032 perfrui
1111 1995 1119 2018 τ
1146 1983 1222 2018 Cur
1237 1985 1366 2030 igitur,

334 2046 408 2090 ait,
434 2048 511 2092 ipse
529 2056 602 2079 non
619 2046 769 2078 moreris
783 2043 802 2077 Ρ
821 2040 983 2091 Cybeles
1007 2039 1274 2078 sacerdotibus
1298 2040 1374 2090 (71)

335 2100 642 2140 mendicantibus
665 2100 786 2147 dixit,
811 2113 891 2137 non
919 2099 1022 2136 alere
1046 2112 1086 2136 se
1109 2098 1272 2136 deorum
1300 2111 1375 2136 ma-

336 2170 446 2206 trem,
465 2172 578 2210 quam
595 2159 651 2196 dii
671 2159 748 2210 ipsi
762 2159 920 2196 alerent.
936 2158 1060 2195 Porro
1076 2157 1274 2195 contendit
1295 2157 1371 2210 (72)

335 2233 416 2258 sese
438 2220 646 2264 Venerem,
677 2217 889 2268 probarum
922 2216 1264 2266 modestarurnque
1296 2230 1376 2254 mu—

334 2280 472 2317 lierum
494 2277 792 2327 corruptricem,
820 2276 853 2314 si
874 2275 1217 2326 deprehendisset,
1237 2275 1375 2324 sagitta

335 2336 581 2382 trajecturum
603 2348 852 2386 amoremque
870 2343 1018 2372 naturae
1038 2334 1177 2371 vitium
1200 2337 1373 2382 vocavit,

335 2393 376 2430 in
399 2395 501 2444 quod
532 2395 678 2445 delapsi
698 2395 828 2432 miseri
849 2394 962 2432 deum
994 2393 1174 2431 morbum
1195 2393 1374 2444 appella-

336 2461 434 2490 rent.
457 2453 632 2503 Denique
650 2453 691 2490 in
717 2465 762 2490 eo
792 2452 898 2490 libro
929 2452 996 2503 qui
1016 2452 1206 2502 Physicus
1234 2455 1372 2491 inscri-

337 2509 513 2558 bebatur,
555 2510 764 2561 populares
804 2510 896 2548 deos
950 2511 1114 2561 multos,
1157 2512 1372 2549 naturalem

338 2661 403 2700 (64)
417 2659 490 2692 vid.
511 2659 620 2700 fragm.
639 2663 707 2693 104.
726 2679 767 2687 —-
790 2661 852 2702 (05)
869 2661 1024 2702 Diogenes
1044 2663 1146 2694 Laert.
1161 2663 1223 2701 VI,
1242 2665 1260 2694 8
1276 2675 1283 2694 :
1303 2673 1374 2694 συν-

338 2708 496 2739 &oenum
524 2706 691 2745 Ἀθηναίοις
704 2732 714 2746 ,
734 2709 804 2744 τοὺς
818 2708 904 2744 ὅνους
924 2709 1038 2745 ἰ’ππους
1059 2709 1266 2749 ψηφίσασθαι.
1284 2709 1371 2740 Ἀλο-

337 2763 391 2792 γον
406 2752 438 2783 δὲ
456 2753 645 2793 ἡγουμένων·
659 2754 747 2785 Ἀλλὰ
767 2755 826 2795 μὴν
844 2754 897 2785 καὶ
919 2754 1104 2795 στρατηγοί,
1126 2755 1213 2795 φησί,
1237 2755 1372 2795 γίνονται

338 2798 408 2839 παρ’
421 2801 507 2838 ὑμῶν
523 2800 616 2838 μηδὲν
628 2800 783 2840 μαθόντες,
800 2801 891 2842 μόνον
905 2801 936 2832 δὲ
956 2803 1226 2842 χειροτονηθέντες.
1244 2819 1282 2829 -ι
1308 2803 1372 2843 (66)

338 2845 414 2876 Vid.
429 2845 542 2883 fragm.
560 2851 609 2878 22.
623 2863 662 2869 -
682 2848 747 2887 (67)
765 2847 838 2879 Vid.
852 2847 961 2886 fragm.
979 2851 1026 2879 16.
1039 2847 1155 2888 -(68)
1168 2846 1249 2880 vids
1261 2850 1372 2889 fragm.

342 2897 390 2925 15.
410 2909 454 2916 —
475 2894 540 2931 (69)
560 2892 635 2924 Vid.
658 2893 769 2933 fragm.
785 2898 815 2925 9.
834 2911 871 2916 -
892 2893 955 2932 (70)
980 2893 1135 2934 Diogenes
1155 2896 1298 2927 Laertius
1318 2897 1371 2928 lib.

339 2940 396 2980 Vl,
415 2942 431 2970 4
454 2952 461 2970 :
478 2939 645 2980 μυούμενός
659 2949 735 2970 ποτε
749 2939 789 2970 τὰ
804 2938 949 2980 Ὀρφικά,
969 2943 1022 2971 τοῦ
1038 2943 1141 2982 ἱερέως
1155 2944 1306 2984 εἰπόντος,
1325 2944 1371 2976 ὅτι

339 2987 369 3017 οἱ
385 2989 482 3017 ταῦτα
496 2986 659 3027 μυούμενοι
677 2987 798 3017 πολλῶν
822 2986 946 3025 ἀγαθῶν
963 2986 993 3017 ἑν
1011 2988 1086 3028 ᾅδου
1109 2991 1313 3032 μετίσχουσι,
1332 2991 1370 3023 Τί

340 3031 406 3072 οὖν,
427 3033 496 3074 ἔφη,
513 3033 570 3064 οὐκ
592 3033 817 3072 ἀποθνήσκεις;
839 3033 962 3074 [fragm.
984 3033 1067 3075 116].
1090 3054 1128 3058 —
1145 3038 1209 3078 (71)
1227 3038 1373 3069 Clemens

340 3078 575 3111 Alexandrinus
591 3081 747 3119 Protrept.
766 3088 837 3120 cap.
851 3081 923 3118 Vll,
941 3089 971 3119 p.
991 3083 1028 3111 64
1043 3082 1094 3113 ed.
1118 3085 1238 3115 Pouet.
1256 3103 1293 3109 -
1307 3085 1372 3125 (72)

340 3129 487 3161 Clemens
501 3129 733 3160 Alexandrinus
750 3131 865 3161 strom.
893 3129 949 3162 lib.
966 3131 1010 3167 Π,
1039 3140 1070 3170 p.
1092 3134 1151 3164 485
1175 3133 1226 3164 ed.
1257 3136 1371 3166 Potter.

341 3178 471 3219 [fragm.
486 3177 539 3219 35]
561 3186 571 3205 Ξ
582 3178 644 3217 ἐγὼ
664 3178 696 3209 δὲ
709 3178 902 3219 ἀποδέχομαι
912 3180 964 3210 τὸν
982 3179 1183 3221 Ἀντισθένην,
1201 3184 1256 3220 τήν
1271 3183 1372 3223 Ἀφρο-

343 3225 427 3262 δίτην
444 3225 573 3264 λέγοντα
594 3226 653 3256 κᾶν
669 3225 928 3265 κατατοξεύσαιμι
941 3248 951 3263 ,
970 3227 997 3257 εἰ
1015 3226 1139 3268 λάὸοιμι
1152 3251 1162 3267 ,
1185 3228 1234 3259 ὅτι
1257 3230 1371 3266 πολλὰς

342 3273 429 3311 ἡμῶν
448 3271 544 3307 καλὰς
563 3272 615 3302 καὶ
637 3271 754 3311 ἀγαθὰς
773 3274 920 3311 γυναῖκας
946 3271 1107 3314 διέφθειρεν
1120 3297 1129 3313 ,
1148 3274 1200 3306 τόν
1219 3286 1252 3306 τε
1276 3276 1374 3316 ἔρωτα

342 3318 453 3349 κακίαν
467 3319 540 3359 φησὶ
563 3318 695 3358 φύσεως·
716 3318 752 3357 ἦς
769 3319 880 3356 ἥττους
906 3318 988 3355 ὄντες
1010 3321 1038 3350 οἱ
1058 3321 1279 3360 κακοδαίμονες
1308 3324 1373 3354 θεὸν

341 3366 394 3402 τὴν
413 3365 504 3396 νόσον
518 3365 676 3396 καλοῦσιν.
698 3366 859 3397 Δείκνυται
878 3365 937 3407 γὰρ
947 3366 997 3396 διὰ
1010 3367 1126 3398 τούτων
1142 3369 1290 3405 ἡττᾶσθαι
1305 3370 1374 3405 τοὺς

343 3411 566 3453 ἀμαθεστέρους
582 3411 620 3442 δι’
631 3412 756 3452 ἄγνοιαν
779 3412 908 3450 ἡδονῆς,
923 3412 960 3449 ἢν
975 3412 1011 3443 οὐ
1027 3413 1086 3454 χρὴ
1112 3414 1293 3455 προσίεσθαι
1316 3416 1372 3446 κᾶν

343 3457 409 3494 θεὸς
425 3458 566 3499 λέκηται,
581 3459 662 3490 τοῦτ’
676 3458 760 3498 ἔστι,
782 3459 836 3491 κᾶν
853 3458 954 3491 θεόθεν
973 3459 1022 3491 ἐπὶ
1038 3461 1092 3498 τήν
1105 3464 1158 3498 τῆς
1178 3461 1374 3498 παιδοποιίας

1409 340 1415 348 ·
1440 347 1560 372 unum
1581 347 1663 372 esse
1683 332 1892 371 defendens
1909 330 1989 384 (73)
2005 331 2195 371 levitatem
2213 333 2408 385 opinionis
2425 333 2475 372 de

1438 392 1514 431 diis
1540 391 1825 430 immortalibus
1856 390 2070 428 confutavit
2096 400 2133 429 et
2157 405 2309 431 omnem
2337 404 2476 445 prope·

1439 451 1594 489 modum
1618 451 1842 499 religionem
1862 449 2035 487 funditus
2051 451 2220 492 sustulit.

1491 510 1663 548 Transeo
1678 509 1724 547 ad
1746 508 2035 559 condiscipulos
2056 508 2286 560 quibuscum
2306 510 2476 551 inimici·

1439 568 1511 606 tias
1531 569 1699 619 suscepit
1720 567 1981 606 Antisthenes.
2004 566 2090 606 Jam
2118 568 2285 620 primum
2301 570 2476 610 omnium

1439 628 1530 666 satis
1552 636 1712 675 constat,
1724 627 1957 676 Cynicorum
1969 627 2217 679 coryphaeum
2231 629 2478 668 aversissima

1439 686 1569 723 animo
1591 687 1708 724 fuisse
1734 685 1783 723 ab
1810 685 2036 738 Aristippo,
2053 687 2283 739 voluptariae
2304 687 2478 740 philoso-

1439 745 1540 795 phiae
1555 754 1713 796 parente
1731 753 1846 795 atque
1866 744 1974 783 illius
1999 753 2132 794 sectae,
2148 745 2260 797 eujus
2279 746 2364 798 ipse
2379 757 2479 787 esset

1438 804 1631 851 conditor,
1656 804 1818 842 irrisore
1846 802 1949 856 (74);
1970 804 2011 842 id
2031 805 2137 855 quod
2157 803 2380 845 rhetoribus
2406 819 2479 858 po·

1438 862 1613 900 sterioris
1629 863 1750 900 aetatis
1771 862 1899 901 locum
1920 862 2027 902 dedit
2045 864 2093 902 ad
2106 864 2290 915 epistolas
2310 877 2472 905 exaran-

1438 920 1520 968 das,
1539 920 1683 972 quibus
1703 921 1799 959 alter
1818 921 1979 960 alterum
1994 922 2165 963 lacessit.
2188 923 2285 962 Cum
2310 923 2479 964 Isocrate

1438 989 1562 1018 autem
1594 980 1863 1019 Antisthenem
1889 982 2053 1031 gessisse
2077 982 2309 1021 simultatem
2336 983 2476 1035 partim

1437 1051 1486 1076 ex
1503 1039 1828 1091 inscriptionibus
1845 1041 2090 1092 quorundam
2110 1033 2480 1094 libroruquuibus

1437 1097 1607 1149 Cynicus
1622 1099 1732 1136 illum
1749 1099 1995 1150 impugnavit
2021 1099 2120 1150 (75),
2139 1101 2282 1155 partim
2303 1114 2352 1140 ex
2376 1114 2480 1141 non·-

1437 1158 1556 1196 nullis
1572 1158 1825 1198 Laudationis
1850 1158 2004 1197 Helenae
2023 1158 2123 1197 locis
2139 1159 2388 1210 intelligitur,
2407 1159 2479 1199 ubi

1437 1214 1619 1255 Isocrates
1633 1217 1838 1256 manifesto
1850 1217 1954 1256 hunc
1966 1218 2159 1269 vituperat
2174 1218 2263 1271 (76).
2279 1217 2479 1257 Platonem

1438 1287 1616 1325 quoque,
1639 1276 1856 1327 principem
1881 1276 2030 1326 ingenii
2058 1285 2096 1324 et
2114 1276 2322 1327 doctrinae,
2352 1276 2480 1316 bomi-

1439 1346 1527 1371 nem
1549 1343 1625 1372 tam
1647 1335 1861 1386 sapientem
1879 1349 1997 1386 quam
2013 1337 2203 1374 urbanum
2216 1365 2228 1384 ‚
2246 1334 2481 1377 abhorrebat

1437 1391 1622 1442 Cynicus,
1639 1393 1851 1431 identidem
1861 1394 1898 1431 ei
1919 1394 2055 1432 fastum
2067 1403 2105 1432 et
2118 1393 2381 1444 arrogantiam
2400 1394 2476 1446 (77)

1437 1450 1636 1502 objectans
1661 1466 1704 1490 ac
1723 1453 1840 1491 simul
1858 1453 1998 1491 multas
2017 1452 2102 1503 ejus
2122 1451 2331 1492 sententias
2343 1452 2479 1504 explo-

1437 1509 1545 1549 dens.
1567 1511 1672 1557 Quin
1691 1512 1807 1549 etiam
1826 1520 1974 1550 tantum
1993 1512 2124 1549 virum
2152 1519 2301 1550 mutato
2320 1511 2479 1550 nomine

1436 1568 1642 1607 Sathonem
1659 1579 1803 1608 temere
1818 1578 1855 1608 et
1871 1570 2007 1608 odiose
2021 1570 2245 1621 appellavit,
2260 1568 2480 1619 dialogum-

1437 1641 1513 1677 que
1537 1628 1593 1666 ita
1609 1629 1843 1679 inscriptum
1859 1637 1995 1668 contra
2014 1629 2142 1680 ipsum
2162 1628 2286 1667 edidit
2311 1628 2406 1679 (78).
2430 1629 2481 1666 At

1436 1694 1583 1724 tantum
1598 1686 1722 1724 abfuit
1740 1695 1782 1724 ut
1797 1686 1907 1723 Plato
1925 1699 1971 1724 ea
1989 1687 2121 1724 omnia
2136 1687 2329 1737 patienter
2345 1686 2476 1733 ferret,

1436 1753 1478 1782 ut
1494 1745 1626 1783 multis
1642 1745 1739 1783 locis
1755 1745 1832 1796 (79)
1847 1744 2040 1782 librorum
2057 1757 2218 1788 suorum
2239 1742 2480 1783 Antisthenis

1436 1804 1682 1841 inscientiam
1716 1812 1812 1841 tecte
1841 1804 2087 1853 significaret.
2120 1802 2224 1848 Quid
2256 1802 2384 1841 caeteri
2409 1801 2480 1840 So·-
2527 1809 2531 1815 “

1437 1863 1570 1900 cratici
1589 1862 1636 1900 de
1646 1876 1693 1900 eo
1705 1863 1937 1913 judicarint,
1957 1861 2476 1913 nescimus3Xenophontem

1436 1935 1531 1959 vero
1551 1921 1636 1972 ejus
1666 1921 1944 1959 consuetudine
1974 1921 2203 1958 delectatum
2230 1932 2339 1966 esse,
2365 1920 2479 1970 signo

1436 1989 1493 2018 est
1511 1993 1694 2031 expressa
1727 1980 1768 2018 in
1802 1980 1919 2018 dictis
1950 1977 2273 2018 memorabilibus
2311 1976 2480 2016 Socratis
2526 2023 2532 2036 ι

1437 2044 1551 2090 atque
1576 2040 1617 2077 in
1639 2039 1836 2078 Convivio
1855 2038 2094 2077 Antisthenis
2122 2038 2266 2088 imago,
2302 2037 2479 2088 Denique
2539 2068 2542 2070 v

1437 2244 1541 2285 χρείαν
1557 2243 1706 2284 δεδομένη
1720 2241 1870 2284 τυγχάνῃ.
1893 2258 1934 2266 -
1946 2241 2012 2283 (73)
2027 2242 2139 2274 Cicero
2157 2240 2198 2273 de
2221 2241 2288 2273 nat.
2309 2239 2397 2274 deor.
2419 2240 2476 2274 lib.

1433 2292 1460 2326 Ι.
1481 2293 1528 2322 13.
1543 2308 1584 2314 -
1601 2290 1666 2331 (74)
1683 2290 1748 2322 Vit.
1769 2290 1878 2330 script.
1894 2291 1969 2327 VII,
1985 2293 2034 2329 16,
2047 2291 2109 2321 410
2122 2288 2173 2320 ed.
2190 2289 2366 2321 Westerm.
2383 2289 2479 2322 εέπὲ-

1434 2348 1561 2370 σκωπτε
1578 2337 1605 2369 δ’
1623 2335 1816 2374 Ἀντισθένην
1840 2336 1887 2368 ἀεὶ
1906 2337 1957 2367 διὰ
1970 2337 2025 2374 τήν
2038 2335 2261 2376 στρυφνότητα.
2273 2351 2315 2359 -
2329 2334 2396 2376 (75)
2414 2335 2476 2368 Dio

1434 2394 1528 2424 genes
1548 2384 1693 2416 Laertius
1704 2383 1767 2416 lib.
1789 2384 1842 2417 VI,
1865 2386 1928 2415 15:
1945 2384 2013 2424 περὶ
2033 2386 2094 2414 τῶν
2113 2381 2307 2424 δικογράφων
2323 2382 2343 2420 ἢ
2357 2382 2478 2419 Λυσίας

1433 2432 1486 2463 καὶ
1510 2430 1702 2472 Ἰσοκράτης·
1723 2430 1798 2472 πρὸς
1820 2431 1873 2462 τὸν
1903 2429 2101 2471 Ἰσοκράτους
2123 2428 2322 2471 Ἀμάρτυρον.
2341 2445 2387 2453 -
2408 2429 2476 2471 (76)

1433 2480 1592 2511 Isocrates
1605 2476 1738 2508 Laudat.
1752 2476 1824 2509 Hel.
1839 2476 1858 2517 §
1876 2479 1887 2508 1
1907 2488 1915 2508 ε
1936 2476 1996 2507 εἰσί
2016 2487 2094 2512 τινες
2113 2476 2143 2507 οἳ
2157 2477 2237 2517 μέγα
2250 2480 2427 2518 φρονοῦσιν,
2439 2477 2478 2516 ἢν

1433 2526 1579 2558 ὑπόθεσιν
1605 2523 1721 2556 ἄτοπον
1741 2525 1795 2555 καὶ
1830 2523 2001 2565 παράδοξον
2029 2522 2239 2564 ποιησάμενοι
2263 2523 2333 2565 περὶ
2363 2523 2478 2561 ταύτης

1434 2574 1568 2609 ἀνεκτῶς
1586 2572 1682 2603 εἰπεῖν
1695 2572 1860 2608 δυνηθῶσι·
1874 2572 1928 2602 καὶ
1942 2570 2235 2612 καταγεγηράκασιν
2251 2571 2281 2602 οἶ
2298 2571 2353 2611 μὲν
2369 2571 2406 2603 οὐ
2417 2571 2477 2611 φά-

1434 2631 1561 2656 σκοντες
1580 2618 1646 2651 οἷόν
1662 2618 1689 2650 τ’
1710 2618 1787 2650 εἶναι
1808 2618 1904 2659 ψευδῆ
1924 2618 2024 2659 λέγειν
2047 2618 2111 2649 οὐδ’
2132 2617 2298 2658 ἀντιλέγειν
2319 2617 2390 2649 οὐδὲ
2417 2618 2474 2650 δύο

1434 2668 1517 2708 λόγω
1530 2668 1598 2708 περὶ
1618 2669 1680 2698 τῶν
1698 2666 1801 2697 αὐτῶν
1820 2665 2013 2706 πραγμάτων
2035 2665 2188 2696 ἀντειπεῖν
2210 2665 2279 2696 κτλ.
2305 2663 2326 2706 §
2343 2667 2363 2696 8
2387 2677 2396 2696 ι
2417 2665 2476 2704 ἤδη

1433 2714 1510 2749 τινές
1522 2738 1531 2753 ,
1555 2714 1685 2754 ὁρῶντες
1699 2711 1825 2748 τούτους
1839 2712 1875 2743 ἐκ
1894 2715 1955 2743 τῶν
1974 2711 2124 2743 τοιούτων
2137 2711 2368 2752 ὠφελουμένους
2379 2733 2389 2749 ‚
2404 2712 2476 2743 τολ-

1435 2764 1518 2801 μῶσι
1532 2760 1655 2802 γράφειν
1670 2759 1711 2794 ὡς
1722 2758 1804 2790 ἔστιν
1817 2760 1834 2790 ὁ
1850 2761 1912 2790 τῶν
1922 2758 2148 2799 πτωχευόντων
2158 2758 2211 2788 καὶ
2224 2757 2397 2797 φευγόντων
2410 2756 2477 2799 βίος

1432 2806 1635 2847 ζηλωτότερος
1646 2806 1666 2843 ἢ
1682 2807 1699 2837 ὁ
1714 2808 1775 2836 τῶν
1789 2794 1888 2836 ἄλλων
1903 2805 2072 2846 ἀνθρώπων
2089 2803 2186 2845 κτλξ
2201 2808 2235 2836 12
2253 2817 2260 2836 :
2273 2807 2336 2835 τῶν
2350 2804 2405 2845 μὲν
2416 2801 2477 2846 γὰρ
2489 2805 2504 2815 ”

1433 2854 1504 2889 τοὺς
1525 2852 1875 2897 sssstffifflabs..fflj9h=
1894 2852 1968 2888 ἅλας
1990 2854 2043 2883 καὶ
2069 2851 2108 2883 τὰ
2121 2853 2251 2883 τοιαῦτα
2267 2851 2477 2892 βουληθέντων

1433 2901 1568 2933 ἐπαινεῖν
1581 2900 1680 2935 οὐδεὶς
1699 2899 1828 2931 πώποτε
1841 2898 1944 2939 λόγων
1956 2899 2108 2939 ἠπόρησε.
2126 2900 2205 2931 Haec
2220 2898 2260 2930 ad
2277 2897 2476 2932 Antisthenis

1434 2947 1669 2988 protrepticum
1686 2946 1819 2978 sortasse
1837 2945 2006 2987 pertinent.
2036 2945 2111 2978 Vid.
2133 2945 2246 2984 fragm.
2272 2947 2321 2977 18.
2344 2961 2386 2968 -
2407 2946 2475 2985 (77)

1434 2995 1591 3034 Diogenes
1613 2992 1758 3026 Laertius
1779 2992 1839 3024 lib.
1864 2993 1928 3031 VI,
1943 2995 1982 3024 7:
2002 2991 2145 3023 ἔσκωπτε
2160 2991 2316 3024 Πλάτωνα
2331 2995 2374 3029 ὡς
2390 3003 2477 3024 τετυ-

1433 3042 1572 3082 φωμένον
1585 3041 1654 3072 κτλ.
1668 3057 1709 3063 -
1726 3039 1792 3080 (78)
1809 3039 1982 3072 Athenaeus
2003 3039 2057 3070 lib.
2072 3040 2113 3078 V,
2137 3046 2171 3080 p.
2183 3042 2245 3070 220
2256 3040 2285 3070 D
2299 3052 2308 3070 =
2326 3039 2380 3071 καὶ
2395 3037 2479 3071 Inda

1432 3099 1517 3120 τωνα
1529 3088 1562 3119 δὲ
1581 3086 1794 3128 μετονομάσας
1810 3086 1940 3118 Σάθωνα
1956 3086 2079 3127 ἀσυρῶς
2097 3088 2151 3116 καὶ
2167 3089 2316 3126 φορτικῶς
2329 3087 2384 3118 τὸν
2396 3085 2474 3117 ταύ-

1432 3147 1487 3172 την
1511 3134 1624 3176 ἔχοντα
1645 3135 1700 3172 τήν
1716 3134 1884 3174 ἐπιγραφὴν
1902 3132 2045 3172 διάλογον
2061 3132 2189 3167 ἐξέδωκε
2214 3133 2283 3163 κατ’
2303 3131 2409 3164 αὐτοῦ.
2421 3132 2472 3163 Cf.

1433 3182 1518 3214 idem
1541 3182 1598 3213 lib.
1620 3183 1684 3220 XI,
1714 3189 1747 3222 p.
1768 3184 1826 3213 507
1850 3183 1888 3213 Α.
1908 3179 2002 3221 [vid.
2034 3180 2146 3218 fragm.
2165 3177 2235 3220 41].
2263 3195 2306 3202 —-
2331 3178 2396 3219 (79)
2421 3178 2471 3209 Cf.

1433 3229 1555 3261 Theaet.
1571 3237 1605 3268 p.
1641 3231 1699 3260 156
1713 3230 1740 3260 A
1768 3229 1825 3260 174
1839 3229 1866 3259 Α
1891 3235 1960 3267 seq.
1983 3229 2041 3258 201
2060 3228 2088 3258 D
2105 3234 2206 3266 usque
2228 3226 2269 3257 ad
2287 3229 2347 3258 210
2363 3226 2399 3257 Β.
2419 3227 2473 3258 So·
2495 3257 2498 3260 ,

1435 3276 1532 3315 phist.
1561 3285 1591 3315 p.
1614 3278 1671 3308 251
1703 3277 1729 3308 B
1759 3284 1831 3316 seq.
1857 3277 1938 3314 2583
1969 3275 1996 3306 E
2023 3281 2128 3314 usque
2151 3272 2193 3304 ad
2223 3275 2283 3304 259
2308 3274 2351 3311 E,
2378 3271 2471 3307 Polit.

1435 3332 1465 3364 p.
1483 3327 1542 3355 286
1560 3326 1584 3355 E
1607 3332 1676 3364 seq.
1694 3326 1844 3356 Parmen.
1866 3331 1897 3363 p.
1924 3325 1981 3354 133
2002 3323 2044 3362 Β;
2071 3326 2128 3352 135
2147 3319 2295 3352 APhaed.
2319 3329 2349 3359 p.
2371 3319 2470 3357 90ος

1440 3373 1494 3402 101
1519 3372 1565 3409 Ε;
1580 3370 1702 3402 Pliileb.
1721 3379 1749 3410 p.
1771 3373 1806 3402 1⁴4
1824 3370 1848 3400 C
1873 3378 1942 3409 seq.
1966 3371 2002 3400 17
2018 3371 2065 3408 A;
2082 3367 2122 3399 de
2140 3364 2275 3405 Republ.
2297 3374 2326 3404 p.
2350 3368 2428 3404 505,
2450 3366 2472 3397 Β

1434 3418 1471 3448 C.
1501 3417 1563 3448 Sed
1589 3417 1653 3448 duo
1676 3417 1737 3448 loci
1764 3416 1819 3457 qui
1845 3424 1931 3456 saepe
1961 3415 2001 3446 ad
2034 3413 2254 3446 Antisthene-m
2281 3413 2470 3452 reseruntur,

1436 3462 1556 3495 Phileb.
1587 3472 1620 3504 p.
1650 3466 1690 3495 43
1714 3465 1742 3495 D
1775 3471 1844 3504 seq.
1867 3465 1900 3495 et
1925 3462 1964 3494 de
1989 3460 2124 3502 Republ.
2153 3469 2184 3501 p.
2205 3463 2264 3493 583
2281 3461 2306 3492 Β
2337 3467 2404 3500 seq.
2430 3459 2469 3490 al
