2638 3840
352 279 452 307 xzvt

353 364 552 408 expertum
587 363 716 393 narrat
752 352 993 391 ,lamblichus
1024 349 1112 399 (78).
1140 346 1253 393 Quod
1284 346 1387 384 enim

352 416 501 453 homini
516 415 780 467 Metapontino
796 412 1029 465 promiserat
1049 407 1177 458 Lysis,
1195 406 1237 444 id
1258 419 1390 456 quam-

352 474 411 512 vis
429 488 491 512 res
510 474 608 512 levis
628 482 743 520 esset,
766 482 890 510 tamen
910 467 1154 507 efficiendum
1171 465 1333 517 putavit.

406 533 529 571 Porro
549 533 720 570 nominis
741 532 876 569 famam
895 528 1055 578 adeptus
1069 534 1125 563 est
1138 525 1388 575 HIppar-chus,

352 592 399 630 ad
420 606 531 643 quem
554 600 675 630 exstat
694 590 847 641 Lysidis
867 587 1029 639 epistola
1048 598 1094 623 eo
1110 585 1278 622 maxime
1299 597 1390 621 con-

353 652 444 690 silio
482 652 646 703 scripta,
673 659 715 688 ut
748 663 834 688 eum
863 662 884 686 a
917 645 1123 695 vulgandis
1160 644 1392 696 Pythagorae

351 710 517 749 decretis
542 717 732 748 avocaret.
752 708 873 753 Quam
892 706 1091 758 epistolam
1114 703 1265 742 etiamsi
1298 703 1392 740 Dio-

352 782 467 819 genes
487 769 662 807 Laertius
681 768 757 819 (79)
779 767 868 804 citet
885 779 932 803 ex
950 778 1072 815 eaque
1092 764 1219 802 locum
1246 774 1391 800 memo-

352 828 513 867 rabilem
543 828 732 880 proferat‚
750 835 874 863 tamen
898 823 1140 862 subdititiam
1170 833 1252 859 esse
1280 833 1393 859 nemo

353 888 520 938 negabit.
534 890 581 925 At
595 886 690 924 nihil
706 884 830 922 obstat
844 883 1054 934 quominus
1067 881 1205 919 incerti
1223 878 1393 917 auctoris

352 947 578 996 opusculum
600 945 661 982 hic
694 945 920 981 inseramus.
947 959 963 975 «
989 942 1136 987 Lysidis
1163 939 1395 985 Pythagor-ez·

351 1008 508 1055 epistola
541 1006 595 1040 ad
620 1003 875 1053 Hipparchum
904 1001 998 1052 (80).
1020 999 1230 1048 Postquam
1252 1009 1300 1034 ex
1320 995 1394 1031 ho-

351 1119 538 1159 εξερεύνητος
551 1122 616 1156 τοῖς
630 1118 906 1160 ἐπιτιθεμένοις.-
917 1116 983 1158 (78)
997 1115 1198 1149 Jamblichus
1207 1114 1246 1146 de
1260 1114 1316 1146 vlt.
1330 1115 1393 1152 Py-

352 1167 438 1206 thag.
469 1175 540 1207 cap.
571 1167 756 1206 30.-(79)
778 1166 933 1205 Diogenes
961 1164 1108 1196 Laenius
1138 1163 1191 1194 lib.
1211 1163 1301 1200 VIlI,
1320 1163 1359 1193 42
1385 1173 1392 1192 :

352 1213 388 1253 ἦν
407 1214 491 1255 αὐτῷ
514 1214 566 1245 καὶ
589 1214 722 1254 θυγάτηρ
743 1213 861 1252 Δαμώ,
876 1212 917 1248 ὥς
936 1223 1008 1252 φησι
1028 1211 1125 1247 Λύσις
1143 1212 1174 1242 ἐν
1190 1210 1336 1249 ἐπιστολῇ
1356 1212 1394 1249 τῇ

350 1262 425 1302 πρὸς
453 1261 638 1302 Ἵππαρχον,
664 1261 731 1301 περὶ
776 1259 958 1300 Πυθαγόρου
993 1259 1092 1296 λέγων
1120 1258 1219 1294 οὕτως
1231 1283 1239 1297 ,
1263 1258 1394 1297 Λέγοντι

351 1308 388 1345 δὴ
410 1308 518 1340 πολλοί
538 1319 574 1339 τυ
591 1309 644 1339 καὶ
663 1307 799 1347 δαμοσίᾳ
816 1307 988 1346 φιλοσοφέν·
1012 1306 1087 1347 ὅπερ
1109 1304 1269 1341 ἀπαξίωσε
1290 1305 1392 1335 Πυθα-

351 1354 458 1396 γόρας,
477 1355 508 1391 ὅς
529 1365 565 1396 γε
585 1357 687 1394 Δαμοῖ
706 1357 745 1395 τᾷ
767 1355 876 1385 ἑαυτοῦ
898 1353 1021 1394 θυγατρὶ
1040 1353 1080 1383 τὰ
1098 1352 1316 1392 ,ὑπομνάματα
1334 1362 1393 1381 πα-

353 1403 591 1444 ρακαταθέμενος
604 1427 612 1442 ,
628 1402 768 1434 ἐκέλευσε
785 1400 888 1441 μηδενὶ
901 1403 963 1431 τῶν
976 1399 1062 1434 ἐκτὸς
1083 1402 1136 1436 τᾶς
1151 1399 1250 1435 οἰκίας
1268 1398 1394 1439 παραδι·

352 1449 456 1491 δόμεν.
482 1451 513 1483 ‘A
541 1451 595 1489 δέ,
619 1449 772 1490 δυναμένα
796 1448 916 1479 πολλῶν
941 1447 1108 1488 χρημάτων
1138 1446 1311 1478 ἀποδόσθαι
1335 1446 1394 1481 τὼς

351 1498 449 1538 λόγως
460 1522 469 1538 ,
489 1497 546 1529 οὐκ
558 1496 717 1534 ἐόουλήθη·
732 1495 838 1526 πενίαν
851 1494 909 1535 γὰρ
927 1494 981 1525 καὶ
1001 1494 1055 1530 τὰς
1073 1497 1117 1525 τῶ
1136 1494 1250 1535 πατρὸς
1269 1492 1397 1525 ἐπισκά-

352 1548 424 1587 ψιας
437 1545 555 1585 ἐνόμιζε
577 1547 684 1585 χρυσῶ
700 1542 882 1583 τιμιωτέρας
905 1541 989 1582 ἐ’μεν,
1003 1542 1057 1574 καὶ
1076 1544 1174 1573 ταῦτα
1193 1541 1282 1582 γυνά.
1298 1541 1392 1573 Conf.

353 1592 476 1634 synesii
494 1592 658 1632 epistolam
678 1591 717 1621 ad
736 1589 975 1622 Herculianum.
989 1608 1031 1615 -
1045 1589 1109 1629 (80)
1127 1589 1212 1620 edita
1230 1589 1311 1620 inter
1330 1588 1395 1628 epi·

354 1641 452 1672 stolas
467 1639 610 1672 socratis
625 1639 657 1670 et
670 1637 914 1677 Socraticorum,
931 1636 1119 1676 Pythagorae
1133 1638 1163 1668 et
1179 1636 1395 1676 Pythagoreo-

353 1698 425 1720 rum
448 1687 488 1719 ab
509 1686 628 1718 Orellio
649 1685 765 1726 Lipsiae
785 1687 875 1716 18¹5.
891 1684 985 1715 Cons.
999 1683 1175 1715 Jamblieh.
1194 1683 1233 1715 de
1249 1683 1313 1715 vita
1334 1685 1396 1723 Py-

353 1736 495 1775 thagorae
523 1742 555 1774 p.
591 1737 630 1765 62
662 1741 751 1773 seqq.
783 1731 834 1764 ed.
857 1731 998 1763 Kusteri.
1026 1730 1160 1767 Λύσιδος
1183 1730 1396 1771 Πυθαγορείου

353 1782 499 1819 ἐπιστολὴ
518 1781 594 1822 πρὸς
612 1780 797 1821 Ἵππαρχον.
813 1778 902 1810 Μετὰ
918 1778 954 1809 τὸ
972 1777 1157 1819 Πυθαγόραν
1175 1778 1207 1814 ἐξ
1226 1778 1396 1818 ἀνθρώπων

353 1830 512 1871 γενέσθαι,
528 1829 683 1861 οὐδέποκα
699 1826 1017 1862 διασκεδασθὴσεσθαι
1030 1825 1065 1857 τὸ
1078 1826 1232 1867 ἄθροισμα
1249 1829 1312 1857 τῶν
1325 1826 1395 1866 ὁμι·

353 1879 447 1915 λη’τᾶν
468 1877 498 1913 ἐς
514 1877 567 1908 τὸν
586 1876 721 1916 ἐμαυτοῦ
735 1874 830 1915 θυμὸν
843 1873 1008 1913 ἐὸαλόμαν.
1024 1872 1112 1904 Ἐπεὶ
1129 1873 1161 1904 δὲ
1175 1872 1247 1914 παρ’
1259 1872 1394 1911 ἐλπίδας,

354 1926 459 1966 ὥσπερ
476 1924 538 1956 ἀπὸ
555 1923 626 1959 ναὸς
639 1922 773 1964 μεγάλας
787 1921 925 1962 φορτίδος
941 1921 972 1952 ἐν
989 1921 1092 1962 ἐρήμῳ
1103 1921 1229 1961 πελάγει
1241 1921 1394 1957 λυθείσας,

354 1973 442 2009 ἄλλος
466 1971 578 2003 ἄλλοσε
608 1969 786 2011 φορεύμενοι
805 1967 1027 2010 διεσπάρημεν,
1048 1967 1134 1999 ὅσιον
1158 1967 1239 2007 κάμὲ
1263 1968 1394 2007 μνᾶσθαι

353 2022 414 2050 τῶν
441 2018 534 2056 τήνου
561 2017 650 2049 θείων
675 2016 728 2047 καὶ
754 2018 875 2056 σεμνῶν
899 2015 1178 2056 παραγγελμάτων,
1207 2015 1283 2055 μηδὲ
1308 2016 1396 2046 κοινὰ

353 2066 501 2103 ποιῆσθαι
522 2065 561 2096 τὰ
587 2063 696 2104 σοφίας
726 2063 827 2103 ἀγαθὰ
845 2065 910 2099 τοῖς
928 2062 992 2094 οὐδ’
1006 2062 1079 2103 ὄναρ
1097 2062 1152 2094 τὰν
1171 2062 1275 2103 ψυχὰν
1300 2073 1393 2093 κεκα-

355 2113 524 2154 θαρμένοις.
542 2111 589 2142 Οὐ
612 2111 670 2151 γὰρ
687 2110 770 2150 θέμις
793 2109 896 2150 ὀρέγεν
914 2112 978 2146 τοῖς
1003 2109 1164 2141 ἀπαντῶσι
1181 2110 1220 2141 τὰ
1241 2110 1318 2149 μετὰ
1343 2121 1395 2141 το-

358 2160 480 2192 σούτων
504 2159 635 2199 ἀγώνων
653 2157 775 2199 σπουδᾷ
802 2157 1007 2197 ποριχθέντα,
1029 2157 1099 2188 οὐδὲ
1117 2157 1176 2197 μὰν
1197 2158 1337 2197 βεὸάλοις
1358 2159 1397 2189 τα

355 2212 422 2240 ταῖν
441 2207 640 2239 Ἐλευσινίαιν
670 2207 753 2237 θεαῖν
781 2205 934 2246 μυστήρια
956 2205 1144 2245 διαγέεσθαι.
1169 2204 1249 2236 Κατ’
1266 2205 1398 2237 ἰσότατα

356 2257 387 2288 δὲ
410 2256 510 2287 ἄδικοι
529 2256 581 2286 καὶ
599 2255 724 2291 ἀσεὸέες
742 2254 790 2285 τοὶ
809 2256 939 2285 τοιαῦτα
955 2252 1130 2292 πράξαντες.
1152 2252 1256 2285 Καλὸν
1277 2253 1308 2285 δὲ
1328 2255 1398 2285 ἀνα-

355 2303 545 2342 λογίζεσθαι,
572 2302 645 2333 ὅσον
678 2301 790 2342 χρόνου
820 2303 917 2341 μᾶκος
949 2300 1237 2340 ἐκμεμετρήκαμες,
1263 2300 1397 2343 ἀποῤῥυ-

355 2350 502 2392 πτόμενοι
522 2349 639 2386 σπίλως
649 2349 709 2384 τὼς
720 2348 751 2379 ἐν
765 2351 829 2384 τοῖς
841 2346 984 2378 στάθεσιν
1005 2347 1093 2386 ἁμῶν
1104 2346 1377 2388 ἐγκεκολαμμένως
1389 2372 1397 2386 ,

355 2398 412 2434 ἕως
432 2398 522 2429 πέντε
543 2394 732 2428 διελθόντων
752 2395 845 2426 ἐτέων
867 2394 1034 2434 ἐγενόμεθα
1062 2394 1195 2426 δεκτικοὶ
1215 2398 1278 2426 τῶν
1305 2396 1396 2432 τήνου

354 2445 467 2484 λόγων.
483 2443 629 2484 Καθάπερ
647 2442 707 2482 γὰρ
724 2443 753 2473 οἱ
775 2442 881 2482 βαφεῖς
900 2439 1182 2480 προεκκαθάραντες
1203 2441 1340 2478 ἔστυψαν
1358 2442 1397 2473 τὰ

357 2491 478 2532 βάψιμα
489 2493 551 2521 τῶν
573 2489 716 2530 ἱματίων,
729 2489 813 2524 ὅπως
832 2487 1021 2519 ἀνέκπλυτον
1038 2487 1094 2519 τὰν
1109 2488 1210 2528 βαφὰν
1224 2489 1396 2520 ἀναπίωντι

356 2540 408 2570 καὶ
429 2538 590 2579 μηδέποκα
607 2537 834 2577 γενησουμέναν
856 2535 1001 2572 ἑξίταλον·
1021 2535 1074 2567 τὸν
1097 2535 1189 2568 αὐτὸν
1208 2537 1322 2576 τρόπον
1345 2537 1397 2568 καὶ

358 2587 375 2617 ό
391 2585 545 2624 δαιμόνιος
566 2583 640 2624 ἀνὴρ
656 2582 923 2624 προπαρεσκεύαζε
937 2582 990 2617 τὰς
1003 2582 1104 2623 ψυχὰς
1120 2586 1182 2614 τῶν
1201 2586 1256 2619 τᾶς
1273 2584 1397 2623 φιλοσο-

358 2632 427 2672 φίας
443 2631 641 2671 ἐρασθέντων,
659 2630 743 2665 ὅπως
760 2630 802 2667 μὴ
818 2630 987 2670 διαψευσθῇ
1004 2629 1073 2670 περί
1095 2641 1164 2662 τινα
1189 2634 1251 2661 τῶν
1280 2631 1396 2668 ἐλπιζο·

360 2679 458 2719 μένων
476 2677 614 2709 ἐσεῖσθαι
630 2677 733 2707 καλῶν
749 2686 783 2706 τε
795 2675 951 2714 κάγαθῶν.
971 2675 1018 2706 Οὐ
1042 2675 1100 2715 γὰρ
1121 2677 1273 2715 κιὸδήλως
1291 2677 1398 2709 ἐνεπο·

360 2725 462 2767 ρευετο
471 2724 587 2764 λόγως,
607 2723 675 2754 οὐδὲ
691 2723 810 2762 πάγας,
827 2726 892 2758 ταῖς
908 2723 955 2753 τοὶ
975 2723 1079 2754 πολλοὶ
1091 2726 1153 2754 τῶν
1170 2727 1319 2765 σοφιστᾶν
1338 2725 1398 2761 τὼς

358 2773 434 2808 νέως
447 2771 626 2811 ἐμπλέκοντι
636 2792 645 2809 ,
660 2769 728 2801 ποτ’
743 2769 827 2800 οὐδὲν
842 2768 974 2808 κρήγυον
987 2769 1187 2810 σχολάζοντες
1196 2780 1203 2787 ·
1218 2772 1295 2804 ἀλλὰ
1310 2773 1398 2806 θείων

359 2831 392 2851 τε
403 2819 456 2850 καὶ
467 2816 664 2858 ἀνθρωπίνων
675 2816 864 2856 πραγμάτων
873 2815 908 2854 ἧς
919 2816 1108 2856 ἐπιστάμων.
1120 2819 1174 2849 Τοὶ
1186 2817 1219 2849 δὲ
1230 2819 1400 2861 πρόσχημα

359 2864 562 2905 ποιησάμενοι
582 2863 637 2895 τὰν
651 2864 743 2901 τήνου
762 2862 972 2900 διδασκαλίαν,
989 2863 1087 2895 πολλὰ
1105 2864 1157 2895 καὶ
1177 2865 1260 2896 δεινὰ
1272 2866 1397 2908 δρῶντι,

362 2911 579 2952 σαγηνεύοντες
601 2910 637 2941 οὗ
657 2909 737 2940 κατὰ
757 2909 888 2950 κόσμον,
904 2908 966 2940 οὐδ’
983 2911 1024 2945 ὡς
1041 2909 1130 2951 ἔτυχε
1149 2912 1209 2948 τὼς
1222 2914 1308 2949 νέως.
1326 2915 1399 2945 Toy,-

360 2963 463 3002 γαρῶν
482 2959 623 3000 χαλεπώς
637 2968 669 2989 τε
685 2958 737 2989 καὶ
750 2957 909 2999 προαλλεῖς
925 2957 1144 2998 ἀπεργάζονται
1160 2959 1219 2995 τὼς
1232 2960 1397 2997 ἀκουσταῖς·

361 3006 529 3047 ἐγκίρναντι
542 3004 600 3045 γὰρ
612 3004 698 3041 ἤθεσι
711 3004 942 3044 τεταραγμένοις
957 3014 990 3034 τε
1006 3004 1058 3034 καὶ
1075 3004 1205 3045 θολεροῖς
1217 3006 1400 3047 θεωρήματα

360 3055 413 3085 καὶ
426 3052 524 3092 λόγως
540 3050 638 3087 θείως.
656 3050 800 3092 Καθάπερ
817 3051 875 3091 γὰρ
892 3050 918 3081 εἷ
934 3062 978 3087 τις
994 3051 1037 3087 εἰς
1052 3051 1143 3092 φρέαρ
1157 3053 1234 3093 βαθὺ
1251 3054 1399 3095 βορὸόρου

360 3101 471 3142 πλῆρες
500 3099 606 3140 ἐγχέαι
630 3099 763 3140 καθαρὸν
788 3099 841 3130 καὶ
867 3099 971 3134 διειδὲς
997 3099 1099 3139 ὕδωρ,
1115 3100 1168 3130 τόν
1193 3111 1227 3131 τε
1254 3101 1399 3142 βόρὸορον

361 3147 522 3188 ἀνετάραξε
551 3146 605 3178 καὶ
631 3147 668 3178 τὸ
695 3146 777 3186 ὕδωρ
805 3145 994 3187 ἐπαφάνιξεν,
1018 3147 1036 3177 ὁ
1053 3146 1143 3182 αὐτὸς
1161 3147 1194 3178 δὲ
1210 3148 1320 3188 τρόπος
1339 3152 1400 3180 τῶν

362 3194 445 3225 οὕτω
467 3191 676 3225 διδασκόντων
701 3203 734 3223 τε
755 3192 807 3223 καὶ
836 3192 1078 3232 διδασκομένων.
1104 3195 1236 3225 Πυκιναὶ
1264 3194 1322 3235 γὰρ
1347 3196 1400 3227 καὶ

362 3241 467 3272 λάσιαι
487 3241 603 3282 λόχμαι
619 3239 686 3280 περὶ
708 3239 762 3274 τὰς
784 3239 890 3280 φρένας
907 3239 958 3270 καὶ
979 3239 1033 3270 τὰν
1049 3239 1177 3280 καρδίαν
1194 3239 1399 3282 ἐμπεφύκαντι

361 3292 422 3320 τῶν
439 3289 480 3329 μὴ
494 3290 633 3329 καθαρῶς
649 3290 711 3323 τοῖς
725 3287 901 3327 μαθήμασιν
914 3286 1148 3328 ὀργιασθέντων,
1165 3290 1226 3319 πᾶν
1237 3288 1272 3319 τὸ
1289 3287 1401 3328 ἅμερον

362 3336 414 3368 καὶ
431 3339 526 3376 πρᾶον
542 3335 596 3367 καὶ
614 3335 789 3375 λογιστικὸν
804 3336 858 3370 τᾶς
878 3335 980 3375 ψυχᾶς
997 3333 1249 3374 ἐπισκιάζουσαι,
1267 3335 1318 3366 καὶ
1335 3346 1400 3366 κω-

362 3382 491 3414 λύουσαι
519 3386 680 3424 προφανῶς
708 3382 762 3421 μὲν
788 3382 970 3422 αὐξηθῆμεν·
1000 3381 1274 3421 ἐγκαταδεδόκαντι
1302 3382 1335 3413 δὲ
1355 3386 1400 3423 τῷ

365 3429 451 3462 δάσει
469 3430 569 3470 τούτῳ
583 3431 726 3462 παντοῖαι
746 3429 914 3467 κακότητες
932 3428 1155 3470 ἐκὸοσκόμεναι
1173 3429 1227 3460 καὶ
1252 3429 1400 3469 μηδαμῶς

367 3477 462 3508 ἐῶσαι
477 3477 631 3518 προκόψαι
651 3477 686 3509 τὸ
704 3475 855 3514 νοητικόν.
879 3475 1081 3516 Ὀνομάξαιμι
1096 3475 1128 3507 δὲ
1141 3478 1254 3516 πρᾶτον
1268 3476 1400 3508 ἐπελθὼν

1196 259 1262 296 DE
1298 255 1618 296 PYTHAGORA

1448 345 1595 382 minum
1615 344 1691 379 vita
1711 339 1951 390 Pythagoras
1969 337 2214 388 demigravit,
2237 349 2435 389 nunquam
2451 336 2493 375 in

1449 403 1620 440 animum
1646 398 1800 446 induxi,
1820 406 1864 436 ut
1881 397 2163 449 discipulorum
2184 404 2324 436 coetum
2345 396 2494 448 disper-

1449 474 1533 499 sum
1568 460 1618 498 iri
1645 467 1838 511 putarem.
1867 455 2060 502 Quoniam
2082 469 2175 494 vero
2198 465 2338 509 praeter
2361 469 2493 508 spem,

1450 519 1560 570 quasi
1581 532 1602 556 e
1622 518 1712 555 navi
1731 529 1868 565 magna
1884 515 2064 553 oneraria
2083 515 2124 553 in
2149 524 2258 554 vasto
2284 515 2382 554 mari
2410 515 2494 555 dis-

1451 579 1598 626 soluta,
1620 577 1720 615 alius
1739 576 1816 614 alio
1836 574 1952 613 delati
1975 574 2195 626 dilapsique
2213 588 2347 614 sumus
2368 588 2378 614 t
2401 588 2494 614 con-

1451 646 1675 675 sentaneum
1709 643 1767 673 est
1793 647 1855 672 me
1888 634 2111 672 meminisse
2142 633 2364 672 divinorum
2390 634 2498 674 illius

1452 705 1489 733 et
1506 695 1824 746 gravissimorum
1845 701 2127 745 praeceptorum
2141 723 2153 744 ,
2173 706 2299 744 neque
2323 707 2499 732 commu-

1452 755 1585 793 nicare
1603 754 1802 806 sapientiae
1828 751 1933 790 bona
1956 766 2041 790 cum
2061 752 2312 800 hominibus,
2330 766 2498 804 quorum

1451 813 1572 851 animi
1605 826 1653 850 ne
1684 825 1753 864 per
1785 813 1978 849 somnium
2009 811 2165 862 quidem
2202 812 2358 864 purgati
2391 821 2496 852 sunt.

1453 871 1564 910 Nefas
1581 872 1682 910 enim
1701 879 1759 909 est
1777 870 1898 909 obvio
1913 870 2033 921 vulgo
2049 871 2263 922 porrigere,
2280 884 2366 923 quae
2382 872 2500 910 tantis

1453 930 1656 969 laboribus
1687 943 1787 980 aegre
1819 934 1953 981 parata
1978 938 2091 977 sunt,
2110 944 2190 968 non
2211 931 2367 979 minusj-
2383 941 2498 982 quam

1454 990 1629 1040 profanis
1660 990 1817 1027 dearum
1848 988 2133 1027 Eleusiniarum
2165 990 2347 1040 mysteria
2378 1003 2499 1028 enun-

1454 1048 1550 1086 tiare
1571 1062 1580 1086 :
1604 1061 1711 1098 aeque
1739 1047 1842 1085 enim
1872 1046 2011 1098 injusti
2039 1056 2152 1098 atque
2177 1047 2291 1099 impii
2314 1056 2406 1086 sunt
2431 1048 2499 1099 qui

1455 1108 1680 1145 alterutrum
1714 1107 1854 1145 horum
1889 1107 2062 1146 fecerint.
2088 1106 2202 1144 Decet
2230 1115 2356 1145 autem
2385 1120 2501 1157 repu-

1455 1174 1553 1212 tare,
1571 1174 1757 1216 quantum
1776 1165 1964 1216 temporis
1984 1165 2152 1216 spatium
2170 1165 2502 1205 consumserimus

1454 1225 1496 1262 in
1518 1225 1693 1263 eluendis
1714 1224 1875 1262 maculis
1889 1255 1898 1272 ,
1922 1237 2009 1275 quae
2030 1224 2072 1262 in
2106 1223 2331 1275 pectoribus
2359 1227 2503 1264 nostris

1455 1284 1570 1322 altius
1595 1284 1842 1331 insederant,
1866 1283 1988 1322 donec
2023 1283 2174 1322 tandem
2203 1291 2360 1335 peracto
2389 1284 2504 1336 quin-

1455 1343 1627 1393 quennio
1644 1342 1692 1380 ad
1706 1342 1998 1394 percipiendam
2013 1343 2120 1380 illius
2137 1341 2353 1380 doctrinam
2370 1341 2501 1380 idonei

1453 1403 1663 1442 evasimus.
1689 1401 2022 1447 Quemadmodum
2047 1403 2149 1439 enim
2182 1401 2365 1439 tinctores
2385 1402 2503 1440 vesti·

1454 1470 1604 1508 menta,
1637 1474 1723 1512 quae
1757 1459 1958 1498 coloribus
1992 1459 2168 1498 imbuere
2201 1460 2364 1507 volunt,
2392 1459 2504 1511 prius

1453 1529 1617 1572 purgata
1636 1520 1804 1558 alumine
1827 1519 2031 1566 inficiunt,
2052 1528 2095 1557 ut
2119 1519 2324 1557 tincturam
2345 1531 2416 1557 nec
2446 1519 2504 1558 fa-

1454 1581 1529 1617 cile
1547 1580 1750 1618 eluendam
1771 1591 1841 1617 nec
1860 1592 2031 1629 unquam
2055 1578 2257 1616 delendam
2278 1577 2473 1617 imbibant
2492 1594 2501 1618 :

1454 1639 1589 1676 eodem
1608 1639 1726 1676 modo
1745 1638 1904 1676 divinus
1923 1638 1990 1676 ille
2008 1637 2073 1676 vir
2091 1636 2337 1689 praeparabat
2352 1637 2505 1677 animos

1455 1710 1590 1735 eorum
1629 1699 1696 1748 qui
1730 1696 1988 1748 philosophiae
2022 1697 2153 1735 studio
2192 1697 2420 1747 flagrarent,
2454 1710 2504 1736 ne

1458 1757 1656 1795 falleretur
1688 1756 1874 1807 opinione
1904 1755 1952 1794 de
1982 1755 2068 1802 his,
2099 1769 2198 1806 quos
2228 1755 2354 1794 bonos
2385 1755 2523 1794 hone-l

1456 1825 1612 1867 stosque
1634 1816 1782 1854 futuros
1806 1828 1888 1854 esse
1918 1824 2123 1866 sperasset.
2139 1815 2274 1866 Neque
2300 1815 2405 1853 enim
2438 1815 2506 1853 ille

1458 1875 1674 1913 doctrinam
1690 1874 1911 1926 improbam
1931 1874 2178 1924 venditabat,
2200 1887 2327 1925 neque
2345 1874 2506 1926 laqueos

1457 1935 1546 1973 illos
1564 1934 1707 1985 quibus
1727 1934 1987 1985 sophistarum
2006 1934 2146 1983 vulgus
2165 1933 2426 1972 adolescentes
2447 1934 2505 1972 ir-

1456 1995 1546 2031 retit
1578 1993 1627 2032 ad
1659 1993 1815 2031 inutilia
1849 1993 2049 2031 tractanda
2078 1993 2199 2030 otium
2231 2005 2345 2031 suum
2371 1993 2507 2031 confe-

1457 2062 1605 2100 rentes,
1640 2053 1707 2091 sed
1753 2065 1882 2090 rerum
1917 2052 2137 2090 divinarum
2170 2052 2506 2104 humanarumque

1457 2125 1599 2162 gnarus
1629 2122 1723 2152 erat.
1747 2112 1797 2150 Hi
1828 2125 1923 2150 vero
1955 2111 2042 2163 ejus
2076 2111 2322 2163 disciplinam
2354 2111 2506 2150 mentiti

1457 2257 1559 2287 αὐτῶν
1588 2256 1642 2292 τὰς
1669 2256 1821 2298 ματέρας,
1839 2255 1992 2296 ἀκρασίαν
2008 2266 2042 2287 τε
2061 2255 2113 2286 καὶ
2132 2254 2320 2291 πλεονεξίαν.
2347 2254 2455 2296 Ἄμφω
2473 2256 2507 2288 δὲ

1457 2304 1621 2344 πολύγονοι
1637 2303 1818 2344 πεφύκαντι.
1838 2305 1901 2339 Τᾶς
1922 2303 1977 2344 μὲν
1995 2303 2040 2334 ὧν
2057 2302 2207 2343 ἀκρασίας
2227 2302 2507 2335 ἐκὸεὸλαστάκαντι

1457 2352 1586 2391 ἄθεσμοι
1611 2350 1722 2392 γάμοι,
1740 2351 1916 2391 ἐπιθυμίαι,
1936 2350 1989 2381 καὶ
2014 2350 2121 2391 φθοραὶ
2142 2351 2195 2381 καὶ
2218 2350 2330 2391 μέθαι,
2351 2349 2404 2381 καὶ
2421 2351 2507 2392 παρὰ

1458 2398 1548 2440 φύσιν
1574 2396 1699 2436 ἁδοναί,
1714 2398 1767 2428 καὶ
1790 2398 1918 2438 σφοδραί
1939 2408 2017 2433 τινες
2040 2396 2151 2438 ὁρμαί,
2167 2397 2257 2438 μέχρι
2278 2397 2439 2438 βαράθρων
2455 2398 2508 2430 καὶ

1457 2448 1601 2487 κρημνῶν
1628 2445 1848 2476 ἐπιδιώκουσαι.
1869 2445 1950 2481 Ἤδη
1969 2444 2027 2484 γάρ
2048 2455 2132 2480 τινας
2156 2444 2330 2484 ἀνάγκαξαν
2349 2444 2507 2486 ἐπιθυμίαι

1459 2493 1537 2533 μήτε
1553 2491 1693 2532 ματέρων
1709 2491 1785 2532 μήτε
1804 2492 1978 2533 θυγατέρων
2000 2491 2216 2533 ἀποσχέσθαι,
2234 2491 2287 2522 καὶ
2302 2491 2340 2529 δὴ
2356 2493 2506 2533 παρωσά-

1460 2550 1548 2579 μεναι
1575 2538 1664 2570 πόλιν
1693 2539 1747 2569 καὶ
1771 2537 1874 2578 νόμως
1897 2536 2036 2578 καθάπερ
2064 2539 2207 2578 τύραννος
2233 2538 2507 2579 ἐκπεριαγαγῶσαι

1459 2587 1520 2622 τὼς
1539 2585 1704 2626 ἀγκῶνας,
1727 2585 1832 2626 ὥσπερ
1859 2584 2059 2626 αἰχμάλωτον
2085 2585 2134 2616 ἐπὶ
2158 2584 2212 2616 τὸν
2232 2584 2367 2626 ἔσχατον
2385 2585 2508 2627 ὄλεθρον

1460 2631 1537 2673 μετὰ
1557 2632 1624 2672 βίας
1647 2630 1781 2671 ἄγουσαι
1805 2631 2012 2662 κατέστασαν.
2031 2631 2093 2666 Τᾶς
2121 2630 2152 2662 δὲ
2178 2630 2351 2667 πλεονεξίας
2374 2630 2507 2671 ἐκπεφύ-

1458 2690 1546 2710 καντι
1575 2678 1711 2719 ἁρπαγαί
1733 2689 1767 2709 τε
1790 2679 1843 2709 καὶ
1868 2679 2028 2718 λαστεῖαι,
2053 2677 2272 2719 πατροκτονίαι
2285 2702 2294 2718 ,
2317 2679 2506 2720 ἱεροσυλίαι,

1459 2728 1644 2767 φαρμακεῖαι
1657 2749 1666 2764 ,
1680 2726 1732 2756 καὶ
1750 2725 1811 2756 ὅσα
1825 2726 1942 2757 τούτων
1961 2724 2086 2763 ἀδελφά.
2101 2727 2157 2756 Δεῖ
2175 2724 2218 2755 ὧν
2234 2724 2306 2764 τόγε
2324 2727 2440 2765 πρᾶτον
2453 2725 2508 2762 τὰς

1458 2774 1548 2813 ὕλας,
1565 2776 1631 2808 ταῖς
1649 2772 1834 2804 ἐνδιαιτᾶται
1859 2776 1958 2804 ταῦτα
1973 2772 2011 2803 τὰ
2032 2771 2116 2809 πάθη
2127 2796 2135 2810 ,
2155 2772 2226 2814 πυρὶ
2249 2772 2301 2803 καὶ
2317 2771 2436 2814 σιδάρῳ
2450 2774 2504 2804 καὶ

1459 2820 1575 2857 πάσαις
1611 2820 1800 2860 μαθημάτων
1825 2822 1979 2860 μαχαναῖς
2000 2818 2231 2860 ἐκκαθάραντας
2256 2818 2310 2850 καὶ
2329 2819 2510 2861 ρυσαμένως

1458 2869 1511 2899 τὸν
1527 2868 1675 2908 λογισμὸν
1694 2867 1848 2910 ἐλεύθερον
1865 2870 1927 2899 τῶν
1950 2866 2108 2898 τοσούτων
2124 2869 2233 2898 κακῶν
2252 2866 2432 2904 τοτηνικάδε
2451 2867 2509 2908 ἐμ·

1459 2915 1583 2956 φυτεύεν
1595 2926 1624 2947 τι
1635 2915 1788 2957 χρήσιμον
1802 2915 1887 2955 αὐτῷ
1905 2915 1957 2946 καὶ
1974 2913 2195 2955 παραδιδόμεν.
2205 2913 2300 2955 Ἅπερ
2316 2913 2426 2955 ἔμαθες
2440 2915 2508 2955 μέν,

1458 2963 1628 3003 Ἱππαρχε,
1656 2962 1734 3004 μετὰ
1760 2962 1916 3000 σπουδᾶς,
1933 2962 1990 2992 οὐκ
2016 2961 2163 3001 ἐφύλαξας
2183 2961 2236 3001 δέ,
2253 2960 2443 3002 γευσάμενος
2454 2985 2465 3000 ,
2479 2961 2506 2993 ὦ

1459 3013 1597 3049 γενναῖε,
1616 3009 1776 3044 Σικελικοῖς
1799 3008 2012 3047 πολυτελείας,
2037 3007 2072 3044 ἇς
2100 3007 2158 3039 οὐκ
2185 3007 2278 3048 ἐχρῆν
2298 3018 2336 3039 τυ
2362 3008 2506 3048 γενέσθαι

1461 3058 1611 3098 δεύτερον.
1631 3056 1761 3097 Λέγοντι
1777 3055 1810 3086 δὲ
1836 3054 1945 3086 πολλοί
1961 3065 1997 3085 τυ
2018 3055 2071 3086 καὶ
2094 3054 2232 3095 δαμοσίᾳ
2248 3054 2422 3094 φιλοσοφέν·
2434 3054 2509 3094 ὅπερ

1467 3105 1626 3140 ἀπαξίωσε
1641 3102 1843 3144 Πυθαγόρας,
1857 3102 1890 3138 ὅς
1902 3113 1937 3142 γε
1950 3104 2054 3141 Δαμοῖ
2066 3104 2104 3142 τᾷ
2120 3102 2215 3132 αὑτοῦ
2236 3101 2361 3142 θυγατρὶ
2380 3100 2419 3132 τὰ
2436 3102 2511 3132 ὑπο-

1463 3151 1609 3192 μνάματα
1623 3150 1931 3191 παρακαταθέμενος,
1946 3149 2106 3189 ἐπέσκαψε
2125 3148 2230 3188 μηδενὶ
2255 3150 2318 3178 τῶν
2343 3147 2430 3184 ἐκτὸς
2453 3150 2508 3184 τᾶς

1462 3198 1560 3234 οἰκίας
1575 3197 1794 3239 παραδιδόμεν.
1812 3197 1843 3229 ‘A
1861 3197 1914 3236 δέ,
1931 3195 2084 3236 δυναμένα
2102 3195 2224 3226 πολλῶν
2245 3193 2413 3235 χρημάτων
2434 3194 2510 3226 ἀπο-

1462 3243 1571 3275 δόσθαι
1583 3245 1644 3280 τὼς
1661 3244 1760 3284 λόγως
1770 3267 1779 3281 ,
1791 3243 1848 3275 οὐκ
1859 3242 2007 3280 ἐὸουλήθη
2017 3250 2025 3257 ·
2037 3241 2145 3273 πενίαν
2159 3241 2191 3272 δὲ
2203 3240 2255 3271 καὶ
2270 3241 2324 3276 τὰς
2335 3243 2380 3271 τῶ
2395 3241 2508 3282 πατρὸς

1463 3290 1649 3332 ἐπισκάψιας
1665 3291 1785 3331 ἐνόμιζε
1804 3293 1911 3332 χρυσῶ
1935 3289 2116 3330 τιμιωτέρας
2136 3287 2220 3327 ἔμεν,
2234 3287 2287 3318 καὶ
2303 3289 2401 3318 ταῦτα
2417 3287 2506 3327 γυνά.

1461 3337 1559 3368 Φαντὶ
1577 3338 1628 3377 δέ,
1645 3338 1694 3369 ὅτι
1712 3338 1764 3368 καὶ
1785 3337 1883 3377 Δαμὼ
1905 3331 2077 3367 θνάσκοισα
2097 3332 2246 3374 Βισταλίᾳ
2260 3336 2300 3374 τᾷ
2317 3336 2428 3369 ἐαυτᾶς
2453 3335 2507 3365 θυ·

1460 3385 1548 3424 γατρὶ
1576 3385 1632 3416 τὰν
1660 3383 1756 3415 αὐτὰν
1785 3382 1950 3414 ἐπιστολὰν
1978 3382 2162 3413 ἐπέστειλεν.
2190 3379 2303 3420 Ἇμμες
2327 3379 2377 3415 δέ,
2402 3379 2508 3424 ἄνδρες

1460 3430 1576 3470 ἐόντες,
1591 3432 1627 3463 οὐ
1645 3429 1779 3471 γνησίως
1798 3430 1883 3469 αὐτῷ
1906 3427 2129 3469 ποτιφερόμεθα
2140 3452 2149 3466 ,
2164 3426 2242 3458 ἀλλὰ
2258 3426 2433 3468 παραὸάται
2450 3429 2508 3458 τᾶν

1461 3478 1626 3518 όμολογιᾶν
1644 3478 1802 3519 γινόμεθα.
1827 3477 1862 3508 Εἰ
1889 3477 1943 3517 μὲν
1960 3476 2003 3508 ὧν
2023 3474 2228 3514 μεταδάλοιο,
2246 3476 2461 3516 χαρησοῦμαι·
2480 3473 2507 3505 εἰ
