2606 3828
311 249 386 284 802
1007 230 1312 273 CYNICORUM
1341 195 1673 271 FRAGMENTA..

311 332 383 373 Kal
401 331 437 376 ὃς
448 329 540 370 κατὰ
555 322 618 368 τὸν
630 326 768 380 ’Ῑσοθμὸν
783 325 946 377 ὥρμησεν
959 324 1160 374 ἐπιχειρεῖν,
1174 319 1234 360 καὶ
1252 319 1352 373 μάχῃ

309 394 465 445 τελευτᾷ.
521 388 654 429 Τούτου
684 386 756 430 υἱὸς
783 387 801 423 ὁ
821 383 982 432 Τήμενος
1011 379 1238 430 κακοδαίμων
1267 374 1352 427 ἧκεν

311 452 351 488 ἐκ
366 446 630 498 κακοδαιμόνων
659 445 783 498 τρίτος·
803 442 845 479 σὺ
866 440 895 479 δ’
909 440 1005 493 αὐτῷ
1025 445 1228 490 παρεγγυᾷς
1251 437 1274 476 ἃ
1293 438 1353 483 καὶ

311 506 556 561 Ἀριστομάχῳ
589 507 639 556 τῷ
670 500 790 554 πατρί·
816 499 874 538 καὶ
903 498 960 547 ὅς,
981 498 1072 537 ἀλλὰ
1105 497 1264 540 κάκεῖνός
1298 512 1353 536 σοι

312 565 535 611 ἐπιπεισθείς,
556 568 571 586 ¹¹
587 562 755 601 ἀπέθανεν
776 560 810 597 ἐν
830 561 874 611 τῇ
894 556 1051 608 εἷσὸολῇ.
1098 555 1172 596 Καὶ
1191 556 1232 595 σὺ
1252 554 1351 609 ἔφης,

311 629 364 667 Οὐ
386 625 476 665 κατὰ
497 627 561 676 γῆν
591 622 683 674 λέγω
710 618 915 670 στενύγρην,
938 616 1030 656 ἀλλὰ
1062 615 1154 654 κατὰ
1171 613 1234 663 τὴν
1256 617 1354 668 εὐρυ-

308 686 478 738 γάστορα.
510 680 658 727 Ἐπειδὴ
688 678 842 732 χαλεπὸν
879 671 921 724 ἦν
957 678 1066 715 εἰπεῖν
1097 674 1189 715 κατὰ
1208 675 1270 723 τὴν
1291 675 1354 714 θά-

309 746 466 790 λασσαν,
507 743 662 783 κάκεῖνος
690 738 745 791 ᾔει
779 735 872 776 κατὰ
907 734 971 783 τὴν
1007 734 1188 774 θάλασσαν
1201 764 1214 784 ,
1249 733 1351 780 δόξαν

308 799 510 849 ἐνεποίησας
526 799 542 823 b
561 798 613 837 ὅτι
635 798 726 837 κατὰ
757 798 822 848 γῆν
853 794 966 834 εἰσίοι.
1002 793 1076 835 Καὶ
1103 794 1196 834 κατὰ
1217 794 1321 845 μέσον
1339 799 1355 818 ⁰

312 857 622 915 στρατοπεδεύεται
633 854 849 896 Ναυπάκτου
860 854 922 892 καὶ
941 853 1118 902 Ῥυπαίης
1133 852 1164 892 d.
1189 854 1262 893 Καὶ
1279 855 1354 892 δια·

307 919 453 964 κοντίζει
472 916 606 969 Κάρνον
627 914 779 961 ἱππότην
804 912 1016 967 Φυλάνδρου
1035 912 1093 951 τὸν
1111 911 1283 951 Αἰτωλόν·
1303 907 1354 963 εὖ,

309 978 386 1031 ἐμοὶ
406 978 526 1027 δοκεῖ,
548 976 667 1013 ποιῶν·
685 973 744 1012 καὶ
764 972 885 1020 ἐπειδὴ
913 970 1125 1024 συνεκύρησε
1139 970 1238 1016 νόσος
1263 972 1355 1020 πλη-

310 1039 368 1077 σία
385 1067 395 1088 ,
416 1035 475 1074 καὶ
489 1034 659 1075 ἀπέθανεν
680 1032 943 1086 Ἀριστόδημος,
961 1030 1067 1069 πάλιν
1092 1029 1352 1083 ἐπανεχώρουν,

310 1096 370 1135 καὶ
393 1098 411 1134 ὁ
431 1094 587 1146 Τήμενος
613 1091 721 1132 ἐλθὼν
755 1090 983 1144 ἀπεμέμφετο
1011 1093 1056 1143 τῇ
1085 1089 1274 1143 ἂποτυχία·
1295 1089 1356 1129 καὶ

309 1156 456 1203 ἤκουσεν
473 1152 526 1192 δ’τι
545 1152 669 1200 ποινὴν
685 1149 885 1202 ἀνεμάξατο
904 1153 964 1188 τοῦ
989 1149 1080 1188 θείου
1102 1149 1274 1201 ἀγγέλου,
1296 1148 1357 1187 καὶ

310 1216 349 1253 τὸ
369 1213 455 1266 ὑπὲρ
472 1216 533 1260 τ’ῆς
547 1213 652 1265 εὗχῆς
664 1209 858 1250 Ἀπόλλωνι
879 1207 1042 1262 Καρνείῳ
1059 1211 1075 1230 ⁶
1091 1207 1227 1259 ποίημα
1243 1207 1283 1248 τὸ
1300 1207 1357 1247 διὰ

310 1277 367 1312 τοῦ
386 1275 548 1326 χρησμοῦ
567 1271 681 1323 λέγον,
755 1265 757 1267 ’

414 1360 580 1413 Ἄγγελον
597 1358 768 1412 ἡμέτερον
789 1357 926 1402 κτείνας
942 1356 1119 1409 ἀνεμάξαο
1141 1356 1276 1404 ποινήν.

308 1455 355 1494 Τί
372 1449 442 1501 οὖν,
467 1469 570 1506 φησιν
590 1454 608 1491 ὁ
623 1451 807 1503 Τήμενος,
827 1449 861 1488 τί
880 1449 951 1503 χρὴ
971 1454 1104 1497 ποιεῖν;
1132 1450 1202 1489 Καὶ
1223 1451 1299 1495 πῶς
1316 1449 1357 1488 ἂν

309 1513 504 1565 ἷλασαίμην
523 1514 636 1564 ὑμᾶς,

417 1586 535 1643 Εὔχευ
557 1588 720 1643 Καρνείῳ
733 1586 861 1626 τελέειν
882 1586 988 1631 σε’ὅας
1004 1586 1208 1626 Ἀπόλλωνι.

311 1675 360 1720 Ὦ
391 1678 589 1732 μιαρώτατε
620 1677 681 1718 καὶ
719 1676 1015 1729 ἀναισχυντότατε
1053 1676 1170 1728 μάντι·
1204 1672 1266 1716 εἶτ’
1293 1680 1356 1717 οὔκ

309 1741 487 1790 ἠπίστασο
518 1740 571 1779 ὅτι
603 1736 882 1790 διαμαρτήσεται
916 1739 979 1784 τ’ῆς
1013 1735 1201 1788 στενύγρης
1236 1739 1254 1775 ὁ
1294 1736 1357 1784 τὴν

312 1800 500 1852 στενύγρην
530 1796 700 1845 ἀκούσας
733 1796 828 1835 Ἀλλ’
863 1795 960 1835 οὐδὲν
990 1790 1095 1842 ἧττον
1128 1796 1359 1845 ἐπιστάμενος

311 1926 345 1958 Is
362 1932 439 1956 vero
457 1931 514 1964 per
534 1922 698 1954 Isthmum
715 1920 864 1952 similiter
889 1919 1066 1960 irruptione
1084 1920 1207 1952 tentata
1224 1920 1258 1951 in
1277 1929 1361 1960 proe-

311 1984 355 2019 lio
370 1981 497 2016 cecidit.
542 1983 624 2014 Tum
639 1979 746 2012 infelix
767 1981 947 2018 Temenus,
973 1977 1071 2019 hujus
1087 1978 1181 2018 tilius,
1207 1987 1246 2011 eo
1266 1979 1362 2020 proti·

312 2042 456 2082 ciscitur,
473 2049 513 2073 ex
530 2039 803 2072 infortunatorum
828 2038 929 2079 stirpe
946 2037 1080 2078 tertius,
1107 2037 1165 2078 qui
1193 2038 1364 2078 praeceptis

312 2100 376 2134 tuis
391 2108 464 2142 quae
480 2101 513 2132 et
530 2097 755 2135 Aristomac-,ho
776 2096 858 2138 patri
879 2095 1014 2129 dederas
1038 2095 1211 2128 obsecutus
1223 2120 1233 2137 ,
1250 2095 1363 2128 eadem

313 2168 460 2201 quoque,
477 2158 555 2191 dum
571 2158 751 2199 irrumpere
768 2156 895 2197 nititur,
912 2157 1018 2188 morte
1035 2144 1211 2187 occumbit.
1230 2155 1291 2187 Hic
1302 2156 1338 2188 tu
1350 2178 1360 2195 ,

263 2261 266 2263 ,
314 2221 383 2252 Non
400 2227 455 2259 per
471 2217 647 2257 terrestris,
669 2216 798 2257 inquis,
814 2215 957 2252 itineris,
980 2213 1037 2247 sed
1057 2222 1112 2255 per
1125 2214 1199 2246 freti
1220 2213 1286 2247 late
1302 2222 1361 2255 pa-

314 2278 410 2310 tentis
426 2276 589 2317 angustias
604 2275 686 2308 dico.
721 2275 882 2313 Quoniam
903 2274 1076 2306 molestum
1095 2275 1164 2306 erat
1177 2298 1188 2315 ,
1208 2282 1263 2315 per
1276 2283 1366 2307 mare

315 2334 505 2367 nominatim
517 2334 641 2372 dicere,
663 2333 759 2374 idque
778 2333 805 2365 si
824 2333 965 2372 diceres,
992 2333 1140 2364 futurum
1162 2331 1296 2363 videbas
1317 2332 1366 2363 uti

317 2394 513 2427 maritimum
534 2393 595 2425 iter
616 2392 669 2425 ille
695 2391 924 2432 ingrederetur,
949 2391 1032 2423 hanc
1062 2391 1091 2423 ei
1112 2392 1252 2423 mentem
1284 2389 1367 2430 inje-

318 2453 409 2494 cisti,
432 2455 470 2485 ut
487 2451 628 2485 terrestri
642 2451 755 2483 itinere
769 2451 832 2482 sibi
852 2449 1121 2492 proficiscendum
1140 2450 1282 2490 putaret.
1304 2450 1368 2481 lta-

318 2522 381 2553 que
410 2511 492 2544 inter
520 2511 723 2551 Naupactum
753 2510 786 2542 et
813 2509 990 2550 Rhypaeam
1015 2509 1122 2540 castra
1154 2509 1310 2546 metatur,
1334 2508 1369 2540 et

319 2574 459 2604 carnum
486 2571 639 2612 equitem,
666 2568 842 2610 Phylandri
865 2568 985 2608 fitium,
1005 2576 1120 2609 genere
1146 2567 1301 2607 AEtolum,
1320 2566 1369 2607 ja-

320 2630 394 2662 culo
411 2629 538 2669 trajicit.
580 2631 646 2661 Nec
661 2628 796 2668 injuria,
814 2629 850 2660 ut
865 2627 945 2659 mihi
958 2627 1088 2669 quidem
1105 2626 1243 2659 videtur.
1261 2628 1369 2664 Quum

322 2691 429 2722 autem
449 2688 633 2730 repentinus
648 2687 756 2720 statim
772 2686 906 2719 morbus
925 2687 1114 2728 ingruisset,
1126 2694 1236 2727 ,eoque
1255 2686 1369 2727 periis-

323 2749 371 2780 set
384 2747 622 2786 Aristodemus,
645 2746 772 2787 illisque
792 2746 959 2786 propterea
981 2745 1141 2786 reversis,
1169 2745 1287 2778 iterum
1308 2746 1370 2777 Te-

323 2806 435 2839 m'enus
452 2807 491 2839 de
504 2806 679 2839 infortunio
700 2808 907 2847 quereretur,
922 2814 1114 2846 responsum
1140 2805 1232 2845 tulit,
1255 2814 1309 2838 eas
1328 2805 1370 2838 ab

324 2875 393 2898 sese
409 2866 452 2898 ob
471 2868 619 2898 necatum
638 2865 788 2897 nuntium
807 2864 952 2896 divinum
970 2873 1079 2905 poenas
1099 2865 1257 2905 expetitas
1277 2873 1348 2897 esse
1360 2890 1370 2905 ,

326 2925 487 2966 simulque
515 2932 645 2956 carmen
676 2923 821 2964 audivit,
852 2932 917 2964 quo
945 2925 1060 2955 votum
1089 2923 1228 2964 Apollini
1256 2924 1373 2957 Garnio

326 2992 511 3025 nuncupare
527 2983 690 3024 conceptis
702 2981 821 3014 oraculi
841 2981 950 3014 verbis
969 2981 1156 3023 jubebatur,
1179 2990 1181 2992 ’

409 3061 516 3102 Legati
535 3060 593 3092 has
613 3058 715 3092 nostri
729 3059 827 3091 solvis
847 3067 903 3099 pro
920 3059 1075 3099 sauguine
1098 3068 1218 3100 poenas.

328 3143 415 3181 Quid
430 3151 507 3185 ergo
533 3150 641 3175 rerum
655 3165 666 3181 ,
687 3141 792 3182 inquit
810 3142 991 3180 Temenus,
1019 3141 1123 3173 tacere
1148 3149 1200 3174 me
1225 3142 1372 3183 oportet?

329 3203 392 3236 Aut
404 3201 567 3243 quomodo
582 3209 641 3233 vos
658 3199 792 3241 placabo
802 3201 817 3231 P

414 3278 532 3312 Carnio
546 3280 679 3320 supplex
699 3277 819 3310 Phoebo
835 3285 924 3308 sacra
937 3276 1068 3318 concipe
1082 3279 1167 3308 vota.

333 3358 362 3388 0
382 3358 472 3389 vates
496 3357 725 3390 scelestissime
748 3357 845 3397 atque
865 3354 1159 3396 impudentissime!
1189 3355 1299 3386 itane?
1320 3363 1375 3387 ne-

335 3415 456 3446 sciebas
467 3439 477 3455 ,
493 3425 594 3457 quum
608 3416 751 3464 angustae
772 3414 892 3447 semitae
910 3422 1027 3446 nomen
1045 3413 1210 3454 audiisset,
1231 3413 1375 3445 summm

338 3473 372 3503 ut
385 3472 417 3504 in
430 3473 541 3506 itinere
559 3475 738 3507 deerraret?
751 3475 799 3506 Tu
816 3473 848 3505 id
871 3475 979 3522 tamen
995 3473 1094 3515 probe
1111 3472 1216 3505 sciens
1229 3471 1291 3504 hoc
1305 3480 1379 3504 ora-

1413 326 1524 374 χρᾷς,
1541 319 1662 360 ἔπειτα
1687 326 1852 375 περιορᾷς
1871 320 2170 374 διαμαρτάνοντα.
2193 320 2286 362 Ἀλλ’
2307 321 2460 376 ἀμφίδο-

1391 397 1394 403 ’
1414 380 1472 423 λος
1486 382 1508 427 ἡ
1530 379 1699 432 στενύγρη
1711 410 1723 428 ,
1748 379 1843 425 ὅπως
1859 380 2046 428 νικήσαντι
2066 380 2130 430 μὲν
2149 380 2256 426 αἴτιος
2283 374 2374 421 εἶναι
2398 383 2461 421 δο-
2517 420 2520 425 ,

1417 440 1479 492 κῇς
1498 437 1613 486 νίκης,
1641 438 1826 487 ἡττηθέντι
1862 438 1898 477 δὲ
1930 437 2038 490 μηδὲν
2059 438 2167 484 αἴτιος
2199 434 2290 479 εἶναι
2324 439 2456 492 ἥττης,

1417 497 1500 550 ἔχῃς
1519 496 1555 535 δὲ
1575 500 1766 551 ἀποφυγεῖν
1781 498 1839 537 ἐπὶ
1861 497 1923 545 τὴν
1947 497 2204 552 εὐρυγάστορα.
2261 498 2355 539 Ἀλλ’
2369 493 2456 547 ’ἧκεν

1415 557 1593 610 ἄνθρωπος
1609 557 1668 596 ἐπὶ
1694 557 1758 605 τὴν
1786 557 2044 611 εὐρυγάστορα,
2061 558 2123 597 καὶ
2138 559 2202 597 οὐκ
2221 558 2357 612 ἔτυχεν.
2384 557 2459 599 Εὖ-

1416 631 1518 669 ρηται
1534 616 1640 656 πάλιν
1658 618 1704 661 εἷς
1721 616 1905 671 ἀποφυγὴν
1929 616 2067 671 Κάρνος
2092 617 2237 670 ἄγγελος
2257 616 2459 659 ἀποθανών.

1418 674 1544 715 Καίτοι
1563 677 1655 724 πῶς,
1675 669 1705 714 ὦ
1717 676 1903 728 κράτιστε,
1920 678 1940 715 ὁ
1960 675 2149 728 κηδόμενος
2165 674 2259 715 οὕτω
2274 679 2336 716 τοῦ
2355 676 2463 730 Κάρ-

1418 749 1478 774 νου
1490 764 1505 785 ,
1526 734 1643 779 ἄλλοις
1662 734 1727 785 μὲν
1747 735 1851 775 αὐτὸν
1884 738 2121 789 θεοφορεῖσθαι
2141 734 2321 785 ἐκέλευες,
2346 736 2463 790 {aare}

1416 793 1452 832 δὲ
1483 792 1541 842 οὕ;
1572 794 1643 833 Καὶ
1662 794 1737 834 δέον
1759 793 1879 841 σώζειν
1905 794 1967 834 ἕνα
1989 794 2072 834 ὄντα
2102 794 2262 848 Κάρνον,
2297 794 2403 835 αὐτόν
2424 810 2465 835 τε

1415 855 1606 906 περιεῖδες,
1639 853 1699 892 καὶ
1727 853 1971 894 ἐναποθανόντι
1995 855 2098 908 ,αὐτῷ
2122 853 2324 907 Ὁμηρικὴν
2359 853 2459 895 νόσον

1416 912 1576 956 ἐνέὸαλες
1591 913 1639 957 εἷς
1669 912 1709 951 τὸ
1731 914 1882 960 πλῆθος,
1900 912 1965 952 καὶ
1981 912 2086 966 εὐχὰς
2105 913 2164 953 ἐπὶ
2189 915 2234 966 τῇ
2256 912 2350 967 νόσῲ
2366 916 2461 967 ἀφη·

1415 974 1501 1023 γοῦ;
1522 972 1568 1011 Ei
1587 970 1617 1010 δ’
1640 971 1825 1024 εὐχόμενος
1852 971 1950 1011 οὐδὲν
1981 971 2108 1021 ἤνυεν,
2128 972 2215 1011 ἄλλο
2242 987 2277 1011 τι
2297 971 2341 1011 ἂν
2359 970 2462 1017 ἐξεύ-

1419 1044 1512 1080 ροιτο
1527 1028 1540 1052 ¹
1557 1028 1640 1075 ἄκος
1658 1033 1708 1083 τῷ
1727 1033 1779 1083 σῷ
1801 1029 2020 1083 σοφίσματι,
2048 1029 2109 1069 καὶ
2139 1029 2297 1070 οὐδέποτ’
2319 1029 2364 1070 ἂν
2381 1029 2467 1079 ik(-

1423 1088 1523 1140 ξατε,
1546 1089 1578 1126 οἱ
1595 1088 1658 1141 μὲν
1689 1090 1905 1141 ἐρωτῶντες,
1936 1089 1977 1128 σὺ
2004 1088 2040 1128 δὲ
2060 1088 2308 1142 σοφιζόμενος,
2326 1088 2384 1129 ἵνα
2405 1089 2468 1129 καὶ

1420 1149 1543 1185 νικῶσι
1561 1147 1621 1186 καὶ
1639 1147 1854 1199 ἡττωμένοις
1872 1142 1913 1201 ᾗς
1930 1147 2114 1201 ἀφώρατος
2126 1150 2349 1201 κακουργῶν.
2367 1147 2468 1188 Ἱκα-

1421 1205 1479 1244 νὸν
1499 1205 1567 1258 γὰρ
1583 1206 1627 1251 ,τὸ
1654 1207 1765 1252 πάθος
1794 1206 1856 1245 καὶ
1884 1209 1908 1254 ἠ
1938 1205 2106 1257 ἐπιθυμία
2132 1206 2485 1261 παραὸουκολῆσαικ

1423 1267 1468 1310 ὡς
1486 1265 1570 1315 μηδ’
1589 1267 1619 1304 εἷ
1641 1265 1794 1318 χιλιάκις
1813 1266 1975 1319 σφαγεῗεν
1995 1267 2156 1305 ἀπιστεῖν
2171 1279 2226 1304 σοι
2242 1265 2417 1312 ποιῆσαι.-
2471 1282 2475 1286 ·

1473 1324 1620 1369 Τούτοις
1639 1324 1733 1370 ἄξιον
1750 1325 1961 1379 ἐπισυνάψαι
1977 1324 2022 1364 τὰ
2041 1323 2124 1377 περὶ
2150 1325 2318 1378 Κροῖσον.
2336 1322 2471 1367 Λυδίας

1421 1378 1520 1429 οὗτος
1535 1384 1778 1432 ἓὸασίλευσεν,
1802 1384 1931 1427 ἄνωθεν
1949 1385 1989 1423 ἐκ
2006 1385 2169 1423 παλαιῶν
2183 1383 2231 1428 εἷς
2249 1381 2351 1422 αὐτὸν
2365 1381 2470 1430 ἤκου·

1423 1459 1488 1483 σαν
1509 1444 1726 1497 παραλαὸὼν
1740 1443 1803 1492 τὴν
1828 1443 1956 1497 ἀρχήν·
1979 1437 2055 1482 εἶτά
2074 1459 2108 1481 τι
2124 1441 2230 1482 πλέον
2249 1444 2319 1482 τῶν
2339 1440 2471 1494 προγό-

1421 1518 1490 1541 νων
1510 1502 1741 1555 κατορθώσειν
1757 1502 1904 1547 ἐλπίσας
1917 1502 1995 1547 τοὺς
2015 1501 2111 1547 θεοὺς
2123 1501 2276 1541 εὗσεὸεἷν
2292 1501 2470 1551 διενοήθη,

1421 1562 1481 1600 καὶ
1501 1560 1557 1600 διὰ
1576 1561 1699 1615 πἐίρας
1715 1561 1825 1601 ἐλθὼν
1844 1562 2009 1600 ἁπάντων
2027 1561 2086 1600 τὸν
2100 1562 2135 1600 ἐν
2150 1561 2298 1614 Δελφοῖς
2309 1559 2471 1600 Ἀπόλλω

1423 1621 1621 1674 προκρίνει,
1651 1621 1804 1661 κᾶπειτα
1837 1624 2011 1674 κρατῆρσι
2042 1621 2104 1660 καὶ
2139 1620 2294 1664 πλίνθοις
2319 1621 2470 1672 χρυσαῖς

1423 1680 1660 1731 ἀναθημάτων
1697 1697 1735 1719 τε
1776 1682 1909 1734 μυρίων
1930 1681 2058 1727 πλήθει
2089 1678 2274 1731 κοσμήσας
2301 1678 2343 1718 τὸ
2378 1678 2469 1732 ἱερὸν

1421 1741 1490 1778 τῶν
1507 1744 1689 1792 πανταχοῦ
1706 1743 1769 1792 γῆς
1788 1741 1821 1779 ἐν
1837 1740 1943 1792 ὀλίγῳ
1963 1738 2080 1792 χρόνῳ
2097 1737 2360 1779 πλουσιώτατον
2387 1738 2474 1777 ἀπέ-

1424 1815 1551 1851 φηνεν,
1588 1800 1659 1838 οὔδ’
1679 1798 1746 1838 ὅσα
1776 1799 1860 1851 πρὸς
1882 1797 2002 1842 θυσίας
2022 1797 2163 1851 ἐξήρκει
2184 1797 2402 1852 παραλιπὼν
2430 1799 2475 1850 τῇ

1424 1923 1533 1955 culum
1554 1923 1639 1963 edis,
1659 1922 1816 1964 illumque
1838 1923 1949 1963 postea
1969 1921 2119 1955 deerrare
2135 1921 2224 1954 sinis.
2259 1923 2312 1956 :At
2328 1922 2479 1964 ambigna

1424 1981 1514 2014 callis
1530 1982 1660 2022 angusti
1679 1991 1744 2014 vox
1772 1990 1810 2014 eo
1828 1981 1950 2022 valuit,
1967 1982 2004 2014 ut
2020 1981 2050 2013 si
2071 1981 2237 2022 vinceret,
2255 1981 2400 2015 victoriae
2417 1991 2478 2015 au·

1425 2044 1496 2073 ctor
1515 2041 1688 2081 haberere;
1706 2041 1757 2074 sin
1768 2041 1963 2081 vinceretur,
1979 2048 2110 2072 causam
2126 2039 2224 2081 huius
2241 2040 2340 2073 cladis
2353 2040 2476 2078 nullam

1424 2100 1618 2142 sustineres,
1643 2100 1702 2132 sed
1728 2097 1839 2141 posses
1857 2099 1899 2132 ad
1923 2098 2022 2132 maris
2038 2099 2102 2131 tate
2127 2098 2266 2140 patentis
2288 2098 2477 2140 interpreta-

1424 2159 1546 2191 tionem
1560 2158 1742 2200 consugere.
1787 2159 1909 2191 Verum
1920 2157 1999 2190 adiit
2015 2156 2114 2189 homo
2129 2164 2219 2189 mare
2239 2156 2326 2190 istud
2338 2156 2405 2190 late
2424 2166 2479 2198 pa·
2534 2186 2537 2188 .

1425 2219 1508 2257 tem,
1524 2226 1584 2250 nec
1601 2219 1711 2250 tamen
1721 2217 1788 2250 voti
1804 2225 1937 2258 compos
1945 2216 2048 2249 tactus
2060 2215 2120 2248 est.
2134 2214 2196 2248 Hic
2211 2223 2326 2248 rursus
2337 2214 2494 2248 alterum·

1425 2277 1577 2310 invenisti
1593 2275 1956 2317 deverticulum,carni
1971 2275 2076 2308 nuntii
2097 2274 2232 2307 caedem.
2255 2275 2298 2307 At
2314 2274 2480 2316 quomodo

1428 2337 1556 2375 tamen,
1577 2335 1711 2367 deorum
1733 2336 1875 2383 optime,
1894 2335 1931 2367 tu
1951 2333 2006 2377 qui
2024 2342 2081 2374 pro
2094 2333 2200 2365 carno
2219 2331 2300 2366 adeo
2316 2331 2474 2366 sollicitus

1427 2401 1508 2433 eras,
1519 2393 1656 2425 aliorum
1670 2401 1766 2424 causa
1781 2391 1891 2424 divino
1903 2393 2055 2431 instinctu
2070 2391 2223 2424 concitari
2239 2391 2482 2436 eum-rolnisti..

1429 2452 1562 2484 noluisti
1581 2454 1659 2484 sua?
1684 2450 1874 2491 Quomodo,
1896 2451 2037 2482 Carnum
2059 2449 2216 2482 duntaxat
2234 2457 2335 2482 unum
2361 2449 2481 2482 servari

1430 2520 1531 2553 quum
1557 2511 1736 2552 oporteret,
1755 2518 1830 2543 eum
1846 2509 1975 2542 interire
1995 2518 2110 2551 passus
2127 2517 2183 2549 es,
2208 2517 2246 2541 ac
2266 2511 2397 2550 propter
2412 2507 2482 2550 eJns

1431 2570 1597 2603 interitum
1616 2573 1648 2603 et
1667 2566 1869 2602 Homericam
1899 2569 1988 2601 illam
2015 2568 2050 2601 in
2065 2568 2245 2600 exercitum
2262 2566 2477 2608 pestilentiam

1429 2630 1612 2670 immisisti,
1633 2630 1666 2662 et
1679 2629 1784 2662 certas
1797 2628 2040 2660 averruncando
2054 2626 2169 2659 morbo
2188 2634 2297 2666 preces
2309 2625 2455 2659 indixisti
2465 2627 2482 2659 ἰ·

1431 2688 1558 2726 Quibus
1580 2688 1632 2721 ille
1648 2689 1676 2721 si
1698 2688 1778 2721 nihil
1799 2687 2007 2730 profecisset,
2038 2685 2123 2719 aliud
2148 2685 2302 2718 continuo
2322 2683 2480 2726 effugium

1431 2749 1619 2790 sophismati
1633 2742 1690 2781 tuo
1708 2750 1874 2790 repertum
1891 2748 1993 2787 esset,
2013 2747 2176 2787 finemque
2192 2745 2317 2779 nullum
2335 2753 2480 2786 unquam
2507 2738 2510 2741 ⁴

1433 2808 1606 2848 fecissetis,
1620 2807 1806 2841 consulendi
1830 2806 1959 2848 quidem
1986 2805 2047 2846 illi,
2074 2806 2110 2838 tu
2126 2813 2205 2838 vero
2233 2803 2423 2844 cavillandi,
2440 2812 2484 2836 ne

1432 2877 1490 2900 seu
1511 2854 1676 2900 vincerent
1711 2875 1767 2899 seu
1796 2866 2001 2898 vincerentur
2029 2864 2150 2896 traudis
2173 2863 2360 2896 manifestus
2385 2863 2481 2907 tores.

1434 2926 1562 2968 Quippe
1590 2927 1671 2960 satis
1706 2925 1839 2957 omnino
1874 2923 1991 2955 virium
2021 2922 2060 2954 ad
2093 2921 2165 2954 illos
2202 2920 2358 2953 fallendos
2384 2919 2484 2952 animi

1435 2987 1630 3030 perturbatio
1658 2989 1692 3019 et
1715 2984 1872 3027 cupiditas
1892 2983 2076 3023 habuisset,
2106 2982 2152 3014 ita
2173 2981 2209 3013 ut
2230 2987 2400 3020 nunquam
2426 2986 2483 3011 eos

1435 3048 1532 3080 fidem
1562 3046 1640 3086 tihi,
1665 3045 1716 3078 vel
1743 3044 1770 3077 si
1789 3043 1903 3077 millies
1933 3041 2102 3084 jugulandi
2122 3040 2246 3079 essent,
2272 3047 2336 3071 non
2368 3037 2485 3076 habere

1437 3107 1610 3148 pateretur.
1676 3094 1678 3096 V

1479 3171 1537 3203 His
1560 3178 1690 3211 aequum
1714 3171 1762 3202 ost
1788 3176 1847 3200 nos
1867 3166 2062 3207 subjungere
2083 3173 2120 3197 ea
2146 3172 2219 3205 quac
2246 3165 2357 3196 Groeso
2373 3165 2485 3203 postea

1437 3236 1649 3277 contigerunt.
1693 3232 1859 3273 Regnabat
1882 3232 1909 3264 is
1930 3231 1964 3263 in
1982 3230 2103 3272 Lydia,
2127 3229 2246 3270 quippe
2269 3227 2324 3268 qui
2352 3236 2371 3259 a
2392 3226 2487 3269 prio-—

1439 3295 1530 3327 ribus
1542 3293 1720 3334 accepisset
1731 3291 1920 3332 imperium,
1943 3290 2038 3330 longa
2056 3295 2215 3320 annorum
2231 3285 2311 3317 serie
2327 3292 2485 3325 propaga-

1438 3355 1524 3392 tum,
1566 3352 1658 3385 Idem
1676 3352 1709 3383 in
1732 3350 1862 3390 majoris
1879 3357 1980 3390 quam
1992 3356 2056 3388 qua
2068 3346 2113 3378 illi
2129 3343 2306 3377 floruerant
2324 3342 2483 3375 felicitatis

1440 3421 1529 3453 spem
1540 3413 1678 3446 erectus,
1696 3409 1843 3450 religiose
1867 3408 1946 3440 deos
1962 3407 2066 3439 colere
2083 3404 2250 3438 statuerat.
2294 3404 2408 3443 Itaque
2431 3410 2487 3434 ex·
2546 3412 2549 3414 ·

1443 3471 1566 3513 plorato
1581 3469 1727 3503 omnium
1754 3468 1908 3507 numine,
1928 3465 2120 3507 Delphicum
2151 3460 2331 3503 Apollinem
2359 3461 2486 3498 cunctis
