2606 3828
359 257 434 288 268

357 350 400 373 ac
422 337 568 386 figuris,
591 337 680 386 quia
697 336 745 373 ab
767 336 918 373 incunte
937 334 1190 371 adolescentia
1212 334 1251 371 id
1267 347 1386 371 unum

356 403 485 442 egerat
499 395 666 445 Cynicus
681 425 690 440 ,
712 403 751 430 ut
780 394 930 440 (iorgiae
947 406 1060 441 quam
1085 392 1312 429 simillimus
1332 393 1390 430 vi·

361 454 517 491 deretur
535 454 626 505 (92).
648 453 816 502 Namque
832 452 870 487 in
896 449 1063 497 dialogis
1085 462 1191 498 euni,
1211 450 1390 500 inprimis

357 512 398 550 in
425 512 527 549 libro
545 512 592 549 de
611 511 775 547 Vei-itate
805 518 917 558 atque
952 508 991 545 in
1014 507 1360 547 admonitionibus
1376 539 1387 557 ‚

357 571 526 608 oratorio
558 568 709 606 dicendi
743 579 879 616 genere
908 578 1018 602 usum
1047 578 1130 603 esse
1162 566 1390 604 testificatur

355 629 547 677 Diogenes
567 627 756 664 Laertius.
780 624 907 674 Neque
931 633 1055 661 tamen
1076 625 1294 662 verisimile
1307 634 1387 673 est,

357 687 619 724 Antisthenen]
646 684 691 721 ad
723 683 844 721 solum
865 682 1049 731 Gorgiam
1086 684 1313 722 imitandum
1352 698 1390 723 se

357 746 583 790 contulisse,
615 742 679 780 sed
697 743 840 792 optima
871 754 1032 791 quaeque
1061 741 1109 779 ab
1152 743 1240 780 aliis
1274 743 1388 780 etiam

356 812 568 841 mutuatum
590 814 733 839 novum
756 813 828 851 pro
851 813 921 837 suo
938 801 1096 849 ingenio
1116 802 1306 839 sermonis
1327 814 1390 850 ge-

356 877 428 901 nus
449 861 644 900 effinxisse
669 859 926 908 suspicamur.
961 858 1061 896 llinc
1095 859 1275 910 frequens
1306 859 1390 910 ejus

356 920 458 970 apud
484 919 655 956 rhetores
674 926 711 955 et
729 917 1001 966 grammaticos
1032 917 1177 954 mentio
1206 918 1273 968 qui
1301 930 1388 955 eum

355 990 450 1028 pure
482 986 518 1014 et
545 976 737 1025 eleganter
773 975 975 1026 scripsisse
1006 974 1199 1025 judicant.
1238 976 1390 1014 Aristo-

355 1037 445 1074 teles
465 1036 542 1087 (93)
565 1035 605 1072 in
625 1034 738 1072 libris
766 1034 970 1072 rhetoricis
992 1035 1250 1073 translationis
1267 1048 1390 1072 exem-

353 1094 458 1145 plum
481 1107 529 1131 ex
558 1093 781 1131 Antisthene
801 1093 960 1143 profert.
984 1092 1088 1130 Idem
1118 1094 1190 1142 (94)
1216 1093 1256 1129 in
1278 1093 1390 1130 tertio

353 1153 400 1190 de
430 1151 642 1203 Republica
667 1151 867 1188 volumine
898 1163 1094 1201 exponens
1134 1151 1174 1187 in
1209 1151 1387 1198 civitate,

353 1225 435 1261 quae
455 1210 502 1248 ab
522 1209 775 1261 optimatibus
808 1218 980 1258 regatur,
1002 1209 1121 1246 nullis
1149 1222 1215 1246 eos
1239 1209 1392 1258 legibus

354 1271 495 1316 teneri,
515 1269 750 1319 Cynicorum
774 1268 966 1318 principis
990 1268 1037 1304 de
1067 1266 1247 1304 leonibus
1276 1276 1314 1305 et
1334 1267 1388 1305 le-

352 1327 512 1378 poribus
526 1327 854 1364 narratiunculam
875 1335 1159 1364 commemorat.
1178 1326 1392 1377 Dionysius

352 1386 699 1424 Ilalicarnassensis
733 1384 810 1437 (95)
842 1384 1111 1422 sublimiorem
1147 1384 1391 1435 Thucydidis
1421 1391 1423 1418 l

355 1446 570 1483 orationem
591 1457 677 1482 cum
695 1444 810 1481 attico
828 1444 936 1490 stilo,
957 1444 1082 1493 qualis
1101 1445 1142 1481 in
1165 1452 1390 1482 caeterorum

358 1505 426 1554 qui
444 1504 538 1542 belli
566 1503 884 1554 Peloponnesiaci
904 1511 1075 1554 tempore
1094 1502 1275 1540 vixerunt
1295 1504 1391 1541 scri-

310 1569 313 1573 '
353 1571 508 1614 ptorum
532 1561 644 1599 libris
667 1562 759 1609 fuit,
784 1575 1010 1612 comparans
1046 1562 1273 1598 nominatim
1301 1563 1392 1600 citat

355 1619 615 1666 Andocidem,
653 1619 928 1669 Antiphontem
945 1648 955 1666 ,
989 1619 1144 1669 Lysiam
1160 1647 1170 1665 ‚
1206 1619 1389 1667 Critiam,

354 1678 650 1729 Xenophontem
663 1706 673 1724 ,
696 1678 975 1716 Antisthenem.
1004 1678 1221 1716 Demetrius
1241 1679 1390 1717 Phale-

354 1751 443 1776 reus
467 1738 545 1787 (96)
566 1737 767 1785 gravitatis
793 1737 1025 1774 effectricem
1048 1750 1182 1774 vocem
1210 1738 1391 1786 gravissi-

356 1809 457 1834 mam
491 1796 532 1832 in
560 1795 637 1832 fine
659 1795 824 1845 positam
843 1807 925 1832 esse
950 1794 1091 1832 docens
1106 1824 1116 1841 ,
1145 1795 1239 1844 quia
1257 1795 1394 1832 mediae

357 1853 615 1891 enuntiationi
634 1854 776 1890 inserta
806 1852 1026 1899 hebetetur,
1063 1853 1301 1891 Antisthenis
1334 1853 1393 1891 di-

357 1922 459 1951 ctum
476 1911 668 1962 quoddam
686 1911 816 1950 refert.
835 1911 1030 1962 Epictetus
1047 1912 1127 1963 (97)
1149 1912 1394 1950 Platonicum

357 1980 394 2009 et
411 1970 728 2020 Xenophonteum
750 1970 940 2007 sermonis
962 1983 1081 2019 genus
1101 1984 1187 2007 cum
1202 1970 1396 2008 Antisthe-

357 2042 430 2067 neo
455 2028 689 2066 contendens
720 2042 729 2065 ι
761 2030 989 2078 θαυμαστῶς,
1023 2029 1176 2078 inquit,
1217 2029 1396 2080 ἄνθρωπε,

357 2087 517 2140 γράφεις,
543 2087 603 2126 καὶ
632 2085 674 2125 σὺ
707 2086 865 2136 μεγάλως
891 2088 937 2130 εἷς
958 2086 1015 2123 τὸν
1038 2087 1261 2137 Ξενοφῶντος
1280 2102 1395 2140 χαρα-

359 2150 491 2198 κτῆρα,
511 2144 551 2183 σὺ
569 2148 616 2188 εἷς
640 2144 698 2183 τὸν
717 2145 922 2192 Πλάτωνος,
940 2144 981 2182 σὺ
1005 2146 1051 2187 εἷς
1067 2145 1124 2182 τὸν
1147 2145 1392 2190 Ἀντισθένους.

359 2263 407 2301 ba
434 2262 565 2301 verbis
591 2263 763 2300 Platonis
787 2272 824 2300 et
848 2262 1117 2314 Xenophontis
1140 2271 1178 2301 et
1197 2264 1397 2302 Antisthe-

360 2323 422 2360 nis
440 2322 667 2373 anteponis?
687 2339 702 2355 »
728 2331 766 2359 et
784 2322 982 2371 Longinus
996 2321 1075 2373 (99)
1095 2323 1163 2372 qui
1183 2323 1395 2360 AEschinem
1428 2326 1429 2330 ’

361 2380 520 2431 adjicit:
550 2397 566 2414 «
586 2381 635 2432 τῷ
655 2379 717 2429 μὲν
743 2380 810 2431 γὰρ
831 2380 996 2419 Πλάτωνι
1016 2381 1076 2418 καὶ
1103 2382 1153 2432 τῷ
1181 2383 1396 2434 Ξενοφῶντι,

360 2438 508 2490 Αἰσχίνῃ
553 2453 591 2476 τε
633 2438 693 2475 καὶ
730 2437 932 2476 Ἀντισθένει
965 2440 1134 2491 περιττῶς
1183 2440 1393 2488 διαπεπόνη-

362 2512 420 2534 ται
439 2496 498 2534 καὶ
519 2498 644 2538 ἱκανῶς
663 2496 858 2548 ἧκρίὸωται
884 2515 915 2536 ν.
947 2499 1070 2536 Porro
1090 2499 1270 2538 Julianus
1294 2499 1397 2550 (100)

364 2556 410 2593 de
434 2555 645 2594 fabularum
666 2568 739 2593 usu
758 2558 797 2592 in
812 2557 1088 2595 controversiis
1107 2558 1244 2596 ethicis
1263 2559 1398 2609 dispu-

366 2682 405 2689 ..-
420 2662 485 2703 (92)
508 2661 645 2699 Quidam
666 2661 735 2701 ejus
756 2662 925 2694 verborum
944 2663 1032 2695 lusus
1053 2665 1196 2697 redolent
1224 2666 1399 2706 sophistas.

367 2709 441 2740 Vid.
469 2709 576 2747 fragm.
605 2709 654 2739 77.
674 2711 725 2739 93.
749 2711 800 2739 95.
827 2710 896 2747 Huc
922 2710 1058 2750 pertinet
1092 2712 1186 2742 etiam
1223 2712 1301 2743 illud
1328 2720 1401 2752 apo·

368 2756 547 2796 phlhegma,
557 2754 641 2794 quod
653 2755 806 2794 Diogenes
818 2756 960 2787 Laertius
970 2757 1024 2788 lib.
1039 2758 1094 2794 VI,
1103 2760 1140 2788 24
1158 2758 1288 2798 Diogeni
1303 2757 1400 2790 Sino-

368 2802 470 2842 pensi,
487 2801 678 2832 Plutarchus
691 2800 730 2832 de
748 2801 845 2833 Stoic.
866 2811 996 2842 repugn.
1013 2804 1101 2842 XIV,
1116 2805 1132 2834 7
1147 2805 1307 2836 similibus
1324 2815 1400 2837 ver-

370 2849 417 2880 bis
433 2846 612 2879 Antistheni
626 2847 765 2886 assignat
781 2860 789 2878 :
808 2849 849 2883 ei:
859 2850 910 2879 τὸν
923 2850 988 2889 βίον
1009 2851 1256 2890 παρεσκευάσθαι
1274 2854 1335 2885 δεῖν
1348 2853 1402 2885 λό-

370 2906 425 2934 γον
439 2896 458 2932 ἢ
471 2894 646 2935 βρόχον.-
660 2894 724 2931 (93)
747 2894 821 2926 Vid.
844 2895 955 2934 fragm.
983 2899 1033 2927 68.
1055 2915 1095 2921 -
1114 2898 1178 2938 (94)
1196 2899 1269 2931 vid.
1291 2901 1402 2941 fragm.

371 2945 422 2973 (3ss,
438 2957 480 2964 -
496 2940 561 2979 (95)
580 2940 755 2979 Dionysius
781 2940 1063 2973 Halicarnassensis
1088 2944 1118 2974 iu
1141 2945 1215 2976 Jud.
1237 2946 1277 2978 de
1300 2947 1401 2980 Thuc.

370 2996 439 3028 cap.
459 2989 494 3018 51
508 2995 538 3026 p.
556 2987 613 3017 941
628 2986 678 3017 ed.
697 2986 802 3017 Reisk.
819 2999 827 3018 ε
843 2988 916 3027 πρὸς
932 2988 964 3019 δὲ
978 2991 1047 3025 τοὺς
1063 2990 1111 3021 ἐπὶ
1130 2991 1181 3022 τὸν
1194 2993 1321 3034 ἀρχαῖον
1337 2995 1403 3034 βίον

370 3034 572 3074 ἀναφέροντας
581 3032 635 3069 τὴν
648 3032 838 3064 Θουκυδίδου
850 3034 1019 3073 διάλεκτον,
1039 3038 1079 3071 ὡς
1089 3037 1125 3074 δὴ
1135 3041 1197 3074 τοῖς
1208 3040 1278 3070 τότε
1288 3039 1405 3081 ἀνθρώ-

370 3092 439 3116 ποις
448 3079 544 3111 οὖσαν
562 3078 688 3116 συνήθη,
703 3080 818 3120 βραχὺς
833 3079 975 3123 ἀπόχρη(
985 3082 1030 3112 sic
1046 3083 1104 3122 leg.
1125 3093 1180 3123 pro
1201 3086 1331 3126 ἀπέχρη)
1352 3098 1404 3127 μοι

370 3128 460 3166 λόγος
474 3127 527 3158 καὶ
544 3126 662 3166 σαφής,
679 3125 726 3156 ὅτι
737 3148 746 3164 ,
763 3127 884 3157 πολλῶν
899 3129 1070 3167 γενομένων
1091 3131 1233 3168 Ἀθήνησι
1256 3134 1337 3164 κατὰ
1352 3135 1404 3166 τὸν

372 3173 664 3210 Πελοποννησιακὸν
681 3171 816 3212 πόλεμον
838 3174 972 3214 ῥητόρων
994 3186 1026 3206 τε
1044 3177 1098 3206 καὶ
1111 3178 1291 3217 φλοσόφων,
1308 3180 1405 3217 οὐδεὶς

373 3221 474 3252 αὐτῶν
492 3220 639 3260 κέχρηται
656 3218 753 3260 ταύτῃ
770 3223 809 3259 τῇ
833 3220 1002 3261 διαλέκτῳ,
1022 3221 1084 3254 οὐδ’
1101 3225 1131 3254 οἱ
1147 3226 1215 3265 περὶ
1235 3225 1405 3265 Ἀνδοκίδην

371 3268 424 3298 καὶ
442 3269 624 3304 Ἀντιφῶντα
645 3266 699 3297 καὶ
715 3267 835 3298 Λυσίαν
850 3268 982 3309 ῥήτορες,
1002 3268 1065 3299 οὗθ’
1085 3272 1114 3300 οἱ
1130 3272 1198 3311 περὶ
1216 3273 1341 3313 Κριτίαν
1353 3275 1405 3305 καὶ

372 3315 543 3351 Ἀντισθένη
557 3314 614 3345 ,καὶ
632 3313 816 3354 Ξενοφῶντα
838 3316 1039 3355 Σωκρατικοί.
1058 3334 1096 3339 --
1120 3319 1184 3356 (90)
1202 3319 1273 3350 Vid.
1295 3321 1331 3351 fr.
1355 3325 1405 3353 67.

374 3378 415 3383 ψ-
429 3361 494 3401 (97)
514 3359 674 3399 Epictetus
701 3361 833 3392 Dissert.
855 3363 907 3401 11,
936 3365 983 3398 17,
1003 3366 1052 3394 35.
1075 3381 1117 3386 —-
1136 3363 1200 3403 (98)
1224 3365 1340 3396 Fronto
1368 3366 1408 3397 de

376 3408 457 3448 eloq.
482 3417 512 3448 p.
531 3410 570 3439 86
592 3408 642 3439 ed.
665 3408 816 3440 Niebuhr.
834 3425 877 3430 -
901 3411 966 3447 (99)
985 3410 1144 3449 Longinus
1170 3412 1238 3452 περὶ
1261 3413 1407 3453 εὑρέσεως

379 3454 412 3484 ἰη
428 3454 557 3486 Rhetor.
578 3455 634 3485 Gr.
650 3454 712 3486 vol.
726 3457 770 3487 IX
790 3464 821 3495 p.
840 3459 899 3488 559
918 3455 955 3487 ed
975 3457 1078 3489 Watz.
1098 3477 1140 3484 --
1161 3458 1245 3500 (too)
1264 3460 1409 3491 Julianus

1081 246 1386 285 CYNlCORUM
1418 246 1751 286 FRAGMENTA.

1450 335 1802 381 tans‚sententiam
1837 345 1943 371 suam
1983 331 2220 382 optimorum
2254 332 2487 384 scriptorum

1450 391 1743 442 Xenophontis,
1774 390 1969 437 Platonis,
2003 389 2245 429 Antisthenis
2266 390 2490 430 auctoritate

1449 459 1486 488 et
1504 451 1682 502 exemplo
1702 450 1922 488 confirmat.
1944 447 2010 486 Ait
2039 447 2169 486 enim:
2195 465 2211 483 α
2237 449 2276 487 οὗ
2308 448 2379 500 μὴν
2398 447 2490 487 ἀλλὰ

1450 507 1510 546 καὶ
1545 508 1712 559 Ξενοφῶν
1741 505 1980 560 φαίνεταικαὶ
2010 504 2222 554 Ἀντισθένης
2243 506 2304 546 καὶ
2338 506 2490 546 Πλάτων

1449 567 1760 619 προσχρησάμενος
1784 566 1965 617 πολλαχοῦ
1995 570 2066 609 τοῖς
2105 563 2236 615 μύθοις.
2269 582 2286 599 ²·
2316 565 2490 615 Phryni-

1451 625 1546 663 chus
1568 625 1674 678 (101)
1697 624 1865 675 denique
1886 624 2160 673 grammaticus
2192 624 2283 675 puri
2315 631 2354 663 et
2383 624 2491 663 attici

1455 684 1648 722 sermonis
1669 696 1845 721 normam
1864 695 1908 721 ac
1925 683 2096 733 regulam
2123 682 2347 734 optimaque
2364 694 2493 721 exem·

1450 742 1536 792 pla,
1569 751 1708 793 praeter
1745 741 1944 779 Platonem
1974 749 2012 780 et
2055 741 2374 794 Demosthenem,
2411 750 2492 780 tum

1450 799 1609 838 Critiam
1631 799 1854 838 Callaeschri
1874 799 2014 847 filium,
2038 807 2118 838 tum
2138 800 2238 838 duos
2255 799 2494 839 Antisthenis

1449 858 1573 897 libros
1595 859 1642 896 de
1662 859 1766 909 Cyro
1792 871 1836 896 ac
1861 858 1908 896 de
1932 858 2105 909 Odyssea
2124 867 2249 899 vocat.
2282 858 2424 897 Verum
2451 858 2494 897 in

1450 917 1521 955 hac
1549 926 1655 955 tanta
1690 917 1880 966 elegantia
1913 918 2128 969 peculiares
2156 916 2345 968 quasdam
2376 929 2495 956 voees

1450 977 1654 1027 usurpavit
1675 976 1945 1023 Antisthenes,
1964 989 2061 1027 quas
2080 976 2286 1025 diligenter
2304 988 2495 1025 gramma-

1451 1035 1517 1073 tici
1532 1035 1804 1086 explicuerunt
1829 1034 1959 1087 (τοο),
1977 1043 2020 1072 ut
2038 1035 2100 1072 vel
2123 1034 2215 1072 hinc
2234 1033 2494 1084 colligendum

1450 1093 1520 1141 sit,
1552 1094 1707 1144 qualem
1750 1102 2016 1144 quantumque
2045 1093 2273 1144 scriptorem
2305 1092 2496 1144 Cynicum

1450 1152 1774 1192 existimaverint.

1509 1210 1569 1247 Ad
1591 1210 1822 1259 eloquentiae
1846 1210 1994 1248 lumina
2024 1208 2169 1262 quibus
2199 1222 2353 1249 omnem
2377 1218 2496 1248 mate·

1450 1269 1548 1306 riam
1579 1278 1785 1307 ornaverat
1812 1269 2055 1307 Antisthenes
2091 1268 2296 1308 accedebat
2323 1269 2495 1320 ipsarum

1451 1341 1595 1375 rerum,
1615 1329 1656 1366 in
1674 1322 1818 1379 quibus
1838 1328 2094 1366 versabantur
2112 1328 2198 1379 ejus
2213 1327 2495 1374 commentarii,

1452 1388 1626 1436 gravitas
1654 1396 1691 1425 et
1711 1387 1903 1438 majestas.
1924 1387 2059 1438 ltaque
2091 1387 2196 1424 Zeno
2225 1385 2380 1424 Stoicus
2407 1398 2495 1423 eum

1453 1455 1587 1483 contra
1601 1445 1898 1484 obtrectatorem
1911 1445 2107 1493 defendit,
2125 1458 2251 1496 neque
2265 1458 2351 1496 quae
2366 1445 2497 1483 minus

1451 1503 1570 1551 bene,
1593 1505 1659 1543 sed
1688 1519 1772 1555 quae
1792 1504 1892 1542 bene
1917 1505 2061 1542 dixerit
2080 1504 2246 1555 spectari
2266 1504 2351 1541 vult
2374 1504 2495 1554 (103).

1452 1562 1724 1613 Theopompus
1750 1575 1847 1600 vero
1868 1562 1990 1600 Chius
2017 1561 2123 1614 (¹04)
2156 1562 2260 1600 hunc
2293 1561 2420 1599 solum
2449 1574 2499 1599 ex

1453 1621 1636 1659 omnibus
1655 1621 1863 1659 Socraticis
1893 1620 1941 1658 ad
1967 1621 2107 1658 coelum
2128 1619 2310 1659 laudibus
2337 1619 2497 1670 extulit,

1453 1677 1670 1716 attribuens
1697 1678 1732 1715 ei
1755 1674 2005 1727 temperatam
2027 1678 2230 1715 suavitate>
2246 1674 2496 1726 gravitatem,

1423 1787 1424 1790 Ἰ
1453 1749 1530 1786 qua
1559 1735 1769 1786 quemlibet
1802 1735 1850 1772 ad
1870 1748 1978 1773 suam
2014 1735 2239 1772 sententiam
2258 1734 2496 1782 traduceret,

1423 1816 1425 1832 ι
1453 1794 1598 1845 hasque
1613 1795 1775 1832 virtutes
1791 1793 1905 1831 etiam
1928 1794 1970 1830 in
1996 1794 2151 1843 scriptis
2169 1791 2254 1843 ejus
2274 1805 2498 1844 comparere

1454 1852 1644 1902 Diogenes
1673 1853 1847 1890 Laertius
1871 1860 2045 1890 testatur.
2074 1851 2178 1896 Quin
2211 1852 2327 1890 etiam
2359 1851 2490 1898 'lfheo-

1424 1933 1426 1951 l
1455 1925 1621 1963 pompus
1639 1912 1734 1949 adeo
1750 1911 1940 1962 Cynicum
1962 1910 2177 1948 admiratus
2190 1918 2262 1958 est,
2276 1918 2320 1948 ut
2337 1918 2496 1949 caeteros

1458 1979 1625 2019 agrestes
1646 1984 1724 2021 prae
1753 1970 1824 2012 illo
1851 1978 1988 2020 putare
2006 1969 2219 2007 videretur.
2249 1968 2360 2008 Serio
2388 1969 2492 2007 enim

1456 2029 1655 2067 Platonem
1675 2030 1715 2066 in
1736 2029 1936 2067 nonnullis
1957 2028 2122 2077 dialogis
2143 2026 2383 2067 Antisthenis
2407 2027 2500 2066 scri·

1458 2089 1523 2125 nia
1543 2089 1775 2139 compilasse
1797 2086 1994 2125 contendit
2018 2086 2143 2137 (105).
2176 2086 2290 2132 Quod
2317 2087 2497 2138 quamvis

1427 2183 1428 2193 ,
1457 2160 1570 2184 nemo
1590 2147 1721 2184 credat
1734 2175 1743 2193 ,
1773 2156 1899 2184 tamen
1919 2154 2063 2196 quanta
2085 2145 2187 2196 apud
2207 2145 2364 2183 Graecos
2383 2145 2498 2183 Anti-

358 2204 543 2243 Similiter
557 2204 699 2242 Fronto
714 2203 791 2255 (98)
807 2218 815 2240 :
834 2221 849 2237 «
865 2204 1027 2241 Diodori
1045 2213 1085 2241 tu
1097 2212 1135 2241 et
1146 2205 1302 2242 Alexini
1313 2218 1396 2242 ver·
1427 2200 1428 2209 ¹

1458 2205 1604 2244 sthenis
1619 2206 1826 2244 auctoritas
1846 2205 1984 2255 fuerit,
2006 2204 2153 2242 indicio
2178 2212 2247 2243 est.
2270 2203 2374 2242 Idem
2390 2203 2497 2256 judi-

1458 2265 1621 2302 candum
1646 2265 1693 2302 de
1712 2263 1898 2314 Diogenis
1916 2263 2061 2301 Laertii
2080 2263 2166 2300 loco
2180 2291 2191 2311 ,
2213 2262 2283 2300 ubi
2301 2262 2510 2301 AEschines'
2526 2287 2529 2289 -

1459 2323 1674 2360 Socraticus
1693 2322 1802 2360 lectis
1822 2322 2056 2372 quibusdam
2080 2320 2320 2359 Antisthenis
2331 2321 2502 2359 volumi-

1428 2385 1430 2435 ]
1459 2379 1572 2417 nibus
1586 2380 1748 2417 alienam
1764 2379 1993 2430 sapientiam
2009 2378 2086 2417 sibi
2106 2391 2305 2428 arrogasse
2319 2377 2501 2429 perhibe·

1429 2438 1431 2470 ἒ
1459 2447 1523 2476 tur
1551 2438 1672 2491 (106).
1703 2438 1841 2476 Cicero
1869 2437 2108 2476 Antisthenis
2140 2437 2264 2476 libros
2294 2437 2502 2487 diligenter

1430 2523 1431 2527 ,
1460 2497 1627 2544 evolvit,
1646 2497 1738 2535 licet
1763 2509 1924 2535 acumen
1953 2497 2074 2546 magis
2100 2509 2214 2546 quam
2244 2495 2500 2534 eruditionem

1462 2623 1544 2654 orat.
1563 2623 1628 2654 VII
1657 2631 1728 2663 pag.
1751 2626 1810 2654 215
1831 2623 1867 2654 C.
1890 2622 1938 2653 Cf.
1962 2630 1995 2662 p.
2021 2625 2079 2654 209
2100 2624 2135 2654 Α.
2164 2622 2196 2654 et
2216 2623 2275 2655 217
2295 2624 2333 2654 A.
2351 2638 2395 2645 ·—
2415 2621 2502 2662 (101)

1460 2670 1533 2701 Vid.
1556 2668 1669 2709 fragm.
1690 2673 1720 2701 8.
1738 2683 1780 2690 -
1805 2669 1890 2708 (¹02)
1909 2668 1984 2700 vid.
2007 2668 2118 2708 fragm.
2138 2671 2187 2700 18.
2217 2670 2265 2700 19.
2288 2671 2338 2700 20.
2362 2669 2502 2709 -(103)

1461 2715 1551 2755 Diog.
1567 2717 1670 2747 Laert.
1683 2715 1738 2747 lib.
1754 2717 1832 2754 vll,
1853 2718 1900 2746 19.
1918 2732 1961 2738 -—
1975 2715 2061 2755 (104)
2078 2714 2167 2754 Diog.
2180 2715 2284 2749 Laert.
2297 2715 2354 2747 lib.
2368 2717 2426 2755 vt,
2441 2717 2476 2748 1⁴
2489 2728 2500 2750 ε

1460 2766 1566 2795 τοῦτον
1581 2763 1675 2804 μόνον
1689 2763 1725 2794 ἐκ
1735 2763 1859 2794 πάντων
1879 2764 2086 2803 Σωκρατικῶν
2106 2761 2294 2802 Θεόπομπος
2313 2761 2432 2795 ἐπαινεῖ
2449 2763 2504 2795 καί

1461 2821 1534 2851 φησι
1554 2809 1652 2842 δεινόν
1678 2820 1712 2841 τε
1733 2809 1809 2840 εἶναι
1834 2809 1886 2840 καὶ
1911 2808 1948 2839 δι’
1971 2807 2093 2849 ὁμιλίας
2117 2808 2265 2847 ἐμμελοῦς
2281 2809 2504 2849 ’ὑπαγαγέσθαι

1461 2857 1550 2889 πάνθ’
1567 2859 1714 2889 ὁντινοῦν.
1733 2857 1832 2894 Δῆλον
1850 2855 1875 2887 δ’
1897 2856 1932 2887 ἐκ
1944 2859 2006 2886 τῶν
2019 2855 2272 2896 συγγραμμάτων
2293 2855 2355 2887 κάκ
2366 2859 2423 2888 τοῦ
2441 2856 2503 2889 Ξε-

1463 2907 1616 2945 νοφῶντος
1646 2903 1835 2943 συμποσίου.
1860 2923 1900 2930 --
1931 2901 2017 2942 (¹05)
2046 2902 2221 2934 Athenaeus
2242 2901 2297 2934 lib.
2317 2903 2360 2934 ΧΙ
2386 2911 2418 2942 p.
2436 2906 2504 2936 >tuos

1463 2952 1488 2982 C
1510 2964 1518 2983 :
1545 2952 1597 2983 καὶ
1616 2951 1675 2992 γὰρ
1697 2950 1882 2991 Θεόπομπος
1910 2950 1927 2981 ὁ
1948 2951 2026 2985 Χῖος
2050 2950 2082 2980 ἐν
2102 2952 2147 2989 τῷ
2163 2950 2246 2981 κατὰ
2266 2953 2323 2988 τῆς
2340 2949 2504 2987 Πλάτωνος

1463 2998 1618 3039 διατριὸῆς
1635 2998 1704 3034 τοὺς
1725 2997 1872 3036 πολλοὺς,
1892 2996 1979 3037 φησί,
1996 2998 2058 3027 τῶν
2080 2995 2232 3036 διαλόγων
2246 2996 2342 3028 αὐτοῦ
2358 2995 2501 3038 ἀχρείους

1463 3045 1515 3075 καὶ
1531 3046 1651 3085 ψευδεῖς
1674 3044 1710 3075 ἄν
1732 3055 1777 3080 τις
1793 3044 1886 3085 εὕροι·
1908 3043 2083 3085 ἀλλοτρίους
2104 3043 2137 3074 δὲ
2152 3043 2223 3079 τοὺς
2246 3042 2391 3082 πλείους,
2411 3042 2502 3078 ὄντας

1464 3090 1500 3121 ἐκ
1511 3094 1572 3121 τῶν
1587 3090 1781 3131 Ἀριστίππου
1795 3090 1968 3129 διατριῧῶν,
1980 3089 2077 3124 ἐνίους
2090 3088 2123 3119 δὲ
2138 3089 2201 3120 κάκ
2209 3092 2271 3120 τῶν
2282 3089 2484 3122 Ἀντισθένους
2493 3110 2504 3127 ,
2557 3092 2560 3095 ’

1466 3138 1596 3173 πολλοὺς
1619 3138 1651 3169 δὲ
1668 3137 1730 3169 κὰκ
1747 3140 1808 3168 τῶν
1833 3137 1995 3177 Βρύσωνος
2021 3139 2077 3167 τοῦ
2095 3135 2323 3176 Ἡρακλεώτου.
2347 3152 2390 3159 -
2416 3135 2504 3175 (106)

1468 3185 1618 3224 Diogenes
1635 3184 1779 3215 Laertius
1800 3183 1854 3215 lib.
1869 3185 1897 3215 11
1911 3187 2026 3221 ‚fio-61
2049 3195 2056 3214 :
2077 3182 2250 3214 διεὸάλλετο
2271 3181 2298 3214 δ’
2313 3183 2332 3213 ὁ
2357 3181 2505 3223 Αἰσχίνης

1465 3231 1516 3260 καὶ
1533 3229 1653 3269 μάλισθ’
1669 3231 1731 3261 ὑπὸ
1746 3230 1927 3269 Μενεδήμου
1944 3232 1999 3260 τοῦ
2011 3229 2199 3269 Ἐρετριέως,
2213 3229 2254 3264 ὡς
2265 3227 2334 3262 τοὺς
2344 3223 2518 3263 achimo(

1466 3277 1644 3317 διαλόγους,
1665 3278 1753 3313 ὄντας
1771 3277 1952 3318 Σωκράτους
1965 3301 1974 3314 ,
1992 3276 2196 3307 &naeinam
2207 3298 2217 3314 ,
2237 3273 2402 3314 λαμὸάνων
2419 3274 2505 3316 παρὰ

1466 3324 1656 3360 Ξανθίππης.
1689 3323 1746 3355 Ὧν
1776 3326 1805 3355 οἱ
1825 3324 1879 3364 μὲν
1895 3323 2078 3362 καλούμενοι
2102 3322 2262 3361 Ἀκέφαλοι
2296 3319 2400 3361 σφόδρ’
2424 3320 2503 3352 εἰσὶν

1466 3369 1659 3408 ἐκλελυμένοι
1676 3371 1728 3401 καὶ
1751 3371 1809 3402 οὐκ
1834 3369 2041 3410 ἐπιφαίνοντες
2059 3369 2114 3406 τὴν
2131 3368 2328 3406 Σωκρατικὴν
2345 3366 2482 3398 εὐτονίαν
2493 3390 2504 3404 ,

1467 3416 1517 3451 οὓς,
1533 3418 1586 3447 καὶ
1615 3417 1838 3457 Πεισίστρατος
1849 3417 1866 3448 ὁ
1875 3415 2018 3456 Ἐφέσιος
2027 3415 2111 3453 ἔλεγε
2124 3414 2167 3455 μή
2180 3414 2258 3445 εἶναι
2270 3413 2431 3454 Αἰσχίνου.
2443 3413 2505 3445 Καὶ

1467 3466 1528 3493 τῶν
1546 3463 1623 3494 ἑπτὰ
1634 3463 1667 3494 δὲ
1684 3465 1756 3499 τοὺς
1771 3463 1934 3499 πλείστους
1954 3460 2106 3503 Περσαῖός
2123 3471 2198 3501 φησι
2209 3461 2413 3500 Πασιφῶντος
2428 3458 2506 3491 εἶν-ιιι
