2638 3840
0 1885 9 1947 -ι-ιι,
0 1757 9 1878 ›nar—W.
0 1611 6 1730 <—-·--—-
0 1505 7 1606 ρ-..
0 1483 2 1487 .
0 1473 2 1477 ,

303 310 372 342 164
426 336 427 339 ,

296 392 376 424 alter
403 390 534 431 obliquo
557 389 691 422 circuitu
717 387 903 421 rotarentur.
947 386 986 418 Et
1010 383 1175 417 exterioris
1202 382 1331 423 quidem

297 449 406 482 circuli
427 450 567 489 motum,
587 448 742 487 Eundem,
765 444 847 487 quod
869 448 935 477 erat
952 443 1095 483 ejusdem
1114 436 1242 474 naturae'
1255 450 1331 474 con-

296 508 502 547 sanguineus,
520 506 751 547 cognominavit
784 516 792 536 ε
826 502 982 535 interioris
1004 501 1133 538 autem,
1156 498 1330 531 diversum.

295 568 399 606 Atque
416 566 603 598 exteriorem
620 564 747 605 quidem
763 561 917 593 circulum
928 584 936 599 ,
951 567 1046 600 quem
1063 558 1201 590 eundem
1217 566 1334 598 cogno·

296 624 452 656 minatum
484 633 554 656 esse
582 623 740 662 (thinius,
761 630 778 652 a
799 620 923 659 regione
953 618 1061 650 dextra
1086 625 1142 658 per
1167 616 1332 649 sinistrum

295 683 376 715 latus
393 692 492 724 usque
512 683 549 714 ad
567 682 714 713 dextrum
733 679 853 711 inflexit
873 689 883 710 :
903 677 1062 710 diversum
1080 685 1175 716 vero,
1190 684 1246 717 per
1262 675 1333 708 dia·

296 745 434 773 metrum
456 741 493 772 ad
515 740 677 771 sinistrum
698 738 796 778 latus;
815 736 917 769 eidem
937 737 969 768 et
989 735 1085 767 simili
1104 735 1149 767 illi
1174 734 1333 767 circuma-

295 800 392 832 ctioui
412 799 530 830 virtute
551 797 773 838 pontilicioquc
796 796 918 827 rotatus
935 794 1024 827 dato.
1069 796 1173 827 Unam
1192 793 1331 834 quippe,

296 860 332 890 ut
349 860 435 897 erat,
453 865 522 889 eam
539 858 571 887 et
588 855 754 887 indivisam
778 853 921 894 reliquit;
940 853 1122 885 interiorem
1140 861 1219 884 vero
1241 851 1334 884 scidit

295 916 397 949 sexies
417 917 627 955 :septemque
656 914 794 954 impares
819 913 913 945 orbes
949 912 1122 944 fabricatus
1146 914 1213 953 est,
1240 911 1334 951 juxta

295 971 382 1012 dupli
411 973 443 1003 et
470 971 554 1011 tripli
593 970 693 1011 spatia
727 982 734 1002 ε
758 969 917 1009 orbesque
943 968 1031 1010 ipsos
1069 968 1228 1000 contraria
1258 967 1330 1000 ferri

290 1030 384 1070 juissit
410 1030 591 1069 agitatione.
635 1030 680 1060 Ex
704 1028 820 1069 quibus
848 1029 990 1067 septem,
1011 1029 1075 1058 tres
1106 1025 1236 1066 quidem
1265 1025 1332 1066 pari

293 1087 475 1127 velocitate3
493 1087 631 1128 quatuor
649 1095 743 1126 vero,
762 1086 795 1118 et
819 1084 1040 1125 sibimetipsis,
1055 1085 1087 1116 et
1104 1083 1145 1115 ad
1166 1093 1332 1124 compara-

291 1149 410 1180 tionem
428 1148 635 1186 caeterorum,
655 1144 767 1186 impari
783 1143 1014 1185 dissimilique,
1032 1143 1087 1176 sed
1104 1152 1180 1176 cum
1198 1143 1330 1182 ratione,

293 1207 381 1237 motu
404 1205 559 1236 feruntur.
890 1199 892 1201 ’

330 1262 349 1304 §
368 1266 412 1295 13.
432 1262 533 1302 Igitur
550 1270 622 1293 cum
636 1270 695 1302 pro
710 1261 874 1298 voluntate
891 1260 987 1301 patris
1001 1262 1119 1293 cuncta
1138 1260 1333 1292 rationabilis

292 1393 514 1442 κατέτεμνεν,
535 1391 642 1435 οὕτως
673 1391 739 1438 ἤδη
776 1397 846 1428 πᾶν
876 1388 1134 1428 καταναλώκει.
1189 1389 1331 1437 Ταύτην

292 1449 349 1493 οῦν
372 1453 435 1501 τὴν
455 1453 617 1498 ξύστασιν
638 1459 754 1490 πᾶσαν
782 1453 908 1498 διπλῆν
929 1451 1021 1492 κατὰ
1054 1454 1163 1500 μῆκος
1185 1451 1330 1504 σχίσας,

235 1516 265 1562 C
293 1514 402 1564 με’σην
424 1514 507 1566 πρὸς
527 1513 634 1564 μέσην
655 1511 822 1565 ἑκατέραν
845 1511 1014 1559 ἀλλήλαις
1033 1504 1103 1549 οἷον
1121 1511 1161 1561 χῒ
1179 1510 1332 1563 προσὸα·

231 1589 258 1620 ς
289 1571 360 1609 λὼν
391 1572 616 1623 κατέκαμψεν
648 1573 693 1615 εἷς
725 1570 865 1618 κύκλον,
893 1569 1046 1622 ξυνάψας
1075 1571 1196 1613 αὐταῖς
1215 1584 1251 1607 τε
1271 1568 1332 1607 καὶ

291 1632 460 1677 ἀλλήλαις
489 1631 524 1668 ἐν
551 1633 601 1683 τῷ
632 1627 843 1681 καταντικρὺ
871 1631 933 1675 τῆς
956 1627 1174 1680 προσὸολῆς,
1197 1627 1258 1666 καὶ
1287 1631 1330 1679 τῇ

289 1688 382 1728 κατὰ
406 1688 514 1727 ταύτὰ
538 1689 597 1727 καὶ
625 1690 658 1727 ἐν
685 1689 801 1740 ταύτῷ
820 1686 1056 1739 περιαγομένῃ
1077 1686 1211 1734 κινήσει
1231 1686 1330 1740 πέριξ

290 1747 396 1791 αὐτὰς
425 1745 549 1795 ἔλαὸε,
567 1747 628 1786 καὶ
654 1746 711 1785 τὸν
742 1746 804 1797 μὲν
824 1745 888 1789 ἔξω
901 1777 910 1793 ,
929 1746 988 1784 τὸν
1018 1745 1049 1783 δ’
1068 1745 1160 1789 ἐντὸς
1181 1746 1331 1784 ἐποιεῖτο

289 1809 356 1844 τῶν
391 1805 541 1845 κύκλων.
600 1804 675 1852 Τὴν
699 1804 760 1855 μὲν
790 1798 847 1843 οῦν
876 1804 941 1849 ἔξω
970 1803 1079 1856 φορὰν
1113 1804 1329 1858 ἓπεφήμισεν

288 1860 378 1903 εἶναι
403 1867 466 1911 τῆς
486 1866 610 1903 ταύτοῦ
633 1864 781 1918 φύσεως,
808 1863 870 1912 τὴν
901 1865 930 1902 δ’
952 1864 1045 1907 ἐντὸς
1076 1865 1138 1910 τῆς
1167 1862 1326 1915 θατέρου.

286 1923 364 1970 Τὴν
382 1924 444 1974 μὲν
465 1924 507 1970 δὴ
523 1925 648 1962 ταύτοῦ
665 1923 756 1962 κατὰ
771 1921 924 1974 πλευρὰν
943 1922 1000 1960 ἐπὶ
1017 1921 1110 1967 δεξιὰ
1125 1921 1329 1974 περιήγαγε,

286 1980 349 2028 τὴν
368 1983 403 2020 δὲ
425 1982 568 2034 θατέρου
587 1981 678 2020 κατὰ
700 1981 882 2034 διάμετρον
904 1982 961 2019 ἐπ’
982 1980 1159 2034 ἀριστερά.
1192 1981 1330 2034 Κράτος

1220 294 1482 335 CHALctDn

1392 382 1507 414 animm
1524 380 1704 414 substantia
1721 382 1918 420 nasceretur,
1935 379 2102 421 aliquanto
2118 382 2190 422 post
2204 389 2300 415 omne
2317 389 2435 424 corpo-
2459 391 2495 463 Ε

1393 450 1483 473 reum
1500 440 1583 473 intra
1597 442 1786 481 conseptum
1805 439 1874 479 ejus
1889 438 2038 471 effinxit:
2054 438 2258 482 mediumque
2272 441 2438 483 applicans

1393 499 1506 532 mediae
1540 498 1761 531 modulamine
1788 499 1863 539 apto
1887 497 2030 538 jugabat.
2074 499 2118 531 At
2141 499 2437 542 iltrcomplectenz

1393 558 1463 590 coeli
1492 558 1623 596 ultima,
1646 556 1907 598 circumtusaque
1934 555 2038 588 eidem
2065 556 2216 589 exteriori
2243 557 2437 599 complexu,

1393 616 1604 658 operiensque
1631 615 1754 648 ambitu
1775 624 1855 654 suo,
1878 615 2011 656 ipsaque
2034 614 2068 647 in
2096 616 2197 648 semet
2224 618 2438 656 convertens,

1393 675 1534 707 divinam
1554 675 1708 716 originem
1726 674 1890 713 auspicata
1905 675 1956 706 est
1976 673 2144 706 indefessae
2158 674 2392 723 sapientisque,
2405 677 2440 708 et

1394 735 1463 767 sine
1492 734 1744 774 intermissione,
1763 733 1851 766 vitae.
1895 735 1935 765 Et
1959 741 2077 774 corpus
2100 732 2230 775 quidem
2255 733 2348 776 coeli,
2370 733 2440 768 slve

1395 794 1520 833 mundi,
1540 793 1665 825 visibile
1686 793 1806 825 sactum
1824 793 1875 825 est
1894 805 1903 824 ι
1921 792 1989 833 ipse
2004 801 2082 825 vero
2106 791 2295 834 invisibilis,
2309 792 2441 827 rationis

1394 855 1513 893 tamen,
1530 856 1563 886 et
1586 853 1663 886 item
1685 851 1928 894 modulaminis,
1950 861 2095 894 compos.
2116 853 2241 886 cunctis
2258 852 2441 886 visibilibus

1394 913 1596 954 praestantior
1612 921 1630 944 a
1646 911 1913 952 praestantissimo
1931 913 2062 945 auctore
2078 912 2161 944 sacta
2180 915 2240 946 est.
2268 899 2328 945 ⁴''I'Jt
2344 911 2442 954 igitur

1393 977 1431 1001 ex
1453 968 1597 1008 ejusdem
1625 971 1657 1000 et
1683 968 1802 1000 diversi
1836 969 1951 1001 natura
1975 976 2049 1000 cum
2077 968 2216 1002 essentia
2235 966 2440 1002 mixtis'eoa·

1394 1028 1554 1067 gmentata
1585 1026 1720 1068 indigite
1751 1028 1861 1067 motu,
1894 1030 1926 1059 et
1959 1026 2137 1060 orbiculata
2173 1027 2379 1068 circuitione,
2406 1027 2441 1061 in

1394 1086 1530 1127 seipsam
1549 1086 1731 1127 revertens;
1747 1094 1822 1118 cum
1838 1085 1979 1124 aliquam
1997 1086 2047 1119 vel
2064 1085 2278 1128 dissipabilem
2292 1078 2439 1120 snbstan-

1394 1146 1472 1178 tiam
1494 1144 1675 1185 offenderit,
1694 1145 1744 1178 vel
1773 1144 1993 1186 individuam,
2022 1145 2114 1178 facile
2139 1146 2323 1187 recognosc'
2370 1159 2375 1171 ·

1395 1203 1553 1243 ejusdem,
1571 1203 1648 1244 quid
1668 1203 1709 1235 sit-
1725 1201 1920 1242 individuoe,
1934 1202 2011 1244 quid
2027 1202 2105 1235 item
2131 1202 2283 1244 diversae,
2307 1217 2311 1231 ι

1394 1262 1533 1302 bilisque
1555 1263 1680 1294 naturae
1700 1274 1708 1294 ε
1738 1270 1915 1303 causasque
1939 1261 2107 1302 omnium,
2129 1270 2202 1303 quoe
2230 1270 2310 1303 prov

1394 1394 1416 1439 ἡ
1437 1395 1500 1439 τῆς
1516 1393 1634 1445 ψυχῆς
1663 1389 1826 1436 ξύστασις
1851 1391 2053 1443 ἐγεγένητο,
2073 1391 2162 1442 μετὰ
2184 1394 2286 1431 τοῦτο
2307 1399 2379 1432 πᾶν
2397 1391 2440 1432 τὸ

1393 1450 1626 1502 σωματοειδὲς
1646 1450 1739 1495 ἐντὸς
1765 1452 1871 1498 αὐτῆς
1893 1450 2108 1490 ἐτεκταίνετο
2130 1450 2190 1490 καὶ
2214 1449 2322 1502 μέσον
2343 1449 2436 1502 μέσῃ

1394 1508 1595 1562 ξυναγαγὼν
1615 1509 1895 1562 προσήρμοττεν.
1955 1508 2000 1549 Ἦ
2029 1510 2058 1548 δ’
2078 1511 2118 1548 ἐκ
2145 1509 2254 1560 μέσου
2273 1508 2360 1564 πρὸς
2377 1509 2437 1548 τὸν

1391 1567 1542 1620 ἔσχατον
1569 1567 1712 1621 οὐρανὸν
1731 1567 1846 1621 πάντῃ
1873 1569 2107 1607 διαπλακεῖσα
2127 1568 2247 1623 κύκλῳ
2267 1585 2305 1608 τε
2332 1570 2436 1609 αὐτὸν

1392 1625 1515 1671 ἔξωθεν
1535 1626 1826 1680 περικαλύψασα,
1847 1627 1936 1674 αὐτή
1956 1642 1995 1666 τε
2026 1630 2060 1667 ἐν
2084 1629 2172 1681 αὑτῇ
2193 1627 2410 1681 στρεφομένη
2425 1658 2436 1679 ,

1392 1685 1485 1724 θείαν
1503 1685 1616 1738 ἀρχὴν
1638 1685 1768 1738 ἤρξατο
1789 1685 1970 1740 ἀπαύστου
1990 1687 2050 1725 καὶ
2070 1686 2236 1740 ἔμφρονος
2256 1686 2333 1740 βίου
2351 1687 2438 1741 πρὸς
2452 1684 2460 1690 “

1391 1744 1452 1784 τὸν
1474 1744 1660 1796 ξύμπαντα
1685 1745 1824 1798 χρόνον.
1882 1746 1956 1785 Καὶ
1975 1746 2014 1784 τὸ
2035 1745 2097 1796 μὲν
2124 1745 2166 1793 δὴ
2186 1748 2292 1798 σῶμα
2312 1747 2436 1799 ὁρατὸν

1391 1805 1539 1859 οὖρανοῦ
1560 1805 1715 1858 γέγονεν,
1737 1804 1827 1852 αὐτὴ
1853 1804 1891 1843 δὲ
1917 1804 2065 1858 ἀόρατος
2095 1805 2174 1856 μέν,
2202 1805 2374 1857 λογισμοῦ
2398 1805 2436 1846 δὲ

1392 1864 1590 1917 μετέχουσα
1613 1863 1673 1903 καὶ
1696 1863 1863 1916 ἁρμονίας
1881 1864 1977 1917 ψυχὴ
1997 1867 2067 1903 τῶν
2091 1865 2223 1912 νοητῶν
2247 1862 2301 1902 ἀεί
2320 1879 2359 1903 τε
2377 1862 2437 1903 ὄν·
2482 1903 2483 1906 ,

1390 1939 1474 1975 των,
1495 1923 1562 1962 ὑπὸ
1582 1926 1641 1962 τοῦ
1660 1923 1804 1976 ἀρίστου
1823 1922 1948 1975 ἀρίστη
1978 1922 2147 1975 γενομένη
2164 1925 2233 1961 τῶν
2255 1922 2439 1974 γεννηθέν-

1389 1998 1475 2022 των.
1531 1979 1615 2021 ‘'A-:e
1635 1977 1692 2021 οὖν
1710 1983 1748 2020 ἐκ
1761 1984 1823 2029 τῆς
1837 1984 1964 2021 ταύτοῦ
1983 1982 2044 2020 καὶ
2061 1984 2125 2027 τῆς
2145 1981 2288 2038 θατέρου
2303 1980 2438 2032 φύσεως

290 2042 320 2078 δ’
343 2041 450 2080 ἔδωκε
480 2044 524 2093 τῇ
551 2043 680 2080 ταύτοῦ
709 2040 768 2079 καὶ
788 2041 909 2090 ὁμοίου
939 2047 1121 2093 περιφορᾷ·
1150 2039 1232 2090 μίαν
1261 2039 1328 2092 γὰρ
1356 2039 1360 2101 ι
1390 2040 1430 2079 ἔκ
1459 2057 1496 2079 τε
1529 2040 1647 2085 οὐσίας
1670 2042 1775 2093 τριῶν
1800 2039 1932 2079 τούτων
1958 2040 2193 2093 συγκραθεῖσα
2215 2041 2358 2092 μοιρῶν,
2376 2040 2438 2079 καὶ
2473 2089 2475 2091 ¹
2564 2068 2577 2074 .

233 2086 258 2132 *3
290 2099 398 2147 αὐτὴν
416 2099 582 2152 ἄσχιστον
599 2099 693 2139 εἴασε
704 2129 714 2147 ,
731 2099 796 2147 τὴν
814 2100 843 2137 δ’
860 2099 952 2143 ἐντὸς
973 2099 1097 2151 σχίσας
1115 2098 1224 2152 ἑξαχῇ
1241 2099 1331 2137 ἑπτὰ

287 2157 433 2202 κύκλους
453 2157 588 2202 ἀνίσους
608 2157 700 2197 κατὰ
718 2158 781 2205 τὴν
803 2164 863 2199 τοῦ
883 2158 1067 2198 διπλασίου
1090 2159 1150 2198 καὶ
1176 2162 1325 2213 τριπλα-

287 2216 362 2255 σίου
379 2217 559 2256 διάστασιν
581 2217 744 2264 ἑκάστην,
768 2218 880 2257 οὐσῶν
902 2217 1074 2270 ἑκατέρων
1097 2220 1214 2270 τριῶν,
1236 2218 1328 2257 κατὰ

285 2275 452 2314 τάναντία
492 2275 554 2326 μὲν
588 2275 752 2323 ἀλλήλοις
782 2276 992 2329 προσέταξεν
1032 2277 1119 2316 ἰέναι
1158 2276 1237 2321 τοὺς
1265 2276 1327 2316 κύ·

285 2335 409 2382 κλους,
429 2335 531 2388 τάχει
552 2335 588 2374 δὲ
619 2342 711 2387 τρεῖς
737 2336 799 2387 μὲν
823 2336 966 2387 ὁμοίως,
986 2335 1064 2380 τοὺς
1094 2336 1130 2375 δὲ
1161 2336 1329 2391 τέτταρας

286 2394 448 2442 ἀλλήλοις
470 2395 528 2433 καὶ
549 2401 618 2440 τοῖς
646 2395 754 2448 τρισὶν
780 2396 973 2447 ἀνομοίως,
996 2397 1030 2434 ἐν
1050 2395 1145 2449 λόγῳ
1170 2396 1206 2434 δὲ
1224 2412 1327 2450 φερο-

288 2451 422 2503 μένους.

337 2513 423 2553 ΧΧ.
448 2514 470 2564 5
493 2520 552 2553 13.
572 2513 673 2552 Ἐπεὶ
691 2513 727 2552 δὲ
744 2513 835 2553 κατὰ
851 2518 929 2553 νοῦν
949 2517 997 2568 τῷ
1014 2514 1210 2560 ξυνιστάντι
1231 2521 1329 2553 πᾶσα

287 2642 427 2684 undique
443 2644 491 2675 est
507 2652 560 2676 eas
579 2645 833 2685 circumplexus.
879 2647 983 2686 Atque
1002 2646 1045 2678 ita
1062 2655 1163 2688 quum
1192 2646 1327 2679 alterum

288 2702 414 2736 fecisset
430 2705 632 2745 exteriorem,
652 2705 836 2738 interiorem
855 2706 989 2738 alterum
1013 2707 1180 2748 amplexus
1199 2707 1327 2746 orbem,

289 2759 390 2800 illum,
412 2754 554 2800 ejusdem
574 2764 716 2803 naturae;
735 2763 839 2803 bunc,
860 2763 989 2796 alterius
1017 2765 1194 2797 nominavit
1213 2777 1221 2797 ε
1240 2773 1330 2797 eam-

287 2825 350 2856 que
362 2841 371 2856 ,
392 2827 464 2858 quoe
483 2821 551 2851 erat
565 2820 720 2860 ejusdem,
743 2820 875 2853 detorsit
891 2830 909 2853 a
928 2821 1021 2854 latere
1043 2823 1075 2853 in
1093 2823 1235 2855 dextram
1254 2832 1327 2863 par-

254 2916 257 2927 !
288 2876 371 2907 tem:
388 2875 469 2908 hauc
483 2878 589 2909 autem
602 2878 743 2910 citimam
755 2887 773 2910 a
790 2879 893 2911 media
911 2879 993 2911 linea
1009 2880 1124 2913 direxit
1137 2881 1176 2912 ad
1191 2881 1304 2913 laevam
1319 2892 1327 2913 ε

252 2937 255 2943 “
287 2933 342 2965 sed
362 2935 570 2976 principatum
591 2937 679 2970 dedit
694 2938 868 2979 superiori,
888 2947 984 2979 quam
1006 2939 1105 2971 solam
1129 2940 1329 2972 individuam

289 2991 425 3032 reliquit.
467 2995 653 3027 Interiorem
671 2999 779 3029 autem
796 3006 897 3037 quum
914 2997 946 3028 in
962 3006 1017 3029 sex
1035 2999 1141 3038 partes
1157 2999 1328 3040 divisisset,

288 3051 411 3090 septem
431 3052 526 3085 orbes
552 3053 695 3094 dispares
714 3053 813 3095 duplo
836 3057 869 3087 et
896 3055 992 3096 triplo
1013 3055 1182 3088 intervallo
1206 3058 1327 3090 moveri

289 3107 401 3149 jussit,
418 3111 584 3143 contrariis
612 3112 694 3144 inter
710 3121 744 3145 se
762 3113 920 3145 cursibus.
963 3116 1085 3146 Eorum
1104 3117 1212 3148 autem
1234 3116 1329 3147 trium

289 3166 365 3199 fecit
386 3177 478 3209 pares
495 3170 668 3203 celeritates
688 3184 696 3203 ι
714 3172 767 3204 sed
785 3173 936 3212 quattuor
952 3175 984 3204 et
996 3173 1076 3205 inter
1092 3182 1127 3206 se
1140 3174 1282 3215 dispares
1292 3177 1331 3207 et

289 3224 457 3259 dissimiles
479 3228 573 3260 trium
593 3229 800 3270 reliquorum.
822 3229 854 3271 [§
871 3230 933 3271 13.]
951 3231 1100 3262 Animum
1117 3231 1213 3270 igitur
1231 3242 1329 3273 quum

237 3293 241 3297 ·
292 3280 345 3314 ille
371 3287 552 3323 procreator
578 3288 688 3319 mundi
719 3288 798 3320 deus
825 3297 864 3320 ex
891 3297 949 3320 sua
971 3293 1077 3320 mente
1109 3293 1140 3321 et
1170 3291 1332 3323 voluntate

293 3341 453 3380 genuisset
479 3356 487 3375 :
511 3347 580 3376 tum
609 3345 746 3386 denique
779 3355 893 3387 omne,
921 3347 1007 3387 quod
1037 3349 1106 3379 erat
1143 3351 1330 3381 concretum

294 3399 391 3436 atque
408 3410 617 3444 corporeum,
639 3404 861 3437 substernebat
886 3405 994 3437 animo
1011 3405 1209 3447 interiusque
1234 3407 1331 3439 sacie-

293 3457 349 3492 bat
370 3472 380 3492 ε
401 3462 498 3502 atque
515 3463 557 3495 ita
575 3465 680 3497 medio
702 3466 843 3497 medium
872 3466 1118 3499 accommodans
1149 3467 1330 3508 copulabat.

293 3515 345 3548 Sic
361 3518 487 3552 animus
499 3527 517 3552 a
529 3521 634 3554 medio
648 3523 808 3563 protectus
821 3523 1057 3557 extremitatem
1071 3525 1139 3558 caeli
1152 3534 1172 3557 a
1184 3533 1333 3567 suprema

1363 3549 1366 3550 ⁷
1391 3527 1572 3570 gignantur,
1596 3531 1629 3562 et
1644 3537 1695 3571 ea,
1709 3538 1782 3571 quae
1808 3529 1872 3563 sint
1900 3535 2026 3570 semper
2049 3526 2172 3561 eadem.
2216 3525 2307 3558 Ratio
2329 3527 2435 3558 autem

1386 2100 1457 2138 ’ἀνὰ
1476 2099 1579 2152 λόγον
1611 2100 1814 2152 μερισθεῖσα
1833 2099 1893 2138 καὶ
1919 2098 2140 2151 ξυνδεθεῖσα,
2161 2098 2250 2146 αὐτή
2279 2114 2318 2137 τε
2349 2102 2437 2137 ἀνα-

1391 2157 1613 2209 κυκλουμένη
1628 2158 1714 2211 πρὸς
1727 2157 1851 2210 αὑτήν,
1862 2157 1945 2197 ὅταν
1956 2158 2076 2196 οὐσίαν
2090 2155 2285 2205 σκεδαστὴν
2301 2157 2440 2210 ἔχοντός

1388 2233 1481 2261 τινος
1508 2217 1707 2271 ἐφάπτηται
1737 2216 1798 2255 καὶ
1817 2215 1899 2256 ὅταν
1921 2216 2119 2270 ἀμέριστον,
2135 2215 2229 2268 λέγει
2247 2215 2436 2267 κινουμένη

1391 2276 1448 2314 διὰ
1468 2276 1585 2323 πάσης
1605 2278 1749 2324 ἑαυτῆς,
1772 2275 1841 2328 ὅτῳ
1858 2277 1888 2313 τ’
1907 2275 1949 2314 ἄν
1968 2291 2002 2314 τι
2020 2275 2143 2314 ταύτὸν
2162 2268 2187 2327 ᾗ
2210 2268 2271 2313 κἀὶ
2292 2274 2436 2314 ὅτου-ἂν

1391 2336 1524 2389 ἕτερον,
1546 2335 1631 2388 πρὸς
1648 2334 1679 2383 ὅ,
1700 2348 1743 2374 τι*
1761 2351 1798 2374 τε
1820 2335 1973 2386 μάλιστα
2002 2335 2062 2373 καὶ
2085 2334 2156 2388 ὅπῃ
2180 2334 2242 2373 καὶ
2261 2334 2356 2380 ὅπως
2376 2334 2439 2374 καὶ
2466 2342 2495 2387 b

1389 2395 1494 2435 ὁπότε
1523 2394 1706 2445 ξυμὸαίνει
1731 2394 1824 2433 κατὰ
1843 2393 1887 2432 τὰ
1908 2394 2096 2447 γιγνόμενά
2114 2409 2154 2432 τε
2172 2393 2259 2447 πρὸς
2287 2393 2436 2433 ἕκαστον

1389 2454 1522 2494 ἕκαστα
1551 2448 1640 2494 εἶναι
1671 2454 1731 2493 καὶ
1760 2454 1914 2508 πάσχειν
1943 2454 2004 2492 καὶ
2035 2453 2121 2507 πρὸς
2139 2452 2185 2492 τὰ
2204 2451 2297 2492 κατὰ
2325 2452 2438 2493 ταῦτὰ

1390 2515 1516 2568 ἔχοντα
1538 2514 1608 2554 ἀεί.
1633 2542 1650 2568 s
1666 2513 1778 2566 Λόγος
1798 2513 1834 2552 δὲ
1860 2516 1878 2552 ὁ
1896 2513 1988 2552 κατὰ
2014 2513 2139 2552 ταύτὸν
2164 2512 2296 2593 ἀληθίὴς
2322 2513 2438 2565 γιγνό-

1391 2644 1518 2686 regione
1536 2643 1674 2677 rotundo
1689 2643 1813 2676 ambitu
1830 2643 2028 2684 circumiecit
2049 2651 2184 2685 seseque
2212 2643 2280 2684 ipse
2303 2650 2438 2676 versans
2455 2671 2457 2673 .

1389 2703 1537 2735 divinum
1555 2701 1760 2743 sempiternae
1778 2701 1996 2742 sapientisque
2015 2702 2091 2734 vitae
2110 2701 2239 2734 induxit
2252 2700 2437 2739 exordium.

1393 2763 1431 2796 Et
1457 2770 1576 2803 corpus
1598 2760 1731 2802 quidem
1747 2760 1816 2792 caeli
1843 2759 2036 2802 aspectabile
2056 2759 2207 2792 eflectum
2224 2760 2291 2799 est,
2310 2758 2438 2806 animus

1391 2822 1499 2853 autem
1518 2820 1687 2853 oculorum
1715 2819 1826 2860 effugit
1858 2819 2022 2851 obtutum.
2067 2821 2123 2851 Est
2147 2819 2255 2851 autem
2283 2808 2379 2862 unus}
2392 2825 2437 2850 ex

1392 2879 1542 2912 omnibus
1559 2878 1693 2912 rationis
1714 2877 2002 2918 concentionisque
2020 2876 2167 2918 (ἁρμονία
2185 2875 2301 2918 graece)
2321 2875 2438 2916 senapi-

1390 2940 1554 2971 ternarum
1571 2946 1680 2970 rerum
1696 2940 1729 2970 et
1748 2936 1809 2968 sub
1828 2935 2070 2976 intelligentiam
2093 2934 2278 2967 cadentium
2306 2937 2440 2975 compos

1390 2998 1421 3029 et
1437 2997 1617 3038 particeps;
1636 3005 1701 3037 quo
1723 2995 1800 3027 nibil
1817 2995 1858 3027 ab
1876 2995 1999 3036 optimo
2015 2997 2048 3027 et
2067 2992 2332 3035 praestannssim0
2352 2991 2438 3034 geni·

1393 3059 1461 3088 tore
1485 3055 1602 3088 melius
1630 3058 1830 3096 procreatum
1851 3066 1860 3086 ε
1880 3053 1997 3094 quippe
2019 3052 2074 3092 qui
2104 3061 2144 3085 ex
2172 3051 2285 3084 eadem
2312 3050 2439 3087 vinctus

1391 3115 1556 3156 alteraque
1584 3116 1716 3154 natura,
1733 3114 1882 3154 adjuncta
1913 3112 2061 3152 materia,
2078 3111 2310 3156 temperatione
2338 3109 2435 3143 trium

1391 3174 1757 3216 partium,proportione
1776 3176 1974 3213 compactus,
1988 3172 2100 3212 seipse
2118 3179 2326 3210 conversans,
2336 3178 2436 3211 quum

1392 3234 1557 3266 materiam
1576 3233 1763 3266 mutabilem
1781 3233 1916 3274 arripuit
1936 3233 1969 3264 et
1987 3239 2088 3272 quum
2108 3239 2222 3262 rursus
2239 3228 2435 3261 individuam

1391 3295 1487 3334 atque
1503 3294 1679 3336 simplicem
1690 3318 1699 3334 ,
1715 3302 1770 3335 per
1785 3302 1820 3326 se
1835 3292 1941 3325 omnis
1957 3292 2105 3324 movetur
2114 3290 2341 3331 discernitque,
2355 3289 2434 3330 quid

1392 3352 1434 3383 sit
1451 3352 1596 3390 ejusdem
1611 3352 1745 3394 generis,
1761 3352 1837 3394 quid
1852 3351 1994 3391 alterius,
2011 3352 2043 3384 et
2058 3351 2162 3382 cetera
2177 3348 2344 3394 diiudicat,
2356 3347 2435 3389 qnid

1391 3410 1508 3451 cuique
1533 3411 1576 3444 rei
1599 3411 1642 3443 sit
1662 3412 1798 3444 maxime
1809 3413 1933 3453 aptum,
1949 3409 2026 3452 quid
2036 3411 2164 3458 quqque
2180 3409 2249 3440 loco
2269 3409 2326 3439 aut
2339 3406 2436 3439 modo

1392 3471 1447 3501 aut
1463 3470 1608 3510 tempore
1626 3471 1792 3512 contingat
1809 3471 1947 3512 quaeque
1966 3468 2128 3514 distinctio
2144 3467 2186 3500 sit
2202 3467 2285 3499 inter
2302 3475 2351 3503 ea,
2365 3474 2438 3508 quae
