2626 3892
463 306 490 357 ij
1411 306 1700 346 PRAEFA'HO.

462 397 598 461 cujus
617 396 931 455 humanitati,
972 396 1231 455 doctrinae,
1268 396 1487 443 omnium
1522 397 1734 461 denique
1766 398 2086 460 ingenuarum
2121 398 2297 444 artium
2325 399 2479 443 amori
2509 397 2584 443 Bi-

461 479 705 527 bliotheca
731 483 893 528 Graeca
920 478 1140 527 debetur.
1177 480 1370 544 Quippe
1399 497 1556 545 neque
1581 481 1812 546 impensae
1840 498 1997 545 neque
2016 480 2170 528 labori
2192 481 2347 546 parcit
2367 479 2426 528 ad
2456 481 2582 547 opti-

460 580 650 611 marum
680 563 948 610 litterarum
985 562 1196 609 studium
1226 572 1272 609 et
1297 562 1525 613 alendum
1554 575 1600 611 et
1625 565 2021 630 provocandum,
2051 565 2111 612 de
2132 565 2310 630 quibus
2339 574 2437 612 tam
2463 565 2589 613 bene

454 647 551 712 jam
580 648 753 694 meruit
767 647 844 694 his
862 647 1056 710 triginta
1080 647 1245 705 annis,
1272 657 1325 694 ut
1343 649 1588 696 neminem
1615 651 1902 715 perenniora
1928 651 2142 697 nominis
2169 650 2242 696 sui
2269 659 2585 696 monumenta
2625 633 2626 638 ¹

458 733 665 796 exegisse
682 741 885 779 constet.
912 730 1337 788 Quemadmodum
1365 749 1480 780 vero
1512 734 1587 780 vir
1606 734 2019 797 ingeniosissimus
2039 752 2151 780 cum
2178 733 2584 781 mansuetioribus

460 818 607 864 Musis
634 826 872 883 perpetuo
907 815 1254 862 commercium
1279 815 1451 863 habuit
1481 835 1490 863 :
1521 818 1589 864 sic
1614 817 1665 864 in
1698 827 1828 880 grata
1862 818 1962 881 ejus
1989 818 2201 864 nominis
2227 834 2582 865 commemora-

457 901 612 962 tione,
635 911 863 966 tanquam
883 898 1017 946 bono
1038 899 1202 946 omine
1224 899 1293 946 rei
1320 900 1550 947 audacter
1565 900 1879 965 suscipiendae
1898 910 1944 947 et
1964 900 2165 947 feliciter
2185 901 2420 964 gerendae,
2443 901 2583 949 laetis·

457 986 576 1032 sime
596 984 963 1050 acquiescimus.

522 1092 703 1135 Verum
730 1105 791 1134 ne
817 1088 925 1152 quis
953 1087 1003 1134 in
1024 1087 1120 1133 hoc
1139 1086 1265 1133 libro
1297 1086 1452 1150 majus
1487 1085 1741 1151 quippiam
1769 1086 2000 1150 requirat,
2031 1103 2177 1150 quam
2204 1097 2284 1133 aut
2312 1087 2444 1134 volui
2464 1105 2582 1152 prae-

455 1183 579 1220 stare
604 1182 687 1219 aut
707 1171 872 1237 potui,
895 1187 1048 1236 pauca
1068 1169 1128 1216 de
1151 1170 1372 1217 instituto
1394 1186 1504 1216 meo
1531 1168 1911 1234 publicandique
1946 1169 2054 1216 talis
2082 1172 2362 1235 συντάγματος
2382 1171 2582 1218 consilio

455 1244 702 1321 praefanda
723 1255 823 1302 esse
850 1253 1075 1301 arbitror.
1101 1256 1161 1300 Ut
1178 1253 1228 1300 in
1251 1251 1437 1299 artibus
1457 1269 1512 1298 ac
1536 1250 1805 1316 disciplinis
1831 1250 1952 1298 alius
1978 1251 2122 1298 aliam
2144 1253 2271 1299 viam
2295 1251 2576 1315 ingreditur,

456 1357 613 1406 neque
634 1339 821 1386 cunctis
847 1337 1016 1384 eadem
1042 1336 1230 1401 placent
1254 1346 1302 1383 et
1325 1345 1436 1401 apta
1459 1335 1686 1382 videntur
1717 1353 1727 1381 z
1753 1336 1818 1382 ita
1845 1336 1896 1382 in
1925 1345 2054 1382 tanta
2085 1337 2390 1399 ingeniorum
2426 1338 2580 1384 varie-

455 1434 551 1472 tate
579 1441 635 1471 ac
662 1421 1055 1471 dissimilitudine
1073 1437 1217 1467 nemo
1237 1419 1493 1466 mirabitur
1517 1418 1659 1465 aliam
1692 1419 1795 1466 aliis
1821 1419 2041 1466 aetatibus
2063 1419 2382 1484 gentibusque
2417 1421 2575 1486 philo·

454 1509 635 1575 sophiae
654 1506 915 1556 formulam
951 1505 1177 1552 arrisisse.
1209 1507 1290 1551 Est
1311 1513 1475 1550 autem
1503 1501 1623 1548 nihil
1656 1502 1919 1567 jucundius
1949 1503 2273 1569 pbilosophiae
2300 1521 2460 1568 graecae
2488 1523 2580 1570 qua

454 1593 715 1653 nascentis,
748 1607 839 1656 qua
868 1589 1151 1648 crescentis,
1181 1605 1276 1652 qua
1304 1586 1503 1651 adultae,
1524 1603 1616 1650 qua
1643 1586 1704 1633 ad
1735 1587 1986 1633 interitum
2006 1588 2244 1650 vergentis
2272 1589 2573 1654 contempla-

453 1679 602 1726 tione.
632 1677 824 1725 Etenim
852 1674 914 1722 ab
942 1674 1122 1737 exiguis
1149 1672 1367 1738 profecta
1394 1671 1544 1718 initiis
1573 1670 1722 1718 modo
1750 1671 2068 1717 ornatissimis
2092 1681 2237 1736 atque
2260 1673 2456 1737 optimis
2479 1691 2578 1720 ver-

453 1758 585 1810 sibus
604 1759 972 1818 commendata,
1000 1757 1149 1804 modo
1179 1756 1443 1803 verborum
1470 1755 1914 1806 sententiarumque
1946 1755 2211 1802 luminibus
2241 1756 2425 1817 nitenS,
2452 1775 2579 1805 nunc

455 1847 627 1895 ionicae
654 1844 844 1893 dialecti
870 1841 1151 1901 dulcedine,
1184 1855 1316 1886 nunc
1346 1846 1501 1886 dorici
1529 1844 1764 1886 sermonis
1792 1840 2021 1903 gravitate
2040 1877 2052 1900 ,
2081 1857 2212 1886 nunc
2233 1840 2387 1887 atticae
2405 1841 2574 1889 dictio-

454 1932 528 1979 nis
553 1930 827 1978 urbanitate
850 1925 1133 1993 praestabilis
1153 1923 1290 1971 brevi
1309 1924 1359 1970 in
1382 1939 1490 1970 eam
1510 1923 1895 1987 magnitudinem
1915 1924 2153 1984 excrevit,
2175 1933 2230 1970 ut
2249 1923 2310 1971 ad
2334 1941 2573 1973 summum

452 2015 728 2082 pervenisse
748 2012 1010 2060 videretur.
1042 2012 1352 2074 Quapropter
1383 2025 1610 2071 magnum
1637 2018 1685 2055 et
1715 2008 1913 2055 difficile
1940 2025 2062 2074 opus
2085 2018 2178 2068 est,
2208 2009 2441 2071 integram
2467 2010 2570 2074 phi-

453 2099 689 2166 losophiae
713 2099 922 2162 antiquae
945 2093 1195 2142 historiam
1220 2102 1350 2140 recte
1391 2092 1627 2153 scribere,
1657 2103 1704 2139 et
1741 2092 1875 2140 haud
1904 2094 2005 2140 scio
2037 2110 2099 2140 an
2135 2093 2262 2140 inter
2290 2092 2573 2158 eloquentiae

455 2197 605 2248 opera
622 2180 766 2244 longe
795 2177 1157 2226 difficillimum.

519 2282 723 2330 Facilius
750 2291 846 2340 est,
877 2279 939 2327 de
971 2278 1168 2343 singulis
1201 2276 1276 2324 vel
1310 2276 1718 2342 philosophorum
1757 2278 1899 2325 sectis
1933 2277 2009 2325 vel
2043 2277 2231 2323 virtutis
2259 2278 2499 2340 magistris
2534 2289 2577 2326 et

455 2366 752 2433 sapientibus
778 2363 1114 2412 commentari.
1156 2365 1321 2426 Itaque
1342 2361 1393 2407 in
1420 2361 1514 2408 hoc
1541 2361 1787 2409 volumine
1806 2362 1866 2409 de
1886 2362 2217 2426 Pythagoreis,
2240 2361 2300 2408 de
2324 2361 2576 2427 Sophistis,

454 2452 515 2499 de
533 2451 722 2516 Cynicis
740 2449 884 2496 latius
911 2458 958 2494 et
978 2447 1175 2494 uberius
1202 2445 1406 2493 disserui
1438 2445 1834 2510 singulorumque
1858 2445 2264 2510 philosophorum
2299 2445 2447 2505 vitas,
2479 2463 2579 2493 mo-

455 2554 556 2595 res,
588 2535 779 2583 decreta
808 2531 1122 2591 adumbravi,
1153 2530 1420 2596 praesertim
1455 2546 1608 2594 quum
1627 2528 1700 2575 hae
1727 2528 1914 2575 familiae
1940 2528 2208 2591 longiorem
2237 2544 2400 2575 rerum
2433 2545 2577 2594 expo·

455 2621 679 2668 sitionem
694 2617 1040 2666 desiderarent.
1065 2614 1161 2663 Sed
1179 2615 1412 2680 quoniam
1434 2614 1676 2679 praecipue
1698 2613 1817 2659 mihi
1840 2612 2264 2659 subtilissimorum
2286 2613 2577 2678 scriptorum

455 2705 540 2770 qui
566 2703 810 2752 veteribus
841 2700 1023 2748 saeculis
1051 2699 1415 2765 philosophiam
1455 2697 1659 2763 professi
1695 2707 1805 2744 sunt
1832 2697 2063 2760 fragmina
2086 2695 2387 2759 colligenda,
2416 2713 2579 2744 emen-

455 2787 646 2846 danda,
677 2785 937 2845 vertenda,
968 2783 1253 2850 explicanda
1280 2792 1443 2841 erant,
1475 2792 1587 2829 ante
1616 2784 1777 2830 omnia
1803 2782 1854 2829 id
1892 2781 2080 2841 studui,
2113 2790 2165 2827 ut
2199 2781 2318 2828 alios
2339 2781 2579 2845 diligentia

457 2870 727 2929 vincerem,
755 2867 1016 2933 pluresque
1053 2876 1100 2912 et
1138 2865 1491 2913 emendatiores
1528 2883 1583 2913 ac
1618 2844 1759 2914 simul
1783 2865 1949 2913 melius
1983 2881 2127 2930 quam
2159 2863 2277 2910 olim
2304 2864 2510 2927 digestas
2537 2876 2581 2913 et
2623 2877 2626 2885 ·

457 2969 714 3001 conversas
737 2950 1148 3017 philosophorum
1179 2949 1443 3014 reliquias
1432 2967 1481 2996 1n
1511 2950 1668 2998 lucem
1695 2967 1990 2998 revocarem.
2029 2949 2276 3013 Denique,
2309 2964 2370 2993 ne
2397 2947 2580 2996 deesset

458 3038 699 3102 egregium
733 3045 1079 3083 consummatae
1110 3034 1356 3100 sapientiae
1383 3035 1629 3099 specimen
1650 3073 1662 3094 ,
1692 3035 1827 3100 quasi
1866 3034 2111 3080 minorum
2132 3032 2343 3096 gentium
2372 3040 2418 3077 et
2448 3031 2574 3079 velut

459 3121 682 3170 secundae
712 3130 839 3167 notae
879 3118 1187 3185 philosophis
1236 3119 1506 3183 interposui
1539 3119 1789 3166 Platonem
1829 3118 1996 3184 primae
2036 3116 2197 3163 classis
2234 3124 2482 3161 auctorem
2528 3116 2574 3163 in

460 3207 624 3274 priore
654 3205 816 3252 Timaei
843 3214 979 3269 parte
1006 3220 1170 3250 rerum
1199 3202 1409 3274 origines
1436 3214 1730 3251 scrutantem
1768 3220 1878 3255 cum
1925 3201 2025 3265 ejus
2061 3197 2404 3264 interpretibus
2443 3199 2575 3246 Cice·

459 3307 580 3339 rone
604 3300 651 3336 et
676 3288 945 3336 Chalcidio.
975 3291 1209 3335 Caeterum
1230 3287 1534 3334 Chalcidium
1559 3298 1663 3334 tum
1702 3287 1886 3334 collatis
1922 3282 2245 3350 superioribus
2282 3282 2574 3330 editionibus

461 3385 566 3421 tum
602 3373 837 3421 consultis
874 3371 1125 3419 codicibus
1163 3371 1451 3418 Florentinis
1498 3372 1800 3435 recognitum
1832 3367 2091 3416 lectoribus
2140 3359 2353 3414 exhibui.
2398 3366 2577 3422 Quodsi

464 3455 605 3501 editis
631 3455 709 3501 his
736 3454 1051 3502 Miscellaneis
1079 3455 1278 3502 luminis
1296 3455 1481 3520 aliquid
1505 3456 1656 3502 veteri
1687 3453 2005 3520 philosophiae
2030 3461 2077 3498 et
2114 3450 2275 3514 graecis
2303 3448 2475 3495 litteris
2510 3466 2575 3496 vl·
2610 3464 2611 3508 j

465 3556 546 3586 sus
571 3538 709 3586 fuero
734 3539 971 3600 attulisse,
1003 3557 1127 3605 opus
1153 3540 1287 3604 quod
1316 3549 1384 3586 est
1413 3540 1460 3586 in
1491 3539 1713 3586 manibus
1734 3537 1981 3585 absolvere
2003 3533 2234 3582 conabor.
