2638 3840
345 233 502 263 Lxxxiv
1122 220 1190 259 DE
1217 218 1418 260 GORGlA
1449 221 1723 261 LEONTINO.

342 312 623 364 quinquennali
642 311 864 350 celebritate
882 310 1077 357 ludorum,
1099 309 1296 360 professus
1311 317 1383 356 est,

1453 310 1648 359 fraudem,
1672 324 1749 363 qua
1773 319 1811 349 et
1844 311 1912 361 qui
1941 310 2138 363 deciperet
2163 323 2240 348 non
2272 309 2491 361 decipiente

342 381 479 410 cuncta
497 384 606 423 paene
627 371 806 409 audiente
825 370 997 416 Graecia,
1020 368 1117 405 nihil
1136 381 1220 406 esse
1246 368 1328 406 ulla
1345 368 1388 406 in
1444 368 1605 420 justior,
1625 379 1661 409 et
1686 371 1754 422 qui
1783 370 2029 422 deciperetur
2046 383 2125 407 non
2150 370 2311 420 decepto
2333 368 2492 420 sapien-

341 439 423 468 arte
447 444 577 470 rerum
596 430 788 476 omnium,
808 429 913 480 quod
939 429 1023 478 ipse
1043 426 1210 465 nesciret
1230 440 1239 464 :
1262 439 1389 478 neque

341 489 467 527 solum
490 489 558 527 has
585 497 686 528 artes
706 488 782 527 sibi
802 500 885 526 esse
919 485 1152 535 familiares,
1173 484 1318 536 quibus
1340 485 1387 523 li-

340 547 494 586 berales
515 548 703 586 doctrinae
728 555 844 597 atque
874 546 1052 594 ingenuae
1081 544 1386 592 contineremur,

341 608 616 656 geometriam,
643 606 850 651 musicam,
880 605 1096 642 litterarum
1129 603 1386 653 cognitionem

341 675 379 704 et
406 676 625 718 poetarum,
645 675 758 716 atque
789 665 858 702 illa
878 677 964 714 quae
981 663 1030 700 de
1057 663 1206 701 naturis
1232 675 1359 701 rerum
1374 692 1385 711 ,

341 739 428 776 quae
441 726 487 763 de
501 726 702 763 hominum
722 722 911 770 moribus,
923 736 1010 773 quae
1026 721 1073 759 de
1087 721 1205 759 rebus
1219 722 1388 773 publicis

341 785 565 824 dicerentur
584 798 592 821 ε
613 783 680 821 sed
699 782 885 820 annulum
903 795 1017 832 quem
1035 780 1207 829 haberet,
1225 781 1386 832 pallium

342 847 420 894 quo
458 845 644 888 amictus,
679 855 812 881 soccos
853 840 998 892 quibus
1029 840 1189 878 indutus
1220 849 1319 878 esset
1349 853 1389 878 se

342 916 412 940 sua
432 916 547 940 manu
567 901 793 940 confecisse.
854 900 954 938 Hinc
969 913 1062 949 ergo
1078 899 1203 937 facilis
1222 907 1279 937 est
1296 913 1387 937 con-

337 961 512 1011 jectura,
537 968 723 1010 quantum
758 958 836 998 sibi
869 958 1086 997 doctissimi
1120 958 1181 996 illi
1210 958 1389 997 homines

340 1020 387 1056 de
423 1018 728 1070 praeclarissimis
762 1017 914 1056 artibus
947 1017 1205 1069 appetierint,
1241 1017 1311 1067 qui
1342 1030 1390 1055 ne

341 1078 580 1116 sordidiores
626 1076 784 1128 quidem
819 1076 1080 1128 repudiarint.
1152 1075 1225 1113 Sed
1257 1083 1301 1113 ut
1341 1076 1389 1113 ad

341 1136 528 1186 Gorgiam
558 1135 728 1182 redeam,
747 1135 884 1185 ingens
901 1135 974 1173 fuit
993 1148 1122 1173 rerum
1147 1133 1315 1172 varietas
1342 1135 1390 1172 de

341 1195 486 1247 quibus
517 1195 717 1246 disputare
746 1203 1010 1232 consueverat.
1067 1194 1126 1233 Ac
1154 1193 1203 1231 de
1234 1193 1391 1232 virtutis

340 1254 498 1305 quidem
521 1262 659 1292 natura
672 1266 751 1291 non
768 1253 809 1298 in
832 1252 1059 1291 universum
1079 1251 1245 1290 aliorum
1262 1252 1390 1303 philo-

338 1314 548 1365 sophorum
565 1326 673 1351 more
689 1312 820 1363 loqui,
840 1312 907 1350 sed
924 1312 972 1350 de
988 1311 1152 1361 singulis
1178 1310 1391 1349 virtutibus

339 1373 467 1411 dicere
487 1372 638 1412 solebat
694 1371 790 1424 (49).
807 1371 893 1417 Quo
920 1372 963 1409 in
997 1383 1136 1420 genere
1164 1379 1316 1408 servata
1334 1379 1392 1409 est

339 1446 361 1470 a
396 1432 607 1471 Plutarcho
640 1439 805 1469 venusta
835 1429 920 1481 ejus
963 1429 1010 1467 de
1041 1428 1274 1468 mulieribus
1304 1442 1391 1468 sen-

339 1490 482 1542 tentia,
514 1503 678 1541 quarum
721 1502 798 1526 non
834 1488 997 1525 formam
1035 1487 1102 1525 sed
1135 1489 1274 1526 famam
1306 1488 1392 1526 vult

340 1550 474 1588 multis
494 1562 578 1588 esse
601 1557 731 1586 notam
794 1547 889 1598 (50).
913 1547 1129 1585 Essentiam
1150 1561 1237 1585 cum
1266 1547 1392 1598 specie

341 1608 398 1647 sic
419 1607 637 1658 componit,
664 1615 708 1644 ut
724 1605 853 1657 ipsum
872 1605 1029 1656 quidem
1050 1619 1143 1651 esse,
1172 1605 1205 1643 si
1225 1618 1305 1643 non
1330 1606 1389 1643 vi-

341 1667 493 1715 deatur,
515 1666 751 1704 obscuritate
765 1694 776 1712 ‚
795 1665 923 1716 ipsum
947 1673 1073 1702 autem
1094 1666 1236 1709 videri,
1261 1664 1293 1702 si
1313 1678 1390 1702 non

340 1728 413 1775 sit,
444 1725 711 1764 imbecillitate
734 1723 915 1762 laborare
944 1731 1096 1761 censeat
1158 1721 1254 1774 (51).
1288 1722 1392 1768 Quid

341 1785 553 1835 generatim
574 1785 621 1823 de
640 1783 813 1822 amicitia
834 1782 1084 1834 praeceperit,
1106 1782 1391 1833 incompertum

343 1844 548 1882 habemus.
624 1842 936 1894 Reprehenditur
973 1854 1070 1878 vero
1103 1854 1125 1878 a
1159 1840 1390 1890 Plutarcho,

341 1903 447 1954 quod
475 1903 643 1941 amicum
664 1903 712 1939 ab
741 1902 867 1938 amico
898 1901 941 1938 in
962 1899 1078 1938 rebus
1099 1895 1246 1937 t'antum
1273 1898 1393 1949 justis

342 1976 454 2014 opem
473 1962 704 2014 petiturum,
720 1961 797 2012 ipsi
817 1968 942 1998 autem
965 1959 1005 1997 in
1026 1959 1159 1998 multis
1179 1967 1217 1996 et
1235 1958 1394 2009 injustis

343 2022 459 2060 rebus
475 2035 632 2074 operam
646 2021 827 2059 daturum
843 2031 926 2057 esse
941 2018 1137 2070 putaverit
1153 2016 1252 2070 (52).
1267 2017 1394 2056 Porro

342 2090 546 2133 poetarum
568 2081 736 2120 lectione
755 2078 924 2117 mirifice
946 2078 1176 2115 delectatum
1199 2089 1283 2115 esse
1298 2077 1395 2115 Gor-

343 2140 466 2189 giam,
491 2139 652 2189 colligas
669 2151 718 2176 ex
739 2138 790 2176 iis
809 2150 896 2188 quae
918 2138 966 2174 de
995 2145 1077 2174 arte
1109 2135 1255 2186 tragica
1283 2149 1328 2173 ac
1347 2135 1395 2174 de

343 2198 523 2249 AEschylo
550 2197 755 2249 judicavit.
810 2196 906 2234 Nam
928 2194 1155 2245 tragoediam
1189 2207 1273 2233 esse
1297 2194 1396 2232 dixit

345 2325 536 2367 χιτωνίσκου
555 2326 592 2363 ἣν
615 2325 695 2366 εἶχες
717 2325 796 2356 εἶναι
821 2324 876 2366 μὲν
896 2324 959 2356 οἷαι
985 2326 1018 2356 αἱ
1038 2324 1192 2366 Περσικαὶ
1211 2327 1274 2356 τῶν
1298 2325 1392 2357 πολυ-

343 2373 452 2410 τελῶν,
468 2373 583 2409 ταύτην
614 2372 647 2403 δὲ
667 2372 759 2408 αὐτὸς
783 2372 901 2408 πλέξαι.
925 2372 1009 2412 Πρὸς
1031 2372 1064 2403 δὲ
1092 2371 1213 2407 τούτοις
1231 2371 1396 2413 ποιήματα

345 2419 428 2460 ἔχων
446 2419 556 2458 ἐλθεῖν,
575 2419 628 2450 καὶ
650 2418 710 2456 ἔπη
731 2419 786 2449 καὶ
813 2418 986 2460 τραγῳδίας
1015 2419 1069 2450 καὶ
1095 2418 1298 2460 διθυράμὸους
1311 2441 1320 2456 ,
1341 2417 1395 2449 καὶ

344 2466 560 2506 καταλογάδην
579 2466 710 2502 πολλοὺς
727 2466 837 2506 λόγους
850 2467 903 2497 καὶ
918 2465 1134 2502 παντοδαποὺς
1157 2465 1394 2507 συγκειμένους.

346 2514 408 2545 Καὶ
423 2513 491 2553 περὶ
507 2516 568 2544 τῶν
584 2516 702 2553 τεχνῶν
716 2514 753 2551 δὴ
767 2513 810 2544 ὧν
828 2513 895 2554 ἄρτι
915 2512 977 2552 ἐγὼ
994 2512 1099 2552 ἔλεγον
1120 2512 1302 2552 ἐπιστήμων
1327 2511 1396 2552 ἀφι-

348 2561 458 2592 κέσθαι
487 2559 691 2600 διαφερόντως
723 2563 784 2591 τῶν
813 2560 928 2598 ἄλλων,
951 2559 1008 2591 καὶ
1027 2559 1096 2600 περὶ
1118 2559 1241 2600 ῥυθμῶν
1260 2559 1313 2590 καὶ
1339 2559 1395 2600 ἁρ-

352 2609 467 2646 μονιῶν
481 2606 534 2637 καὶ
552 2607 743 2648 γραμμάτων
763 2606 940 2648 ὀρθότητος,
955 2608 1008 2638 καὶ
1028 2606 1107 2638 ἄλλα
1126 2606 1171 2638 ἔτι
1187 2607 1262 2647 πρὸς
1274 2607 1396 2644 τούτοις

346 2653 429 2685 πάνυ
443 2652 560 2691 πολλά,
581 2655 622 2689 ὡς
646 2654 708 2692 ἐγὼ
729 2654 813 2685 δοκῶ
839 2654 1053 2694 μνημονεύειν.
1082 2653 1192 2685 Καίτοι
1211 2653 1247 2685 τό
1262 2664 1297 2694 γε
1319 2665 1395 2693 μνη-

350 2700 478 2740 μονικὸν
491 2699 682 2739 ἐπελαθόμην
703 2711 760 2731 σου
773 2724 782 2739 ,
800 2702 841 2736 ὡς
858 2700 962 2739 ἔοικε,
985 2700 1144 2740 τέχνημα,
1168 2700 1199 2731 ἐν
1228 2700 1254 2741 ᾧ
1277 2701 1316 2732 σὺ
1338 2700 1396 2733 οἴει

348 2745 563 2790 λαμπρότατος
579 2745 669 2777 εἶναι.
686 2747 783 2786 Οἶμαι
800 2747 832 2778 δὲ
849 2747 902 2778 καὶ
919 2747 996 2778 ἄλλα
1008 2746 1178 2786 πάμπολλα
1188 2746 1396 2785 ἐπιλελῆσθαι.

350 2793 444 2825 Conf.
464 2792 576 2825 Cicero
603 2795 647 2824 De
673 2795 753 2825 orat.
779 2795 838 2832 Ill,
862 2797 914 2826 32.
943 2793 1155 2825 Philostratus
1174 2793 1240 2826 Vit.
1259 2794 1395 2835 sophist.

350 2841 409 2873 lib.
425 2842 440 2872 l
457 2850 492 2880 p.
510 2842 589 2878 4953
609 2840 826 2877 Quintilianus
845 2840 899 2871 lib.
915 2841 987 2879 XII,
1009 2843 1057 2877 11,
1073 2844 1126 2877 2l;
1148 2841 1301 2886 Apulejus
1326 2842 1398 2873 Flo-

351 2888 413 2921 rid.
434 2892 466 2926 2;
484 2887 543 2918 Dio
560 2887 811 2926 chrysostomus
832 2886 960 2918 dissert.
976 2887 1097 2925 Lxxl;
1112 2887 1273 2919 Lucianus
1287 2889 1318 2919 in
1334 2888 1396 2919 dia-

351 2935 424 2974 logo
438 2934 492 2974 qui
509 2933 639 2974 Hippias
652 2933 850 2965 inscribitur.
873 2935 1033 2965 caeterum
1062 2933 1187 2973 Hippiae
1205 2934 1397 2975 scriptorum

353 2981 503 3022 reliquias
518 2980 617 3012 edidit
644 2982 718 3011 Car.
734 2980 845 3011 Mulier
860 2979 892 3011 in
910 2982 1034 3020 Fragm.
1052 2979 1127 3011 hist.
1141 2982 1196 3012 Gr.
1213 2981 1279 3012 vol.
1297 2983 1340 3014 Π.
1358 3002 1399 3009 ..-

355 3030 420 3069 (49)
433 3027 617 3060 Aristoteles
630 3027 722 3058 Polit.
737 3029 765 3066 Ι,
777 3029 826 3066 13,
841 3035 871 3066 ρ.
889 3030 967 3058 1260
984 3026 1035 3058 ed.
1051 3026 1183 3059 nokker.
1196 3028 1273 3069 τούχ
1286 3030 1305 3066 ἡ
1321 3028 1398 3067 αὐτὴ

354 3074 540 3115 σωφροσύνη
559 3074 703 3113 γυναικὸς
721 3074 774 3104 καὶ
792 3073 899 3113 ἀνδρός
913 3082 920 3089 ·
935 3073 996 3104 οὐδ’
1011 3072 1118 3114 ἀνδρία
1133 3074 1186 3104 καὶ
1202 3074 1398 3115 δικαιοσύνη,

353 3122 492 3162 καθάπερ
508 3121 586 3162 ᾤετο
603 3119 785 3160 Σωκράτης,
802 3119 868 3151 ἀλλ’
881 3122 901 3158 ἡ
916 3120 970 3160 μὲν
983 3120 1097 3162 ἀρχικὴ
1112 3120 1232 3160 ἀνδρία,
1248 3122 1267 3158 ή
1281 3120 1308 3152 δ’
1321 3123 1397 3160 ὑπη-

356 3170 472 3211 ρετική.
488 3167 625 3208 Ὁμοίως
650 3168 677 3199 δ’
690 3167 755 3207 ἔχει
778 3167 831 3198 καὶ
856 3167 924 3207 περὶ
949 3167 1002 3203 τὰς
1019 3167 1122 3203 ἄλλας.
1141 3168 1240 3204 Δῆλον
1254 3167 1288 3198 δὲ
1308 3170 1400 3200 τοῦτο

357 3218 409 3247 καὶ
423 3216 505 3248 κατὰ
516 3215 605 3256 μέρος
620 3215 734 3255 μᾶλλον
749 3214 986 3246 ἐπισκοποῦσιν·
1001 3213 1135 3244 καθόλου
1149 3214 1208 3254 γὰρ
1221 3215 1249 3244 οἱ
1264 3213 1400 3254 λέγοντες

358 3264 548 3299 ἐξαπατῶσιν
568 3260 713 3299 ἑαυτούς,
730 3260 777 3291 ὅτι
793 3260 829 3291 τὸ
845 3259 879 3291 εὖ
905 3260 987 3301 ἔχειν
1008 3260 1064 3297 τὴν
1081 3260 1185 3301 ψυχὴν
1202 3259 1311 3300 ἀρετή,
1328 3261 1348 3298 ἢ
1365 3262 1401 3293 τὸ

358 3310 557 3350 ὀρθοπραγεῖν
569 3309 589 3347 ἤ
606 3318 636 3340 τι
650 3310 712 3340 τῶν
725 3307 884 3339 τοιούτων.
900 3307 985 3339 Πολὺ
1001 3307 1060 3347 γὰρ
1075 3306 1201 3348 ἄμεινον
1216 3306 1358 3346 λέγουσιν
1371 3309 1401 3339 οἱ

359 3357 585 3397 ἐξαριθμοῦντες
598 3356 653 3391 τὰς
667 3355 792 3396 ἀρετάς,
810 3355 916 3396 ὥσπερ
935 3352 1081 3395 Γοργίας,
1103 3357 1163 3385 τῶν
1186 3353 1282 3389 οὕτως
1301 3354 1400 3394 ὁριζο-

362 3404 471 3442 μένων.
489 3420 528 3425 —
543 3403 607 3442 (50)
626 3401 699 3434 Vid.
719 3401 833 3442 fragm.
856 3402 905 3432 17.
922 3403 955 3432 et
968 3399 1050 3432 Plat.
1070 3402 1153 3435 Men.
1168 3409 1199 3440 p.
1216 3403 1252 3432 71
1270 3399 1302 3440 (§
1316 3400 1403 3440 3).—

363 3450 428 3490 (51)
443 3449 517 3480 Vid.
536 3450 648 3490 fragm.
668 3451 716 3480 16.
735 3467 775 3475 -
794 3447 861 3488 (52)
882 3446 958 3479 Vid.
978 3446 1090 3487 fragm.
1109 3450 1158 3479 17.
1174 3465 1214 3473 -
1228 3446 1294 3488 (53)
1326 3448 1400 3480 Vid.

1450 428 1526 467 tior
1545 438 1644 468 esset
1706 430 1802 481 (53).
1840 430 1967 475 Quum
1999 437 2125 467 autem
2160 427 2362 478 AEschylus
2395 425 2494 464 bene

1450 496 1564 539 potus
1595 502 1683 528 suas
1716 488 1922 539 scripsisse
1959 488 2104 526 feratur
2138 486 2370 537 tragoedias,
2400 484 2492 523 Plu-

1452 547 1583 586 tarcho
1602 548 1733 600 potius
1763 548 2033 599 astipulamur,
2054 546 2122 598 qui
2142 544 2274 584 omnia
2296 544 2382 596 ejus
2402 544 2491 582 ‹lra-

1450 615 1551 645 mata
1570 607 1759 645 Bacchum
1780 606 1954 645 redolere
1973 606 2042 653 ait,
2063 618 2178 656 quam
2201 604 2356 654 Gorgiae
2375 616 2492 641 unam

1449 678 1497 703 ex
1512 665 1596 717 ejus
1618 666 1780 714 fabulis,
1797 666 1949 717 Septem
1968 664 2156 703 adversus
2172 662 2340 710 Thebas,
2359 661 2494 700 Martis

1449 737 1532 763 esse
1550 725 1704 776 plenam
1720 724 1899 763 statuenti
1919 723 2012 778 (54).

1505 783 1562 822 De
1576 783 1735 833 Gorgiae
1749 783 1970 820 charactere
1984 782 2067 834 jam
2081 794 2200 834 supra
2214 780 2402 827 diximus,
2422 777 2493 831 qui

1451 855 1537 879 cum
1571 855 1619 880 ex
1651 842 1737 880 aliis
1781 842 1867 892 ejus
1903 841 2053 891 ingenii
2096 838 2381 889 monumentis,
2410 846 2495 876 tum

1451 901 1618 938 maxime
1654 914 1676 938 e
1711 902 1850 951 quinto
1885 901 2099 950 fragmento
2126 899 2388 950 cognoscitur.
2427 897 2496 936 Est

1450 968 1576 997 autem
1596 972 1724 1011 operae
1742 960 1910 1011 pretium
1939 972 2005 998 eos
2030 960 2099 1011 qui
2123 958 2304 997 Leontini
2326 957 2496 997 rhetoris

1454 1017 1663 1055 dictionem
1694 1017 1758 1056 hic
1782 1017 1866 1055 illic
1886 1017 2028 1055 imitati
2058 1026 2148 1056 sunt
2177 1028 2491 1055 commemorare.

1449 1075 1622 1121 Quorum
1652 1077 1693 1115 in
1721 1089 1884 1114 numero
1907 1084 2047 1127 praeter
2061 1076 2263 1114 Platonem
2284 1075 2362 1127 (55)
2385 1073 2497 1112 Thu-

1450 1135 1608 1186 cydides
1630 1135 1728 1186 (56),
1746 1136 1889 1174 Critias
1920 1135 2019 1186 (57),
2045 1134 2234 1174 Isocrates
2261 1133 2358 1186 (58),
2389 1132 2498 1172 Alci-

1450 1194 1583 1233 damas
1612 1195 1755 1233 Elaites
1785 1194 1882 1246 (59)‚
1915 1193 2036 1232 Polus
2078 1193 2355 1244 Agrigentinus
2398 1192 2495 1244 (60),

1451 1254 1630 1303 Agatbon
1657 1254 1735 1305 (61)
1757 1262 1872 1305 poeta
1901 1252 2093 1302 tragicus,
2113 1251 2312 1291 AEschines
2333 1249 2412 1304 (δα)
2430 1251 2497 1290 de·

1451 1314 1571 1365 nique
1591 1314 1812 1352 Socraticus
1828 1321 2082 1364 reponuntur.
2137 1311 2279 1350 Verum
2305 1318 2496 1363 quatenus

1452 1466 1565 1506 fragm.
1584 1468 1632 1498 19.
1649 1482 1692 1489 -
1708 1464 1772 1506 (54)
1790 1464 1864 1498 Vid.
1879 1464 1992 1505 fragm.
2007 1468 2058 1496 20.
2070 1481 2112 1487 —
2123 1463 2188 1504 (55)
2206 1461 2380 1504 Dionysius
2393 1461 2496 1504 Epist.

1451 1513 1490 1546 ad
1507 1515 1566 1546 Cn.
1585 1515 1698 1554 Pomp.
1718 1512 1782 1544 vol.
1799 1514 1843 1544 VI
1856 1521 1887 1553 p.
1906 1515 1967 1545 760
1979 1511 2029 1544 ed.
2047 1511 2153 1544 Reisk.
2173 1521 2185 1545 ε
2198 1510 2341 1552 σχήμασί
2355 1520 2391 1542 τε
2404 1518 2499 1548 ποιη-

1451 1565 1548 1597 τικοῖς
1565 1560 1701 1601 ἐσχάτην
1714 1560 1962 1601 προσὸάλλουσιν
1979 1559 2103 1597 ἀηδίαν,
2120 1559 2174 1590 καὶ
2191 1558 2327 1599 μάλιστα
2339 1559 2405 1594 τοῖς
2420 1558 2500 1598 Γορ-

1453 1608 1562 1649 γιείοις
1578 1607 1714 1647 ἀκαίρως
1728 1608 1781 1639 καὶ
1799 1607 2012 1649 μειρακιωδῶς
2026 1607 2044 1638 ὁ
2058 1605 2194 1639 Πλάτων
2210 1604 2406 1646 ἐναὸρύνεται
2415 1611 2427 1623 ·
2444 1603 2499 1636 καὶ

1452 1654 1634 1688 πολυτέλεια
1649 1654 1693 1690 τίς
1710 1654 1793 1686 ἐστιν
1810 1654 1842 1686 ἐν
1860 1658 1925 1690 τοῖς
1942 1654 2092 1689 τοιούτοις
2109 1651 2182 1695 παρ’
2198 1651 2302 1693 αὐτῷ,
2316 1652 2359 1688 ὡς
2372 1651 2426 1684 καὶ
2440 1653 2502 1689 Δη·

1454 1703 1580 1744 μήτριος
1595 1703 1613 1733 ὁ
1638 1701 1798 1742 Φαληρεὺς
1827 1701 1930 1743 εἴρηκέ
1945 1711 2007 1732 που
2023 1701 2076 1732 καὶ
2094 1700 2181 1731 ἄλλοι
2200 1699 2310 1740 συχνοὶ
2337 1698 2496 1741 πρότερον·

1453 1751 1490 1782 οὐ
1503 1750 1563 1791 γὰρ
1578 1750 1651 1789 ἐμὸς
1663 1750 1681 1781 ὁ
1695 1750 1799 1790 μῦθος.
1817 1749 1866 1781 Id.
1882 1759 1914 1790 p.
1929 1751 1989 1780 762
2006 1748 2046 1780 de
2062 1748 2196 1780 Platone
2207 1759 2217 1779 ι
2231 1750 2285 1786 τῆς
2301 1745 2431 1788 Γοργίου
2445 1746 2498 1778 καὶ

1454 1797 1647 1830 Θουκυδίδου
1675 1800 1871 1834 κατασκευῆς
1893 1795 2042 1837 ἐρασθείς.
2061 1795 2153 1827 conf.
2170 1796 2218 1827 De
2239 1793 2326 1838 adm.
2350 1793 2384 1825 vi
2402 1795 2498 1826 Dem-

1453 1853 1523 1886 cap.
1542 1849 1560 1877 5
1578 1853 1609 1885 p.
1631 1847 1707 1877 967.
1722 1861 1765 1867 —
1780 1844 1848 1884 (56)
1874 1843 2050 1883 Dionysius
2076 1839 2370 1874 Halicarnassensis
2394 1841 2499 1882 Epist.

1453 1894 1485 1925 ΙΙ
1505 1892 1545 1924 ad
1565 1894 1744 1924 Ammaeum
1762 1891 1828 1922 vol.
1847 1892 1890 1923 Vl
1913 1900 1944 1932 p.
1962 1892 2023 1922 792
2046 1889 2097 1921 ed.
2118 1888 2227 1921 Reisk.
2242 1888 2348 1930 :ellpoe
2362 1886 2441 1920 δ’ἅν
2454 1898 2501 1925 τις

1454 1940 1512 1972 οὐκ
1528 1939 1619 1980 ὀλίγα
1635 1938 1688 1970 καὶ
1707 1941 1770 1970 τῶν
1789 1938 1957 1980 θεατρικῶν
1977 1936 2149 1979 σχημάτων
2175 1936 2303 1976 κείμενα
2325 1934 2399 1977 παρ’
2415 1935 2502 1977 αὐτῷ

1453 1989 1512 2030 [τῷ
1526 1984 1727 2028 Θουκυδίδῃ]·
1742 1985 1799 2022 τὰς
1810 1986 2002 2028 παρισώσεις
2018 1986 2099 2026 λέγω
2115 1984 2169 2019 καὶ
2184 1983 2432 2025 παρομοιώσεις,
2446 1983 2501 2016 καὶ

1455 2034 1710 2076 παρονομασίας,
1731 2033 1783 2064 καὶ
1805 2033 1992 2069 ἀντιθέσεις·
2009 2032 2042 2064 ἐν
2069 2031 2119 2068 αῖς
2143 2030 2313 2063 ἐπλεόνασε
2335 2030 2466 2074 Γοργίας
2482 2031 2502 2063 ὁ

1456 2085 1639 2121 Λεοντῖνος,
1662 2080 1716 2112 καὶ
1741 2080 1772 2111 οἱ
1796 2079 1865 2121 περὶ
1892 2080 2006 2111 Πῶλον
2022 2078 2076 2111 τὸν
2105 2078 2291 2118 Λικύμνιον,
2315 2077 2368 2109 καὶ
2393 2077 2502 2110 πολλοὶ

1454 2130 1541 2160 ἀλλοι
1559 2130 1623 2160 τῶν
1639 2126 1709 2158 κατ’
1725 2125 1818 2158 αὐτὸν
1834 2125 2058 2168 ἀκμασάντων.
2078 2124 2133 2158 Cf.
2149 2124 2228 2157 Jud.
2245 2123 2285 2157 de
2300 2123 2449 2166 Thucyd.
2467 2133 2499 2157 c.

1456 2180 1507 2215 24,
1530 2185 1562 2216 p.
1581 2179 1653 2208 869.
1673 2173 1877 2207 Marcellinus
1893 2173 1925 2205 in
1950 2173 2054 2206 Thuc.
2077 2172 2135 2204 vit.
2152 2175 2189 2205 51
2207 2178 2219 2204 ε
2241 2171 2403 2210 πολυειδὴς
2422 2171 2502 2204 δὲέν

1457 2224 1488 2256 ἐν
1501 2226 1568 2260 τοῖς
1581 2222 1725 2264 σχήμασι
1738 2220 1778 2253 τὰ
1789 2220 1888 2252 πολλὰ
1899 2220 1955 2252 καὶ
1973 2223 2036 2252 τῶν
2050 2218 2181 2261 Γοργίου
2198 2221 2255 2251 τοῦ
2270 2218 2436 2252 Λεοντίνου
2452 2229 2503 2259 μι-

1456 2270 1617 2310 μούμενος.
1631 2267 1752 2310 -(57)
1767 2266 1982 2299 Philostratus
2000 2266 2059 2298 vit.
2076 2268 2175 2307 Gorg.
2191 2274 2222 2307 p.
2240 2267 2302 2298 492
2323 2273 2408 2306 seq.;
2423 2264 2501 2298 item

1455 2317 1549 2358 epist.
1570 2315 1610 2348 ad
1633 2314 1700 2348 Jul.
1715 2317 1796 2355 Aug.
1815 2322 1847 2355 p.
1861 2317 1934 2347 919.
1947 2313 2038 2346 Adde
2058 2312 2196 2346 eundem
2221 2312 2279 2345 vit.
2295 2311 2376 2344 crit.
2390 2320 2424 2353 p.
2438 2315 2501 2345 ⁵02

1456 2374 1523 2406 seq.
1545 2364 1578 2396 et
1597 2364 1749 2403 Hei-mog.
1768 2363 1817 2394 De
1839 2360 1938 2394 form.
1966 2361 2061 2393 orat.¹
2078 2361 2106 2392 ΙΙ
2128 2367 2158 2392 c.
2180 2362 2213 2392 11
2238 2367 2270 2400 p.
2288 2361 2350 2393 499
2373 2367 2500 2401 secl.—

1458 2411 1523 2454 (58)
1543 2409 1715 2452 Dionysius
1730 2408 1834 2440 Halic.
1846 2410 1894 2440 De
1903 2416 2011 2449 comp.
2024 2407 2113 2439 verb.
2126 2415 2197 2448 cap.
2211 2410 2271 2446 2³;
2285 2406 2363 2439 item
2375 2409 2425 2440 De
2436 2409 2503 2441 Iso-

1456 2461 1543 2492 crate
1556 2458 1629 2500 jud.
1640 2465 1711 2497 cap.
1722 2459 1754 2495 2,
1768 2463 1838 2496 pag.
1853 2456 1914 2487 539
1930 2454 1987 2487 παῖ
2003 2464 2036 2485 τε
2051 2452 2282 2495 παρομοιώσεις
2292 2453 2346 2485 καὶ
2357 2453 2502 2496 παρισώ-

1458 2518 1521 2543 σεις
1546 2506 1600 2538 καὶ
1619 2504 1660 2537 τὰ
1680 2502 1843 2542 ἀντίθετα,
1865 2502 1918 2534 καὶ
1945 2504 2006 2539 πᾶς
2030 2502 2049 2533 ὁ
2073 2504 2135 2533 τῶν
2159 2501 2309 2533 τοιούτων
2330 2500 2502 2542 σχημάτων

1457 2555 1576 2595 κόσμος
1594 2551 1688 2588 πολύς
1707 2551 1776 2583 ἐστι
1795 2549 1867 2591 παρ’
1884 2549 1971 2590 αὐτῷ
1981 2573 1990 2588 ,
2005 2550 2059 2580 καὶ
2072 2550 2165 2581 λυπεῖ
2178 2548 2325 2585 πολλάκις
2340 2549 2395 2587 τὴν
2407 2549 2502 2587 ἀλλην

1459 2600 1667 2639 κατασκευήν,
1684 2597 1931 2640 προσιστάμενος
1952 2599 2019 2632 ταῖς
2044 2596 2167 2632 ἀκοαῖς.
2197 2612 2226 2618 -
2245 2595 2311 2635 (59)
2330 2595 2502 2636 Dionysius

1457 2647 1645 2682 Halic..1ud.
1661 2646 1701 2678 de
1718 2647 1798 2678 Isaeo
1819 2653 1890 2684 cap.
1913 2646 1962 2683 19,
1978 2652 2009 2684 p.
2025 2648 2085 2675 625
2098 2641 2246 2684 ιΓοργίαν
2263 2642 2319 2683 μὲν
2333 2642 2387 2675 τὸν
2404 2644 2499 2677 Διον-

1456 2700 1552 2735 τῖνον,
1565 2694 1754 2727 ἐκπίπτοντα
1769 2694 1824 2723 τοῦ
1844 2690 1968 2732 μετρίου
1991 2691 2043 2721 καὶ
2061 2693 2222 2731 πανταχοῦ
2243 2689 2437 2730 παιδαριώδη
2454 2701 2498 2730 γι-

1457 2745 1605 2787 γνόμενον
1633 2743 1726 2784 ὁρῶν,
1746 2739 1969 2779 Ἀλκιδάμαντα
1988 2739 2021 2770 δὲ
2039 2739 2091 2770 τὸν
2117 2738 2273 2776 ἀκουστὴν
2300 2737 2418 2778 αὐτοῦ,
2437 2749 2503 2770 πα-

1457 2792 1583 2834 χύτερον
1597 2790 1670 2822 ὄντα
1691 2789 1746 2826 τὴν
1763 2787 1841 2823 λέξιν
1869 2787 1921 2817 καὶ
1938 2784 2124 2826 κοινότερον.
2138 2804 2181 2813 -
2193 2786 2259 2825 (60)
2289 2784 2503 2818 Philostratus

1458 2840 1518 2872 vit.
1531 2837 1599 2870 Pol.
1614 2846 1646 2878 p.
1658 2836 1731 2868 497.
1745 2852 1785 2856 -
1797 2831 1863 2874 (61)
1878 2832 1991 2864 AElian.
2007 2833 2083 2863 Var.
2098 2831 2173 2863 hist.
2187 2831 2246 2863 lib.
2261 2832 2335 2863 xlv
2351 2839 2423 2873 cap.
2437 2833 2474 2863 13
2489 2842 2499 2863 ε

1459 2886 1584 2920 πολλοῖς
1600 2884 1652 2915 καὶ
1667 2881 1814 2916 πολλάκις
1828 2884 1939 2921 χρῆται
1962 2882 2024 2915 τοῖς
2039 2879 2204 2915 ἀντιθέτοις
2222 2880 2240 2910 ὁ
2255 2877 2404 2918 Ἀγάθων.
2414 2877 2503 2911 Ἐπεὶ

1459 2933 1492 2964 δέ
1513 2943 1571 2971 τις,
1586 2931 1651 2963 οἷον
1676 2927 1934 2969 ἐπανορθούμενος
1950 2926 2056 2965 αὐτόν,
2079 2926 2221 2958 ἐδούλετο
2243 2926 2409 2967 περιαιρεῖν
2422 2924 2504 2957 αὐτὰ

1458 2983 1522 3012 τῶν
1538 2977 1657 3010 ἐκείνου
1671 2974 1847 3016 δραμάτων,
1862 2974 1957 3005 εἶπεν·
1973 2972 2061 3005 Ἀλλὰ
2078 2972 2118 3004 σύ
2139 2983 2194 3013 γε,
2213 2974 2352 3012 γενναῖε,
2373 2971 2503 3009 λέληθας

1459 3026 1605 3065 σεαυτόν,
1627 3024 1680 3056 τὸν
1703 3023 1858 3064 Ἀγάθωνα
1878 3021 1914 3053 ἐκ
1936 3023 1991 3052 τοῦ
2014 3020 2182 3061 Ἀγάθωνος
2210 3018 2376 3060 ἀφανίζων.
2393 3019 2503 3056 Οὕτως
2549 3056 2554 3061 ,

1460 3074 1560 3115 ἐκόμα
1578 3072 1627 3104 ἐπὶ
1646 3071 1766 3106 τούτοις
1789 3070 1921 3107 ἐκεῖνος,
1945 3069 1999 3100 καὶ
2023 3068 2102 3110 ᾤετο
2129 3068 2184 3106 τὴν
2207 3068 2304 3099 αὑτοῦ
2328 3066 2503 3111 τραγῳδίαν

1460 3122 1547 3153 ταῦτ’
1561 3120 1655 3152 εἶναι.
1673 3117 1780 3151 Schol.
1797 3116 1838 3149 ad
1854 3116 1942 3151 Plat.
1958 3115 2093 3148 conviv.
2105 3123 2138 3156 p.
2155 3117 2213 3147 172
2230 3126 2238 3146 :
2256 3114 2399 3156 ἐμιμεῖτο
2420 3113 2453 3146 δὲ
2472 3113 2503 3156 [ὁ

1458 3166 1610 3208 Ἀγάθων]
1626 3167 1682 3205 τὴν
1707 3164 1892 3206 κομψότητα
1913 3166 1967 3202 τῆς
1989 3163 2098 3198 λέξεως
2123 3161 2253 3203 Γοργίου
2276 3164 2337 3193 ’τοῦ
2361 3161 2500 3203 ῥήτορος.

1461 3214 1635 3255 Agatlionis
1651 3211 1878 3253 tragoediarum
1897 3209 2048 3250 reliquias
2068 3208 2229 3241 recensuit
2251 3209 2286 3240 F.
2303 3208 2342 3240 G.
2357 3207 2502 3248 Wagner

1461 3262 1544 3294 inter
1560 3262 1728 3294 Poetarum
1742 3258 1857 3299 tragic.
1874 3259 2005 3298 Fragm.
2025 3265 2058 3297 p.
2073 3258 2167 3288 52-61
2185 3254 2326 3297 (Parisiis
2342 3255 2445 3295 1846).
2462 3275 2502 3281 .-

1463 3310 1528 3349 (62)
1547 3308 1707 3348 Diogenes
1721 3305 1867 3339 Laertius
1883 3303 1941 3337 lib.
1956 3305 1999 3343 ΙΙ,
2013 3307 2051 3335 63
2065 3315 2073 3335 :
2092 3302 2130 3342 ἦν
2141 3302 2175 3334 δὲ
2187 3302 2238 3333 καὶ
2257 3302 2288 3333 ἐν
2304 3304 2367 3338 τοῖς
2380 3303 2504 3343 ῥητορι-

1463 3358 1529 3392 κοῖς
1547 3357 1662 3391 ἱκανῶς
1675 3352 1926 3395 γεγυμνασμένος
1941 3349 1973 3392 [ό
1987 3348 2166 3392 Αἶσχίνης],
2180 3351 2222 3384 ὡς
2239 3348 2330 3386 δῆλον
2345 3349 2381 3381 ἐκ
2399 3359 2433 3380 τε
2450 3352 2504 3387 τῆς

1464 3403 1633 3442 ἀπολογίας
1663 3405 1719 3434 τοῦ
1750 3400 1865 3442 πατρὸς
1894 3398 2036 3433 Φαίακος
2063 3401 2118 3429 τοῦ
2149 3399 2342 3437 στρατηγοῦ,
2366 3397 2420 3428 καὶ
2450 3399 2504 3435 τῆς

1465 3449 1593 3486 Δίωνος.
1619 3449 1765 3481 Μάλιστα
1791 3448 1825 3480 δὲ
1857 3449 1993 3488 μιμεῖται
2026 3445 2156 3486 Γοργίαν
2184 3445 2237 3476 τὸν
2267 3445 2442 3476 Λεοντῖνον.
2462 3459 2504 3466 -
