2606 3828
313 288 387 323 434,

312 370 459 407 mentio
475 369 551 415 fiat,
576 368 642 417 qui
671 381 754 404 cam
778 366 838 402 vel
858 365 1011 401 Arabiae
1031 364 1155 402 felicis
1179 363 1257 418 (28)
1288 366 1351 403 vel

310 426 695 479 '1¹1·ogl0dytiees(29)
713 426 773 463 vel
796 424 949 474 AEgypti
970 424 1165 472 regionem
1179 423 1253 475 (3ο)
1270 438 1353 463 csse

311 488 602 526 arbitrabantur
621 500 630 523 τ
656 495 781 523 tamen
807 483 912 520 haud
936 483 1052 534 pauci
1068 483 1171 534 apud
1192 483 1352 522 Graecos

309 548 489 587 Evemeri
526 550 598 584 iter
628 547 759 583 fictum
791 543 1039 594 insulamque
1070 543 1202 595 illam,
1236 557 1352 594 quam

308 608 572 660 pulcherrime
604 612 829 643 exornatam
868 603 977 641 velut
1006 603 1048 641 in
1078 602 1184 655 picta
1214 603 1356 642 tabella

308 667 515 719 proponit,
539 665 751 703 fabulosam
780 676 864 702 esse
897 663 1194 702 existimarunt.
1218 663 1354 715 ltaque

308 725 540 765 Plutarchus
579 724 655 775 (31)
681 733 718 761 et
741 722 1003 762 Callimachus
1023 722 1105 775 (32)
1142 736 1295 761 omnem
1318 724 1355 762 ei

309 787 424 824 fidem
445 786 744 834 derogaverunt,
761 781 902 821 Strabo
917 781 998 836 (33)
1019 782 1125 821 inter
1142 782 1228 820 loca
1248 782 1354 820 fabu-

306 847 391 885 losa
410 859 495 883 cum
518 844 690 896 Rhipaeis
710 842 911 882 montibus
936 842 1166 882 Panchaeam
1186 843 1354 881 insulam

308 904 551 952 numeravit,
582 903 858 944 Eratosthenes
881 902 963 956 (34)
985 903 1157 958 denique
1181 903 1355 956 philoso-

307 966 428 1017 phum
449 964 674 1007 mendacem
702 976 845 1002 vocare
861 976 982 1002 ausus
1001 972 1073 1003 est.
1096 964 1171 1004 Sed
1199 976 1249 1001 ne
1267 962 1356 1014 quis

307 1024 547 1074 negligentia
565 1037 587 1062 a
611 1036 672 1061 me
689 1023 874 1062 omissam
894 1036 979 1062 esse
1007 1023 1114 1063 dicat
1139 1023 1354 1074 elegantem

306 1086 415 1124 illam
442 1083 642 1123 Panchaeae
670 1084 915 1135 aliarumque
954 1083 1173 1123 insularum
1205 1082 1356 1122 descri-

306 1146 503 1197 ptionem,
539 1157 656 1196 quam
677 1157 726 1182 ex
758 1143 941 1182 Evemeri
975 1143 1292 1191 commentariis,
1311 1151 1357 1181 ut

306 1218 392 1242 mea
422 1204 494 1242 fert
514 1204 675 1256 opini0‚
699 1204 861 1256 petitam
895 1205 1034 1254 quinto
1059 1203 1164 1242 libro
1190 1203 1358 1241 inseruit

307 1264 509 1303 Diodorus
535 1264 694 1302 Siculus
719 1278 728 1300 z
755 1273 825 1313 age
849 1263 980 1302 locum
1010 1263 1122 1301 illum
1144 1262 1312 1301 servatis
1329 1263 1360 1300 i-

308 1324 420 1375 psius
434 1323 599 1364 Diodori
619 1323 750 1362 verbis
768 1322 834 1361 hic
853 1337 1060 1375 ponamus.

360 1385 427 1422 Ait
451 1384 576 1434 igitur
603 1397 689 1436 cap..
710 1389 756 1428 41
781 1396 893 1435 seqq.
911 1383 1014 1422 Ἐπεὶ
1033 1382 1070 1421 δὲ
1090 1381 1170 1435 περὶ
1192 1385 1256 1430 τῆς
1273 1380 1359 1434 πρὸς

307 1443 459 1496 ἑσπέραν
481 1442 691 1494 κεκλιμένης
711 1441 831 1495 χώρας
849 1441 910 1481 καὶ
930 1445 992 1490 τῆς
1015 1442 1101 1495 πρὸς
1120 1441 1184 1486 τὰς
1205 1441 1358 1495 ἄρκτους

306 1503 527 1552 νενευκυίας,
550 1502 602 1541 ἔτι
630 1502 667 1540 δὲ
689 1504 757 1540 τῶν
787 1500 881 1541 κατὰ
903 1502 963 1540 τὸν
987 1500 1141 1541 ὠκεανὸν
1172 1501 1289 1549 νήσων
1309 1502 1361 1540 <3¹:-

306 1564 517 1614 εξήλθομεν,
542 1564 578 1600 ἐν
599 1561 697 1615 μέρει
723 1560 870 1612 διέξιμεν
887 1561 968 1614 περὶ
995 1564 1065 1600 τῶν
1086 1560 1179 1600 κατὰ
1208 1560 1272 1608 τὴν
1296 1576 1362 1611 με.-

307 1622 486 1674 σημὸρίαν
522 1620 639 1668 νήσων
668 1623 737 1660 τῶν
766 1622 801 1659 ἐν
837 1621 983 1675 ὠκεανῷ
1014 1623 1075 1668 τῆς
1104 1619 1271 1673 Ἀραὸίας
1298 1622 1361 1667 τῆς

305 1683 392 1736 πρὸς
411 1680 585 1727 ἀνατολὴν
606 1679 815 1731 κεκλιμένης
846 1680 908 1719 καὶ
936 1679 1211 1733 προσοριζούσης
1231 1683 1276 1731 τῇ
1294 1695 1358 1718 κα-

305 1742 458 1795 λουμένη
494 1740 703 1794 Κεδρωσίᾳ.
727 1739 775 1780 ‘H
810 1740 876 1792 μὲν
895 1741 963 1794 γὰρ
991 1739 1093 1794 χώρα
1120 1741 1268 1784 πολλαῖς
1287 1738 1360 1778 κώ-

305 1843 477 1877 resinulas.
499 1862 540 1869 —
556 1841 624 1882 (28)
641 1841 774 1874 Servius
802 1841 844 1872 ad
867 1840 980 1881 Virgil.
1004 1841 1027 1873 1.
1043 1849 1074 1872 c.
1106 1857 1147 1864 —·
1167 1840 1235 1880 (29)
1253 1841 1360 1871 Isaac,

306 1894 402 1925 voss.
425 1890 466 1923 ad
489 1889 567 1923 Mel.
598 1887 655 1920 lib.
671 1889 721 1920 ΙΙΙ
739 1896 811 1928 cap.
832 1892 863 1920 8.
883 1904 927 1911 --
942 1887 1009 1929 (30)
1034 1887 1193 1920 Harduin.
1218 1887 1259 1919 ad
1277 1887 1359 1918 Plin.

305 1940 364 1980 vl,
382 1942 421 1970 29
436 1939 515 1970 sect.
537 1938 640 1969 33.-
655 1934 723 1976 (31)
743 1934 938 1967 Plutarchus
956 1936 1005 1967 De
1021 1935 1102 1967 [sid.
1127 1936 1160 1967 et
1179 1934 1265 1967 Osir.
1289 1943 1360 1973 cap.

307 1989 359 2019 23.
378 1985 455 2019 Vid.
480 1993 579 2025 supra
595 1986 708 2015 annot.
733 1986 764 2016 9.
786 1996 828 2005 -
845 1982 909 2023 (32)
935 1983 1157 2015 Callimachus
1179 1982 1265 2023 apud
1280 1981 1359 2014 Plu-

307 2033 454 2065 tarchum
480 2033 529 2063 De
554 2031 637 2072 plac.
671 2029 751 2071 phil.
783 2032 811 2070 l,
832 2033 863 2063 7.
896 2029 973 2061 Vid.
994 2039 1091 2070 supra
1123 2031 1232 2061 annot.
1260 2031 1293 2061 9.
1322 2049 1362 2056 -

307 2082 374 2122 (33)
385 2079 502 2114 Strabo
510 2078 568 2111 lib.
580 2079 645 2111 vn
661 2087 733 2118 cap.
746 2080 778 2118 3,
787 2087 819 2118 p.
834 2081 894 2111 299
907 2090 915 2108 z
930 2078 967 2110 οὐ
978 2078 1155 2117 θαυμαστὸν
1170 2075 1196 2109 δ’
1205 2077 1282 2109 εἶναι
1294 2076 1362 2118 περὶ

307 2129 460 2171 Ὀμήρου·
484 2129 539 2159 καὶ
561 2127 623 2168 γὰρ
640 2126 712 2162 τοὺς
733 2126 777 2159 ἔτι
794 2127 963 2167 νεωτέρους
979 2125 1099 2157 ἐκείνου
1124 2125 1225 2157 πολλὰ
1240 2124 1363 2164 ἀγνοεῖν

308 2178 361 2209 καὶ
374 2176 602 2217 τερατολογεῖν·
616 2173 766 2206 Ἡσίοδον
784 2173 839 2214 μὲν
853 2173 1027 2215 Ἠμίκυνας
1040 2173 1172 2213 λέγοντα
1188 2173 1242 2204 καὶ
1261 2173 1365 2211 Μεγα-

307 2225 495 2264 λοκεφάλους
521 2223 572 2254 καὶ
587 2221 772 2263 Πυγμαίους
785 2246 795 2261 ,
810 2221 967 2263 Ἀλκμᾶνα
989 2221 1023 2253 δὲ
1039 2220 1287 2262 Στεγανόποδας,
1306 2220 1362 2251 Αἰ-

309 2272 424 2313 σχύλον
438 2271 471 2302 δὲ
486 2269 715 2310 κυνοκεφάλους
727 2268 782 2299 καὶ
793 2268 1061 2310 στερνοφθάλμους
1076 2270 1129 2300 καὶ
1145 2266 1363 2309 μονομμάτους

309 2320 363 2350 καὶ
380 2319 459 2351 ἄλλα
472 2317 579 2360 μυρία.
598 2317 673 2349 Ἀπὸ
701 2316 733 2348 δὲ
749 2316 868 2348 τούτων
887 2316 939 2348 ἐπὶ
953 2316 1024 2353 τοὺς
1038 2317 1232 2358 συγγραφέας
1248 2313 1363 2355 βαδίζει

310 2367 440 2398 Ῥιπαῖα
458 2365 516 2406 ὄρη
538 2365 687 2404 λέγοντας
711 2364 767 2395 καὶ
786 2364 823 2395 τὸ
860 2362 1013 2403 Ὢγύγιον
1038 2363 1109 2404 ὄρος
1134 2363 1190 2394 καὶ
1214 2362 1270 2400 τὴν
1300 2363 1364 2391 τῶν

311 2414 473 2456 Γοργόνων
494 2413 559 2444 γκαὶ
581 2412 778 2453 Ἑσπερίδων
808 2411 988 2452 κατοικίαν,
1007 2413 1060 2443 καὶ
1086 2412 1143 2449 τήν
1167 2409 1255 2451 παρὰ
1284 2410 1364 2441 Θεο·

310 2462 429 2503 πόμπῳ
448 2459 612 2502 Μεροπίδα
641 2464 711 2500 γῆν,
736 2459 811 2501 παρ’
828 2459 990 2500 Ἑκαταίῳ
1009 2460 1042 2491 δὲ
1061 2457 1240 2499 Κιμμερίδα
1260 2456 1364 2495 πόλιν,

312 2510 384 2550 παρ’
402 2508 554 2549 Εὐημέρῳ
574 2506 677 2545 δὲτὴν
701 2506 868 2547 Παγχαίαν
886 2510 944 2546 γῆν
962 2507 1031 2538 κτλ.
1054 2506 1105 2539 Id.
1123 2505 1181 2537 lib.
1203 2507 1218 2537 1
1237 2513 1307 2544 cap.
1326 2505 1364 2542 3,

312 2565 345 2596 p.
369 2557 408 2588 47
427 2555 480 2589 ed.
493 2554 650 2589 casaub.z
662 2555 681 2586 ὁ
699 2554 734 2586 δὲ
749 2553 903 2596 Δαμάστῃ
922 2555 1082 2595 χρώμενος
1105 2553 1232 2594 μάρτυρι
1250 2551 1364 2593 [Ἐροι-

311 2601 476 2644 τοσθένης]
489 2601 578 2633 οὐδὲν
590 2602 724 2643 διαφέρει
736 2605 794 2634 τοῦ
805 2601 975 2638 καλοῦντος
990 2601 1130 2642 μάρτυρα
1141 2601 1195 2632 τὸν
1213 2601 1366 2640 Βεργαΐον

313 2652 332 2688 ἢ
349 2651 402 2682 τὸν
422 2650 601 2687 Μεσσήνιον
624 2649 785 2690 Εὐήμερον
805 2650 858 2680 καὶ
881 2649 953 2685 τοὺς
976 2648 1107 2688 ἄλλους,
1127 2649 1180 2685 οὓς
1203 2650 1296 2686 αὐτὸς
1323 2651 1366 2683 εἷ-

314 2709 390 2739 ρηκε
414 2697 588 2729 διαὸάλλων
616 2697 671 2734 τὴν
702 2696 864 2738 φλυαρίαν.
893 2697 953 2728 Est
984 2698 1091 2728 autem
1113 2698 1260 2738 Βεργαῖος
1285 2698 1318 2730 ll.
1342 2699 1364 2730 l.

314 2745 486 2784 mendax,
512 2746 547 2777 ut
571 2746 719 2787 Βεργαῖον
745 2745 885 2785 διήγημα
915 2745 998 2784 apud
1021 2745 1211 2776 strabonem
1245 2744 1302 2778 lib.
1336 2747 1367 2777 11

315 2802 349 2832 p.
370 2795 439 2826 100.
454 2794 535 2826 Nam
553 2793 725 2835 βεργαΐζειν
745 2792 863 2824 dicitur
880 2792 948 2823 ἀντὶ
962 2795 1019 2823 τοῦ
1035 2792 1128 2833 μηδὲν
1143 2792 1254 2830 ἀληθὲς
1267 2793 1366 2834 λέγειν

315 2842 397 2872 teste
418 2841 581 2881 Stephano
606 2839 760 2880 Byzantio
786 2848 818 2871 ν.
844 2839 958 2878 Βέργη.
978 2839 1094 2871 strabo
1112 2839 1165 2871 lib.
1186 2841 1219 2871 II
1237 2849 1307 2881 cap.
1336 2844 1366 2881 3,

317 2897 352 2928 p.
378 2891 434 2919 102
460 2887 512 2919 ed.
531 2887 682 2919 Casaub.:
712 2887 750 2918 οὒ
773 2885 854 2918 πολὺ
883 2885 937 2917 οὖν
954 2886 1157 2919 ἀπολείπεται
1179 2891 1279 2920 ταῦτα
1305 2892 1368 2920 τῶν

318 2935 445 2967 Πυθέου
485 2934 540 2966 καὶ
557 2978 561 2982 -
578 2933 739 2975 Εὐημέρου
767 2934 821 2966 καὶ
860 2933 1051 2974 Ἀντιφάνους
1084 2935 1288 2976 ψευσμάτων.
1326 2955 1367 2961 -

333 2986 387 3027 34)
405 2986 520 3018 Strabo
533 2986 588 3019 lib.
607 2988 639 3019 II
656 2994 727 3026 cap.
745 2987 777 3026 4,
795 2995 828 3027 p.
847 2989 906 3019 104
928 2987 979 3019 ed.
998 2987 1152 3021 Casaub.:
1168 2990 1254 3027 Φησὶ
1273 2991 1301 3022 δ’
1313 2990 1369 3024 οὖν

319 3033 338 3065 ὁ
354 3033 508 3070 Πολύὸιος
533 3033 665 3065 ἄπιστον
684 3032 739 3063 καὶ
761 3033 838 3065 αὐτὸ
861 3037 970 3074 τοῦτο,
994 3038 1062 3071 πῶς
1079 3035 1187 3077 ἰδιώτῃ
1215 3036 1369 3080 ἀνθρώπῳ

320 3081 374 3112 καὶ
386 3081 495 3119 πένητι
521 3080 588 3123 [τῷ
608 3079 735 3121 Πυθέᾳ]
754 3081 794 3112 τὰ
811 3086 951 3113 τοσαῦτα
971 3083 1171 3124 διαστήματα
1189 3084 1300 3116 πλωτὰ
1314 3086 1368 3117 καὶ

320 3128 456 3168 πορευτὰ
482 3128 623 3169 γένοιτο;
640 3127 693 3159 τὸν
715 3126 742 3158 δ’
764 3127 971 3169 Ἐρατοσθένη
995 3130 1245 3172 διαπορήσαντα,
1263 3133 1292 3166 εἰ
1308 3132 1369 3174 χρὴ

321 3175 478 3207 πιστεύειν
493 3177 632 3215 τούτοις,
646 3175 732 3216 ὅμως
759 3175 829 3217 περί
851 3186 886 3207 τε
900 3179 955 3214 τῆς
974 3178 1180 3218 Βρεττανικῆς
1198 3190 1368 3212 πεπιστευ-

322 3222 408 3254 κέναι
421 3223 475 3254 καὶ
492 3226 556 3255 τῶν
574 3223 656 3254 κατὰ
671 3222 803 3263 Γάδειρα
826 3223 880 3254 καὶ
897 3223 952 3262 τὴν
977 3222 1126 3265 Ἰὅηρίαν·
1146 3227 1228 3259 πολὺ
1246 3224 1281 3259 δὲ
1292 3239 1370 3269 φησι

325 3271 445 3312 βέλτιον
468 3274 515 3312 τῷ
534 3270 707 3312 Μεσσηνίῳ
723 3270 878 3302 πιστεύειν
901 3271 922 3309 ἢ
948 3270 1063 3312 τούτῳ.
1087 3272 1127 3304 '0
1148 3274 1252 3312 μέντοι
1275 3286 1312 3316 γε
1327 3277 1370 3312 εἰς

324 3317 398 3358 μίαν
418 3319 522 3360 χώραν
537 3319 594 3357 τὴν
607 3317 775 3359 Παγχαίαν
787 3317 867 3358 λέγει
883 3319 1029 3351 πλεῦσαι·
1044 3320 1062 3350 ὁ
1079 3319 1114 3351 δὲ
1127 3322 1181 3352 καὶ
1196 3322 1292 3364 μέχρι
1305 3327 1369 3355 τῶν

325 3368 381 3395 τοῦ
403 3365 525 3406 κόσμου
543 3365 686 3406 περάτων
717 3365 972 3398 κατωπτευκέναι
993 3366 1049 3404 τὴν
1075 3367 1284 3409 προσάρκτιον
1312 3374 1367 3408 τῆς

326 3411 478 3453 Εὐρώπης
489 3416 608 3451 πᾶσαν,
621 3413 659 3450 ἢν
679 3411 743 3444 οὐδ’
756 3414 793 3444 ἂν
807 3415 853 3455 τῷ
866 3413 966 3455 Ἑρμῇ
983 3415 1151 3447 πιστεύσαι
1165 3427 1212 3452 τις
1234 3417 1368 3457 λέγοντι.

332 3455 539 3500 Ἐρατοσθένη
560 3460 594 3492 δὲ
614 3460 669 3492 τὸν
692 3460 747 3500 μὲν
766 3459 927 3502 Εὐήμερον
945 3461 1097 3502 Βεργαῖον
1115 3462 1241 3503 καλεῖν,
1264 3465 1372 3506 Πυθέᾳ

266 3550 269 3552 ¹
329 3502 363 3534 δὲ
377 3506 529 3538 πιστεύειν
539 3529 550 3547 ,
563 3506 617 3538 καὶ
632 3509 733 3538 ταῦτα
749 3504 827 3548 μηδὲ
842 3507 1037 3550 Δικαιάρχου
1049 3509 1287 3548 πιστεύσαντος.

1399 3506 1408 3530 l

994 276 1404 317 CYRENAICORUM
1435 277 1771 319 FRAGMENTA.

1415 381 1498 417 μαις
1518 365 1578 405 καὶ
1601 367 1742 407 πόλεσιν
1762 367 1953 420 ἀξιολόγοις
1977 374 2214 420 κατοικεῖται,
2237 370 2300 409 καὶ
2321 370 2454 412 τούτων

1415 427 1452 463 αἱ
1473 424 1536 476 μὲν
1565 427 1621 466 ἐπὶ
1655 427 1833 481 χωμάτων
1869 427 2057 481 ἀξιολόγων
2087 429 2238 476 κεῖνται,
2270 432 2308 469 αἱ
2343 430 2374 470 δ’
2400 431 2460 470 ἐπὶ

1414 484 1640 540 γεωλόφωνῆ
1666 487 1794 527 πεδίων
1819 487 2059 540 καθίδρυνται·
2093 487 2216 541 ἔχουσι
2242 489 2273 527 δ’
2289 490 2406 528 αὐτῶν
2425 490 2463 528 αἱ

1417 545 1581 596 μέγισται
1603 546 1766 599 βασίλεια
1785 547 2101 599 κατεσκευασμένα
2120 548 2343 597 πολυτελῶς,
2362 550 2458 596 πλῆ-

1415 609 1470 648 θος
1484 606 1674 660 οἰκητόρων
1697 605 1823 659 ἔχοντα
1840 606 1901 646 καὶ
1920 606 2062 654 κτήσεις
2077 607 2216 651 ἱκανάς.
2235 607 2385 647 natea&
2399 608 2464 647 αὖ·

1415 666 1485 703 τῶν
1499 668 1521 713 ἡ
1537 664 1640 718 χώρα
1659 665 1760 717 γέμει
1782 665 1992 718 θρεμμάτων
2011 667 2262 714 παντοδαπῶν,
2279 680 2461 721 καρποφο-

1418 727 1525 777 ροῦσα
1538 724 1598 763 καὶ
1613 724 1722 776 νομὰς
1738 724 2137 778 ἀφθόνουςπαρεχομένη
2155 730 2226 770 τοῖς
2244 725 2464 778 βοσκήμασι.

1418 784 1584 835 Ποταμοί
1620 800 1657 822 τε
1676 784 1800 823 πολλοὶ
1825 784 2039 839 διαρρέοντες
2071 786 2106 823 ἐν
2133 786 2222 836 αὐτῇ
2243 784 2378 832 πολλὴν
2401 788 2468 838 ἀρ-

1417 843 1555 883 δεύουσι
1573 843 1712 897 χώραν,
1747 846 1992 896 συνεργοῦντες
2029 844 2115 896 πρὸς
2146 844 2284 884 τελείαν
2319 843 2464 892 αὔξησιν

1418 907 1487 944 τῶν
1508 907 1668 957 καρπῶν.
1694 902 1758 943 Διὸ
1779 902 1841 941 καὶ
1859 906 1924 950 τῆς
1942 902 2110 956 Ἀραὸίας
2127 906 2148 950 ἡ
2169 902 2399 957 πρωτεύουσα
2421 906 2466 956 τῇ

1420 965 1529 1018 ἀρετῇ
1548 963 1789 1017 προσηγορίαν
1812 961 1942 1001 ἔλαὸεν
1963 962 2119 1010 οἰκείαν,
2140 961 2314 1014 εὐδαίμων
2335 963 2468 1014 ὄνομα·

1419 1028 1555 1065 σθεῖσα.
1575 1022 1719 1073 Ταύτης
1742 1022 1779 1062 δὲ
1800 1021 1895 1064 κατὰ
1918 1021 1983 1066 τὰς
2004 1020 2172 1075 ἐσχατιὰς
2189 1025 2254 1070 τῆς
2274 1037 2470 1075 παρωκεα-

1418 1083 1545 1127 νίτιδος
1566 1081 1688 1136 χώρας
1716 1080 1930 1135 καταντικρὺ
1951 1084 2052 1129 νῆσοι
2082 1087 2218 1120 κεῖνται
2236 1080 2397 1130 πλείους,
2417 1075 2468 1121 ὄν

1416 1147 1509 1195 τρεῖς
1531 1143 1617 1180 εἰσιν
1644 1140 1739 1186 ἄξιαι
1759 1142 1824 1188 τῆς
1854 1142 2033 1193 ἱστορικῆς
2063 1141 2286 1194 ἀναγραφῆς,
2315 1139 2381 1191 μία
2405 1139 2469 1191 μὲν

1419 1203 1441 1248 ἡ
1473 1199 1809 1254 προσαγορευομένη
1838 1198 1953 1253 Ἱερά,
1988 1200 2070 1239 καθ’
2089 1198 2133 1246 ἣν
2152 1200 2217 1239 οὐκ
2244 1198 2358 1244 ἔξεστι
2385 1198 2466 1244 τοὺς

1419 1259 1712 1309 τετελευτηκότας
1743 1258 1909 1308 θάπτειν,
1946 1257 2050 1311 ἑτέρα
2081 1257 2118 1296 δὲ
2141 1256 2291 1305 πλησίον
2308 1256 2439 1305 ταύτης
2456 1287 2468 1307 ,

1421 1318 1606 1371 ἀπέχουσα
1629 1317 1796 1362 σταδίους
1827 1317 1922 1356 ἑπτά
1938 1348 1950 1368 ,
1978 1319 2031 1362 ἐἷς
2050 1318 2094 1365 ἣν
2113 1317 2298 1368 κομίζουσι
2325 1316 2371 1356 τὰ
2390 1317 2465 1356 σώ-

1421 1394 1520 1428 ματα
1540 1380 1610 1416 τῶν
1646 1376 1896 1416 ἀποθανόντων
1923 1379 2036 1430 ταφῆς
2057 1375 2244 1424 ἀξιοῦντες.
2275 1375 2324 1416 Ἥ
2349 1376 2380 1415 δ’
2398 1370 2460 1415 οἶν

1420 1435 1520 1490 Ἱερὰ
1539 1439 1610 1475 τῶν
1631 1435 1693 1487 μὲν
1716 1435 1832 1474 ἄλλων
1853 1437 2000 1488 καρπῶν
2023 1433 2168 1487 ἄμοιρός
2195 1436 2270 1474 ἐστι
2283 1464 2295 1482 ,
2315 1434 2413 1489 φέρει
2432 1434 2470 1474 δὲ

1420 1495 1618 1534 λιὸανωτοῢ
1643 1499 1788 1534 τοσοῦτο
1809 1495 1955 1542 πλῆθος,
1977 1493 2071 1533 ὥστε
2100 1495 2254 1547 διαρκεῖν
2279 1495 2360 1533 καθ’
2382 1494 2468 1543 ὅλην

1421 1554 1484 1602 τὴν
1504 1555 1712 1605 οἰκουμένην
1732 1555 1818 1607 πρὸς
1833 1552 1895 1598 τὰς
1913 1555 1984 1593 τῶν
2005 1556 2091 1593 θεῶν
2114 1553 2230 1602 τιμάς·
2251 1551 2326 1606 ἔχει
2346 1552 2384 1592 δὲ·
2402 1553 2464 1593 καὶ

1426 1613 1580 1667 σμύρνης
1596 1615 1729 1659 πλῆθος
1750 1613 1912 1667 διάφορον
1932 1613 1993 1653 καὶ
2011 1615 2088 1651 τῶνν
2103 1612 2220 1652 ἄλλων
2233 1611 2469 1663 θυμιαμάτων

1423 1673 1653 1717 παντοδαπὰς
1671 1672 1806 1726 φύσεις,
1819 1671 2066 1725 παρεχομένας
2081 1671 2215 1718 πολλὴν
2237 1671 2399 1711 εὖωδίαν.
2421 1670 2472 1710 Ἦ

1427 1731 1462 1769 δὲ
1483 1731 1583 1784 φύσις
1602 1730 1676 1770 ἐστὶ
1697 1735 1757 1770 τοῦ
1776 1731 1973 1771 λιὸανωτοῧ
1995 1730 2055 1769 καὶ
2075 1733 2098 1778 ἡ
2115 1729 2318 1778 κατασκευὴ
2337 1730 2468 1770 τοιάδε·

1423 1790 1560 1843 δένδρον
1581 1790 1656 1830 ἐστὶ
1680 1793 1730 1843 τῷ
1758 1790 1821 1841 μὲν
1843 1790 1980 1842 μεγέθει
2001 1789 2150 1843 μικρόν,
2178 1792 2222 1842 τῇ
2243 1788 2282 1828 δὲ
2299 1791 2469 1844 προσόψει

1421 1853 1465 1903 τῇ
1488 1851 1620 1904 ἀκάνθῃ
1641 1854 1684 1904 τῇ
1712 1850 1894 1903 Αἰγυπτίᾳ
1916 1853 1960 1903 τῇ
1979 1851 2088 1903 λευκῇ
2108 1849 2353 1904 παρεμφερές,
2373 1849 2420 1889 τὰ
2435 1849 2472 1888 δὲ

1424 1909 1541 1959 φύλλα
1559 1913 1618 1949 τοῦ
1634 1910 1773 1962 δένδρου
1794 1909 1899 1961 ὅμοια
1918 1912 1963 1962 τῇ
1980 1908 2221 1960 ὀνομαζομένῃ
2238 1908 2313 1962 ἰτέᾳ
2323 1939 2338 1959 ,
2355 1908 2421 1950 καὶ,
2433 1908 2474 1947 τὸ

1425 1968 1524 2010 ἄνθος
1552 1971 1609 2007 ἐπ’
1630 1970 1726 2022 αὖτῷ
1755 1968 1881 2022 φύεται
1907 1968 2133 2021 χρυσοειδές,
2164 1970 2183 2006 ὅ
2208 1966 2246 2006 δὲ
2277 1967 2473 2011 λιὸανωτὸς

1423 2028 1602 2080 γινόμενος
1618 2028 1653 2073 ἐξ
1670 2029 1776 2067 αὐτοῦ
1797 2029 1955 2074 ὀπίζεται
1971 2029 2018 2072 ὥς
2036 2026 2078 2066 ἂν
2099 2027 2262 2080 δάκρυον.
2283 2026 2336 2067 Τὸ
2356 2026 2394 2066 δὲ
2412 2030 2475 2076 τῆς

1426 2087 1584 2141 σμύρνης
1612 2087 1750 2141 δένδρον
1771 2087 1889 2139 ὅμοιόν
1911 2090 1984 2127 ἐστι
2000 2090 2043 2140 τῇ
2068 2087 2202 2141 σχίνῳ,
2231 2086 2272 2126 τὸ
2288 2088 2325 2126 δὲ
2345 2087 2473 2141 φύλλον

1424 2145 1499 2199 ἔχει
1515 2145 1722 2201 λεπτότερον
1743 2147 1803 2186 καὶ
1819 2146 2049 2199 πυκνότερον,
2066 2146 2224 2192 ὀπίζεται
2243 2145 2280 2185 δὲ
2295 2161 2471 2199 περισκα-

1425 2205 1546 2258 φείσης
1559 2209 1622 2253 τῆς
1637 2208 1701 2258 γῆς
1720 2205 1791 2245 ἀπὸ
1805 2208 1875 2245 τῶν
1893 2207 1996 2259 ῥιζῶν
2010 2236 2022 2254 ,
2052 2204 2114 2244 καὶ
2133 2203 2199 2243 ὅσα
2224 2203 2288 2255 μὲν
2306 2206 2419 2245 αὐτῶν
2437 2206 2472 2246 ἐν

1425 2266 1537 2316 ἀγαθῇ
1557 2268 1603 2318 γῇ
1623 2264 1775 2318 πέφυκεν
1789 2296 1800 2315 ,
1831 2267 1871 2303 ἐκ
1898 2264 2030 2303 τούτων
2056 2264 2191 2316 γίνεται
2213 2264 2264 2310 δὶς
2284 2267 2346 2304 τοῦ
2365 2267 2475 2305 ἐνιαυ-

1425 2327 1484 2361 τοῦ
1499 2354 1508 2371 ,
1529 2323 1630 2376 ἔαρος
1648 2323 1709 2362 καὶ
1728 2322 1857 2376 θέρους·
1878 2323 1938 2362 καὶ
1959 2326 1977 2362 ὁ
1992 2322 2202 2378 μὲν-πυρρὸς
2215 2324 2348 2378 ἐαρινὸς
2359 2325 2475 2378 ὖπάρ-
2525 2374 2528 2377 ⁴

1424 2398 1481 2436 χει
1498 2382 1556 2421 διὰ
1573 2383 1635 2428 τὰς
1656 2382 1820 2436 δρόσους,
1841 2385 1859 2421 ὃ
1878 2381 1914 2421 δὲ
1933 2382 2054 2427 λευκὸς
2079 2382 2209 2437 θερινός
2230 2385 2320 2423 ἐστι.
2341 2386 2416 2425 Τοῦ
2435 2383 2472 2424 δὲ

1426 2442 1619 2494 παλιούρου
1643 2442 1849 2495 συλλέγουσι
1869 2441 1926 2480 τὸν
1956 2441 2111 2495 καρπόν,
2132 2441 2194 2481 καὶ
2208 2445 2366 2496 χρῶνται
2380 2447 2475 2497 βρω-

1426 2507 1497 2546 τοῖς
1514 2501 1573 2540 καὶ
1594 2503 1712 2545 ποτοῖς
1731 2500 1792 2540 καὶ
1811 2501 1897 2554 πρὸς
1915 2500 1978 2545 τὰς
1996 2501 2130 2546 κοιλίας
2143 2501 2204 2546 τὰς
2223 2502 2370 2556 ῥεούσας
2386 2519 2475 2557 φαρ-

1428 2560 1545 2614 μάκῳ.
1572 2560 1747 2614 Διῄρηται
1767 2560 1803 2599 δὲ
1824 2563 1894 2605 τοῖς
1909 2560 2092 2614 ἐγχωρίοις
2111 2563 2133 2608 ἡ
2152 2560 2279 2615 χώρα,
2300 2563 2363 2602 καὶ
2383 2562 2474 2602 ταύ-

1425 2632 1487 2668 της
1519 2623 1539 2659 ὁ
1577 2619 1740 2672 βασιλεὺς
1775 2619 1951 2672 λαμὸάνει
1977 2619 2041 2668 τὴν
2072 2620 2265 2674 κρατίστην
2278 2652 2292 2675 ,
2324 2621 2386 2661 καὶ
2405 2625 2474 2662 τῶν

1427 2681 1574 2732 καρπῶν
1594 2681 1664 2718 τῶν
1679 2680 1872 2731 γινομένων
1887 2681 1922 2718 ἐν
1940 2683 1984 2732 τῇ
2005 2679 2102 2734 νήσῳ
2118 2679 2268 2728 δεκάτην
2286 2680 2475 2733 λοιμὸάνει.

1427 2738 1480 2777 Τὸ
1498 2737 1536 2776 δὲ
1550 2737 1683 2782 πλάτος
1697 2741 1760 2786 τῆς
1781 2738 1890 2786 νήσου
1911 2737 2016 2792 φασὶν
2036 2732 2126 2777 εἶναι
2154 2738 2306 2791 σταδίων
2324 2741 2374 2785 ὡς
2392 2741 2476 2780 δια-

1426 2796 1568 2838 κοσίων.
1591 2799 1805 2837 Κατοικοῧσι
1827 2797 1864 2835 δὲ
1879 2796 1942 2844 τὴν
1971 2800 2074 2844 νῆσον
2102 2800 2135 2837 οἱ
2149 2796 2357 2850 καλούμενοι
2371 2800 2475 2852 Παγ-

1426 2861 1541 2908 χαῖοι,
1560 2855 1622 2895 καὶ
1638 2856 1697 2896 τόν
1716 2871 1754 2895 τε
1766 2855 1960 2896 λιὸανωτὸν
1980 2856 2041 2895 καὶ
2057 2856 2121 2904 τὴν
2138 2857 2297 2912 σμύρναν
2309 2852 2482 2910 κομίζουὲ

1427 2930 1482 2954 σιν
1498 2917 1547 2961 εἰς
1568 2915 1608 2954 τὸ
1623 2915 1735 2968 πέραν
1754 2915 1814 2955 καὶ
1835 2916 1994 2954 πωλοῦσι
2011 2921 2082 2960 τοῖς
2094 2917 2162 2955 τῶν
2186 2917 2345 2970 Ἀράὸων
2358 2917 2474 2969 ’ἐμπό-

1429 2990 1522 3028 ροις,
1550 2974 1637 3029 παρ’
1665 2969 1714 3014 ι’ἷιν
1737 2974 1838 3014 ἄλλοι
1869 2974 1913 3014 τὰ
1940 2978 2087 3014 τοιαῦτα
2120 2974 2245 3028 φορτία
2284 2971 2474 3027 ὠνούμενοι

1429 3034 1689 3084 διακομίζουσιν
1706 3035 1754 3078 εἷς
1765 3033 1829 3082 τὴν
1848 3033 2021 3082 Φοινίκην
2034 3033 2095 3073 καὶ
2115 3034 2237 3084 κοίλην
2256 3033 2403 3088 Συρίαν,
2423 3034 2473 3075 ἔτι

1429 3091 1466 3130 δὲ
1485 3091 1686 3144 Αἴγυπτον.
1707 3091 1764 3133 Tbv
1781 3091 1819 3131 δὲ
1840 3093 2040 3132 τελευταῖον
2059 3093 2100 3132 ἐκ
2118 3092 2251 3133 τούτων
2268 3096 2345 3140 τῶν,
2357 3093 2473 3134 τόπων
2500 3120 2502 3122 »

1429 3150 1576 3205 ἔμποροι
1610 3151 1868 3202 διακομίζουσιν
1903 3153 1952 3196 εἷς
1983 3157 2103 3191 πᾶσαν
2147 3151 2211 3201 τὴν
2246 3152 2470 3205 οἰκουμένην.

1428 3206 1538 3249 Ἔστι
1558 3209 1594 3248 δὲ
1615 3211 1675 3250 καὶ
1696 3210 1786 3259 ἄλλη
1805 3213 1909 3258 νῆσος
1937 3210 2098 3263 μεγάλη,
2126 3214 2190 3259 τῆς
2216 3211 2473 3264 προειρημένης

1432 3267 1616 3321 ἀπέχουσα
1649 3269 1811 3314 σταδίους
1829 3269 2018 3321 τριάκοντα
2032 3299 2043 3319 ,
2070 3270 2118 3313 εἰς
2139 3269 2179 3308 τὸ
2198 3270 2284 3322 πρὸς
2302 3268 2350 3307 ἕω
2369 3267 2475 3323 μέρος

1431 3329 1491 3365 τοῦ
1511 3328 1668 3365 ὠκεανοῦ
1697 3325 1862 3378 κειμένη,
1893 3329 1944 3382 τῷ
1965 3327 2071 3380 μήκει
2095 3329 2236 3367 πολλῶν
2258 3341 2360 3366 τινων
2380 3341 2471 3365 στα-
2509 3327 2514 3331 ”

1433 3385 1526 3423 δίων·
1547 3385 1617 3424 ἀπὸ
1635 3387 1702 3439 γὰρ
1730 3391 1792 3425 τοῦ
1810 3387 1896 3440 πρὸς
1916 3386 2087 3432 ἀνατολὰς
2106 3389 2296 3434 ἀνήκοντος
2310 3388 2471 3437 ἀκρωτη-

1433 3442 1506 3495 ρίου
1526 3444 1610 3496 φασὶ
1631 3449 1831 3497 θεωρεῖσθαι
1851 3446 1914 3493 τὴν
1931 3445 2083 3493 Ἰνδικὴν
2104 3445 2215 3499 ἀέριον
2233 3443 2292 3482 διὰ
2304 3443 2345 3483 τὸ
2367 3444 2471 3496 μέγε·

1433 3506 1487 3545 θος
1503 3507 1563 3542 τοῦ
1579 3503 1830 3554 διαστήματος.
1851 3498 1958 3557 Ἔχει
1978 3503 2015 3542 δὲ
2033 3506 2056 3552 ἡ
2073 3502 2245 3556 Παγχαία
2266 3503 2343 3542 καθ’
2364 3502 2471 3551 αὑτὴν

1635 3671 1659 3681 1,
1670 3672 1683 3676 ,ι
1693 3670 1717 3679 ..ν
1733 3669 1739 3673 -
1878 3663 1897 3667 ““
1963 3667 1979 3679 x«
1991 3667 2024 3682 ,πάι
2035 3672 2062 3681 ιι
2090 3666 2145 3684 ab!

2600 3353 2606 3396 “A—¹1
2596 3282 2606 3338 mnam
2601 3262 2606 3267 .
2595 3213 2606 3229 ,τ

2594 3756 2600 3764 ν
2588 3700 2606 3742 xiiii,
2594 3574 2606 3676 nauh*
2593 3521 2596 3522 ¹
