2638 3840
0 2129 10 2303 ἰ

4 2306 11 2399 ³

329 285 403 318 ¹04
1159 274 1622 315 PY‘ruAGonEORUM

321 367 403 405 dixi
424 366 471 404 de
488 367 555 405 illo
569 367 653 405 loco
673 366 719 404 ad
741 367 949 404 Democriti
973 364 1183 412 fragmenta
1200 363 1364 401 moralia

322 441 410 478 pag.
437 428 511 464 255
541 427 600 464 cd.
627 427 749 464 110101.
785 449 834 457 --
868 424 899 446 ⁵⁸
921 424 1028 460 Plato
1047 423 1094 459 (10
1122 422 1223 472 legg.
1249 421 1322 462 lib.
1343 424 1362 463 I

321 499 360 536 p.
384 487 473 523 636.
500 507 552 515 —
581 485 612 507 ⁵⁰
637 485 868 536 διαφέρουσιν,
891 482 994 532 quod
1027 480 1192 519 refertur
1220 481 1267 519 ad
1286 482 1362 520 De-

322 545 526 582 mocritum
559 552 595 581 et
627 544 849 586 Platonem,
884 539 1016 577 addidi
1040 553 1124 576 cum
1154 539 1359 581 Heerenio.

322 603 365 641 ln
379 602 613 641 membranis
628 602 700 639 tale
715 600 875 638 verbum
889 598 1140 638 desideratur.
1156 621 1206 627 —
1223 596 1256 621 ⁶⁰
1268 598 1363 645 Quae

322 662 385 700 1110
425 662 472 700 (10
508 665 599 699 bono
644 661 846 698 traduntur
886 659 1053 696 maxime
1085 671 1107 696 e
1143 658 1359 696 Stoicorum

322 722 477 772 scriptis
511 722 628 772 petita
662 728 762 757 sunt.
798 717 886 756 Vid.
919 715 1094 768 Lipsium
1132 717 1173 754 in
1206 716 1360 757 Manud.

321 782 446 818 Stoica
465 781 534 831 Op.
556 779 602 816 lV
620 794 658 830 p.
678 780 764 822 484.
782 777 852 817 Sed
873 789 1000 828 operae
1017 778 1183 828 pretium
1202 786 1258 815 est
1276 792 1360 816 cum

322 838 371 876 iis
404 850 626 889 comparare
668 835 886 873 Aristotelis
923 835 1205 886 explicationes
1243 834 1357 875 Rhet.

322 898 387 935 lib.
426 898 438 935 l
477 911 559 948 cap.
584 899 605 933 6
638 895 870 952 propositas.
893 893 994 924 —⁰¹
1029 894 1157 932 Strato
1179 893 1360 946 Lampsa·

322 969 461 1002 renus,
492 956 783 1006 Peripateticus,
815 962 907 991 teste
938 952 1110 1002 Diogene
1137 953 1209 995 lib.
1232 953 1285 1013 V,
1312 953 1360 991 58
1392 962 1394 966 ’

322 1025 395 1052 ties
425 1016 471 1052 (10
491 1018 582 1052 bono
605 1013 702 1066 (περὶ
721 1012 894 1063 τάγαθοῦ)
918 1023 1199 1064 0011501105οι«11
1219 983 1359 1062 libros,
1392 1016 1394 1054 ἶ

319 1086 341 1109 0
359 1073 500 1123 quibus
520 1073 705 1110 1110100115
726 1072 810 1110 sine
826 1070 947 1109 dubio
968 1071 1195 1122 depromitis
1211 1081 1281 1112 est.
1309 1095 1362 1102 —

320 1129 353 1153 ⁶²
384 1131 468 1169 καΟὸ
508 1131 675 1183 κρατήσει
699 1133 766 1168 τῶν
795 1132 908 1183 μερῶν
932 1130 1071 1181 scripsi
1102 1145 1187 1168 cum
1222 1131 1361 1169 110010-

320 1191 385 1228 1110
402 1206 411 1237 ;
432 1190 543 1228 codd.
563 1188 841 1240 καθοραθήσεται
855 1190 924 1226 τῶν
942 1190 1056 1240 μερῶν
1077 1189 1137 1226 vel
1168 1191 1239 1227 τῶν
1269 1189 1360 1228 κατὰ

321 1248 432 1301 μέρος.
455 1249 511 1285 Cf.
533 1249 669 1286 Cicero
690 1248 738 1285 de
769 1247 852 1285 Fin.
881 1246 928 1294 V,
968 1261 1104 1286 10-12.
1127 1272 1178 1279 -
1197 1246 1231 1270 ⁶³
1251 1249 1362 1287 Plato

319 1309 366 1345 de
387 1308 485 1357 legg.
507 1307 522 1344 I
549 1322 588 1358 p.
615 1308 706 1345 361.
729 1302 783 1335 -ἒ
801 1305 832 1328 Μ
854 1305 954 1344 Vide
982 1304 1178 1344 bonorum
1198 1307 1360 1346 divisio-

319 1482 351 1506 65
371 1484 496 1529 Quum
519 1484 593 1521 tria
613 1483 691 1521 sint
708 1482 900 1520 bonorum
919 1495 1075 1532 genera,
1095 1482 1133 1520 τὸ
1153 1481 1257 1521 καλὸν
1280 1496 1357 1520 non

319 1543 434 1579 modo
460 1542 707 1579 animibonis
721 1541 932 1579 convenire
954 1540 1075 1590 dicit,
1103 1540 1170 1577 sed
1198 1540 1362 1591 reliquis

320 1615 475 1651 quoque
493 1600 660 1651 duobus,
683 1614 767 1652 quae
787 1609 867 1638 tum
889 1599 935 1636 ad
956 1613 1098 1650 corpus
1117 1609 1196 1637 tum
1228 1601 1274 1637 ad
1298 1613 1361 1638 ex-

319 1668 429 1696 terna
461 1659 667 1709 pertinent.
697 1682 748 1687 —-
778 1657 812 1681 ⁶⁶
847 1658 1073 1696 Aristoteles
1108 1658 1156 1695 de
1182 1658 1362 1697 Moribus

320 1718 367 1755 ad
386 1717 660 1755 Nicomachum
689 1717 756 1756 lib.
777 1718 791 1754 l
811 1731 883 1768 cap
902 1720 939 1765 6,
965 1718 1004 1764 8,
1021 1727 1058 1754 et
1078 1717 1205 1766 Magn.
1222 1717 1359 1758 Moral.

323 1777 357 1826 l,
382 1778 418 1816 3.
439 1799 493 1807 --
522 1777 555 1799 ⁶⁷
578 1778 683 1815 llanc
703 1780 763 1815 τοῦ
792 1778 901 1816 καλοῦ
925 1777 1224 1826 originationem
1246 1777 1363 1816 habet

319 1834 430 1872 Plato
449 1835 594 1884 Cratyl.
624 1850 660 1886 p.
682 1836 770 1879 416.
791 1858 846 1865 —
865 1834 898 1857 ⁶⁸
915 1835 1126 1886 Postquam
1154 1835 1201 1873 de
1231 1836 1362 1886 singu-

320 1895 367 1932 lis
385 1895 479 1931 locis
500 1895 578 1943 egit
591 1896 761 1945 scriptor
777 1909 825 1932 ex
841 1895 984 1945 quibus
1006 1908 1157 1932 morum
1183 1894 1362 1933 doctrina

320 1954 486 1990 maxime
510 1953 700 2003 pendebat
729 1962 843 2004 atque
867 1954 907 1991 in
940 1953 1084 2004 quibus
1116 1954 1361 1993 illustrandis

317 2011 542 2063 philosophi
591 2013 788 2063 praecipue
825 2012 1095 2060 versabantur,
1135 2014 1275 2050 transit
1315 2015 1362 2051 ad

317 2070 535 2108 Stoicorum
557 2070 604 2108 de
623 2072 764 2109 morali
791 2072 1052 2123 philosophiae
1079 2080 1188 2122 parte
1208 2072 1361 2122 placita.

316 2130 476 2168 Videtur
501 2139 625 2168 autem
654 2130 821 2168 Zenonis
836 2160 846 2178 ,
877 2131 1090 2182 Chrysippi
1109 2139 1147 2168 et
1168 2130 1363 2170 Cleanthis

318 2191 560 2241 potissimum
593 2190 738 2228 scrinia
774 2190 1019 2241 compilasse.
1059 2189 1164 2228 Inter
1195 2189 1363 2229 Zenonis

320 2249 467 2299 scripta
499 2248 662 2286 moralia
688 2250 853 2287 eminuit
883 2249 976 2286 olim
1006 2263 1104 2300 opus
1136 2248 1219 2300 περὶ
1253 2251 1364 2301 ὁρμῆς

318 2316 569 2345 memoratum
596 2308 761 2357 Diogeni
778 2309 934 2346 Laertio
955 2307 1026 2346 lib.
1048 2307 1132 2355 Vll,
1157 2313 1191 2351 4.
1212 2307 1268 2346 Cf.
1295 2308 1362 2347 Fa·

317 2365 416 2403 bric.
439 2365 539 2404 Bibl.
559 2366 682 2404 Graec..
706 2367 785 2405 vol.
807 2367 880 2414 111,
899 2380 940 2417 p.
963 2366 1035 2403 581
1062 2366 1123 2406 ed.
1146 2366 1254 2405 Harl.
1280 2367 1364 2404 C-ae-

320 2433 443 2462 terum
461 2425 574 2462 initio
586 2425 838 2463 adumbratur
854 2425 1000 2463 divisio
1012 2438 1157 2474 rerum,
1174 2434 1363 2476 quatenus

319 2484 380 2520 vel
408 2483 518 2520 bonae
539 2484 599 2521 vel
632 2484 741 2521 malae
767 2485 828 2522 vel
850 2484 1125 2522 indifferentes
1149 2493 1251 2523 sunt.
1281 2484 1363 2523 Ma—

321 2554 436 2589 gnum
470 2542 573 2578 enim
603 2542 644 2579 in
678 2555 722 2580 ea
753 2543 922 2593 positum
954 2552 1011 2581 est
1044 2552 1281 2581 momentum
1315 2544 1363 2582 ad

321 2612 448 2636 rerum
468 2600 640 2637 omnium
656 2610 828 2638 naturam
847 2615 867 2638 e
880 2600 1097 2639 Stoicorum
1110 2602 1260 2639 ratione
1273 2614 1364 2652 ape·

323 2657 507 2694 riendam.
528 2679 580 2686 —
610 2657 642 2680 ⁰9
677 2658 907 2709 περιπάτησις
928 2659 1000 2696 1100
1029 2659 1115 2697 1000
1143 2667 1201 2696 051
1231 2661 1364 2708 dispu-

324 2720 412 2751 tatio
434 2717 719 2765 philosophica,
743 2726 783 2755 ut
802 2718 903 2768 apud
925 2718 1137 2768 Diogenem
1167 2718 1362 2756 Laertium

323 2773 393 2812 lib.
414 2773 500 2820 Vll,
524 2775 590 2822 98.
623 2775 719 2813 Vide
751 2775 929 2814 Rossium
963 2778 1004 2814 in
1036 2775 1188 2815 Comm.
1228 2776 1359 2818 Laert.

323 2845 361 2882 p.
389 2832 459 2869 138
477 2845 558 2882 seq.
582 2832 639 2872 Cf.
665 2833 781 2873 Henr.
806 2835 1037 2885 Stephanum
1064 2835 1106 2872 in
1122 2834 1239 2872 Thes.
1261 2836 1358 2886 ling.

324 2901 435 2937 graec.
472 2903 559 2927 voc.
595 2891 793 2941 περίπατος.
819 2914 872 2920 -
895 2892 926 2914 ⁷⁰
950 2893 1138 2931 Similiter
1167 2895 1363 2943 Diogenes

324 2946 498 2984 laertius
515 2947 583 2986 lib.
594 2948 677 2994 Vll,
699 2950 775 2997 98:
792 2955 861 2986 πᾶν
877 2950 911 2987 δὲ
933 2950 1059 3000 ἀγαθὸν
1078 2951 1252 3004 συμφέρον
1274 2955 1363 2990 εἰναι

323 3019 382 3040 και
405 3002 477 3041 δεον
494 3003 722 3042 καιλυσιτελὲ
711 3021 741 3048 ς
761 3006 819 3043 καὶ
835 3006 1004 3057 χρήσιμον
1022 3009 1081 3045 καὶ
1099 3007 1287 3060 εὔχρηστον
1303 3011 1362 3049 καὶ

322 3060 430 3099 καλὸν
458 3076 519 3099 και
536 3061 709 3114 ὠφέλιμον
735 3078 793 3100 και
815 3064 947 3115 αἱρετὸν
966 3080 1024 3102 και
1043 3065 1188 3116 δίκαιον,
1209 3069 1276 3117 qui
1301 3069 1363 3106 lo-

325 3133 392 3158 cus
419 3120 577 3157 omnino
605 3134 689 3158 cum
723 3121 795 3158 hoc
825 3124 1095 3164 conferendus.
1117 3147 1171 3154 —
1206 3125 1233 3147 ⁷¹
1274 3127 1362 3166 Pla-

325 3180 413 3217 nius
432 3179 513 3217 haec
533 3180 700 3231 explicat
725 3180 860 3218 Sextus
890 3181 1107 3233 Empiricus
1130 3183 1217 3223 adv.
1248 3184 1362 3225 Math.

323 3237 393 3276 lib
403 3237 465 3282 xl,
486 3238 549 3284 25,
569 3251 653 3310 pag.
671 3238 746 3287 695
767 3239 828 3278 ed.
844 3239 979 3278 Fabric
1008 3241 1168 3291 ,λέγεται
1190 3242 1256 3315 γὰρ
1272 3245 1363 3295 ἀγα-

326 3294 395 3342 ΟΟν,
415 3295 512 3349 φασί,
531 3298 606 3333 καθ
621 3296 679 3333 ἕνα
694 3295 754 3346 μὲν
771 3312 897 3348 Τρθπον
917 3297 1028 3372 'tolum-Q
1041 3303 1086 3337 Ol)
1103 3299 1124 3345 ἢ
1142 3301 1199 3352 ἀφ
1217 3304 1254 3338 Οὓ
1272 3301 1363 3341 ἔστιν

326 3354 435 3405 ὢφελε
423 3357 542 3392 εἴσθαι·
564 3354 581 3392 ὃ
607 3354 687 3399 δὴ
670 3358 909 3407 αρχικώτατον
930 3373 1064 3410 υπηρχε
1085 3360 1143 3396 καὶ
1161 3360 1279 3411 ἀρετη·
1296 3362 1365 3401 ἀπὸ

327 3411 392 3462 γὰρ
426 3412 553 3460 ταύτης
572 3412 690 3465 ὥσπερ
722 3414 812 3458 τινὸς
844 3419 958 3466 πηγῆς
990 3423 1088 3455 πᾶσα
1110 3417 1259 3470 πέφυκεν
1289 3420 1365 3459 ἀνί-

331 3483 426 3519 σχειν
454 3471 620 3522 ὠφέλεια.
651 3472 743 3510 Καθ’
766 3473 879 3525 ἕτερον
906 3475 941 3512 δὲ
964 3475 1000 3513 τὸ
1020 3478 1112 3514 καθ’
1142 3476 1159 3514 ὃ
1179 3477 1364 3527 συμὸαίνει

1421 364 1642 417 ὡφελεῖσθαι·
1674 362 1780 409 οὕτως
1810 365 1849 403 οὗ
1878 363 1981 415 μόνον
2017 365 2054 403 αἱ
2083 364 2204 419 ἀρεταὶ
2232 364 2465 418 λιχθήσονται

1424 421 1556 474 ἀγαθά,
1578 420 1668 461 ἀλλὰ
1692 421 1752 460 καὶ
1784 423 1820 460 αἱ
1846 423 1924 461 κατ’
1954 421 2060 466 αὐτὰς
2089 423 2254 477 πράξεις,
2286 421 2384 476 εἴπερ
2403 423 2465 463 καὶ

1421 480 1512 520 κατὰ
1533 480 1661 525 ταύτας
1681 480 1866 531 συμὸαίνει
1886 481 2106 534 ὠφελεῖσθαι.
2128 482 2231 521 Κατὰ
2251 481 2287 520 δὲ
2307 482 2367 521 τὸν
2387 482 2465 536 τρί-

1421 554 1478 578 τον
1501 540 1562 579 ml.
1583 541 1781 579 τελευταῖον
1801 539 1928 593 τρόπον
1946 539 2087 591 λέγεται
2106 540 2251 593 ἀγαθόν,
2270 540 2309 580 τὸ
2332 535 2403 580 οἶόν
2423 556 2464 581 τι

1421 599 1588 652 ὠφελεῖν,
1618 598 1994 652 ἐμπεριλαμὸανούσης
2013 601 2074 646 τῆς
2104 598 2303 644 ἀποδόσεως
2336 599 2467 648 ταύτης

1421 657 1482 700 τάς
1497 673 1534 696 τε
1552 657 1677 710 ἀρετὰς
1694 657 1754 696 καὶ
1772 657 1832 701 τὰς
1858 658 2037 710 ἐναρέτους
2057 658 2217 711 πράξεις,
2239 658 2395 703 καὶτοὺς
2409 659 2466 712 φί-

1421 717 1499 759 λους
1517 717 1577 755 καὶ
1602 716 1809 760 σπουδαίους
1829 718 2043 770 ἀνθρώπους.
2074 717 2171 757 Vide
2191 717 2364 770 Lipsium
2385 717 2467 757 Ma·

1422 775 1515 813 nud.
1549 775 1667 814 Stoic.
1690 775 1726 815 11
1756 789 1796 827 p.
1821 789 1894 823 223
1916 776 2006 813 item
2036 775 2256 826 Menagium
2282 775 2331 814 ad
2350 775 2466 827 Diog.

1422 833 1548 873 Laert.
1570 834 1639 874 lib.
1657 834 1741 883 Vll,
1771 840 1838 885 94.
1869 856 1923 864 —-
1948 834 1980 857 ⁷²
2015 834 2163 886 Scripsi
2194 835 2271 873 καθ’
2289 835 2330 883 δ;
2352 834 2466 876 codd.

1421 892 1498 932 καθ’
1521 887 1575 933 οὗ.
1595 915 1649 923 —-
1674 893 1708 917 ⁷³
1740 893 1798 933 Cf.
1821 893 1936 944 Diog.
1970 893 2097 933 Laert.
2125 893 2197 933 lib.
2218 893 2306 941 Vll,
2326 894 2393 944 95.
2413 916 2471 926 —

1422 951 1455 979 ⁷⁴
1474 951 1600 990 Verba
1618 950 1719 1002 ἕξεις,
1745 951 1789 989 τὰ
1821 950 1857 990 δὲ
1878 965 1964 1003 quae
1996 952 2134 990 desunt
2166 952 2208 990 in
2230 950 2470 991 membranis

1422 1010 1572 1048 addidit
1588 1011 1730 1048 Bakius
1754 1010 1943 1052 Posidon.
1965 1025 2005 1062 p.
2028 1025 2105 1049 212
2125 1023 2174 1049 ex
2192 1010 2307 1060 Diog.
2337 1009 2468 1052 Laert.

1421 1068 1494 1108 lib.
1514 1069 1601 1116 Vll,
1633 1070 1700 1120 98.
1733 1069 1833 1099 —75
1857 1070 2010 1109 lnserui
2031 1069 2116 1115 ἕξεις
2136 1068 2182 1108 τὰ
2200 1068 2236 1108 δὲ
2257 1081 2344 1120 qum
2363 1070 2472 1109 exci-

1392 1156 1394 1160 ι
1422 1127 1524 1166 (11550
1545 1128 1742 1168 videntur.
1756 1127 1853 1158 -70
1877 1128 2047 1180 Reposui
2063 1127 2256 1167 1100101110
2275 1137 2472 1180 praeeunte

1421 1187 1483 1230 τάς
1513 1187 1546 1238 γ’
1580 1187 1855 1240 εὖκαταφορίας;
1889 1187 2001 1227 codd.
2026 1186 2086 1231 τὰς
2120 1187 2151 1225 δ’
2183 1186 2469 1240 εὖκαταφθορίας.
2499 1241 2503 1245 ,

1422 1246 1616 1296 Diogenes
1634 1246 1808 1284 Laertius
1821 1245 1905 1294 VII,
1924 1260 1936 1284 1
1950 1246 1994 1284 15
2023 1261 2032 1284 :
2052 1245 2112 1284 καὶ
2135 1246 2182 1290 ὡς
2198 1245 2256 1284 ἐπὶ
2270 1248 2330 1286 τοῦ
2348 1245 2472 1298 σώμα-

1393 1327 1395 1336 ›
1421 1320 1479 1349 τος
1504 1305 1741 1356 εὐεμπτωσίαι
1768 1304 1856 1376 τιμὲς
1887 1305 2068 1357 λέγονται,
2091 1299 2161 1344 οἷον
2191 1304 2384 1359 κατᾶῤῥους
2410 1304 2472 1345 καὶ

319 1380 405 1403 110111
426 1366 472 1403 (10
489 1367 564 1415 leg.
587 1365 655 1417 lp.
683 1366 753 1403 361
773 1365 1003 1415 expositam,
1026 1379 1113 1415 quae
1130 1366 1363 1405 conferenda
1393 1373 1394 1394 ³

319 1435 375 1463 cst
411 1438 495 1462 cum
532 1425 718 1475 praeclaro
764 1423 916 1462 Philebi
957 1423 1042 1461 loco
1081 1437 1166 1474 pag.
1215 1424 1279 1461 55.
1309 1419 1394 1456 —3

1423 1364 1593 1418 διάῤῥοια·
1613 1364 1704 1403 οὕτω
1725 1363 1814 1403 κάπὶ
1841 1367 1902 1411 τῆς
1933 1367 2049 1417 ψυχῆς
2079 1365 2163 1403 εἰσιν
2197 1363 2471 1418 εὐκαταφορίαι,

1422 1417 1491 1462 οἷον
1511 1423 1696 1476 φθονερία,
1718 1423 1979 1474 ἀνελεημοσύνη
1991 1453 2000 1470 ,
2014 1423 2122 1476 ἔριδες
2139 1423 2199 1462 καὶ
2215 1422 2259 1462 τὰ
2277 1423 2474 1476 παραπλή-

1392 1504 1394 1531 3
1423 1495 1494 1519 σια.
1514 1482 1574 1519 Ad
1602 1495 1716 1533 quem
1737 1482 1865 1520 locum
1889 1482 1978 1520 vide
1996 1481 2471 1532 Menagium.Cf.Cice1-o

1392 1535 1394 1577 3
1422 1539 1582 1577 Tuscul.
1619 1539 1682 1588 IV,
1713 1555 1772 1580 12.
1791 1562 1844 1570 —
1866 1546 1898 1571 77
1924 1541 2039 1590 Diog.
2069 1541 2193 1580 Laert.
2221 1539 2306 1588 VH,
2334 1542 2470 1591 96.—

1423 1597 1455 1629 73
1476 1598 1699 1649 Sequuntur
1733 1613 1787 1638 eae
1808 1613 1894 1651 quae
1917 1600 2011 1638 olim
2040 1600 2082 1637 in
2111 1598 2334 1638 Stoicorum
2351 1599 2467 1640 libris

1393 1682 1395 1706 t
1423 1657 1720 1708 reperiebantur
1739 1659 1931 1696 virtutum
1956 1658 2223 1709 vitiorumque
2245 1658 2327 1696 illis
2346 1672 2470 1710 oppo-

1393 1707 1395 1750 3
1422 1717 1583 1753 sitorum
1614 1716 1875 1755 definitiones.
1906 1715 1992 1761 Quo
2024 1716 2183 1754 nomine
2212 1715 2276 1754 hic
2303 1717 2474 1767 scriptor

1393 1780 1395 1797 l
1423 1786 1536 1823 quem
1556 1787 1685 1812 rerum
1705 1775 1921 1825 frequentia
1936 1774 2115 1812 crebrum
2135 1788 2219 1814 esse
2231 1789 2366 1815 omues
2382 1790 2474 1816 con-

1393 1848 1395 1890 ξ
1423 1832 1599 1882 litentur,
1618 1833 1733 1882 longe
1752 1842 1908 1884 praestat
1927 1833 2095 1882 Diogeni
2114 1834 2275 1872 Laertio.
2287 1834 2475 1886 pauciora

1393 1891 1395 1928 ἒ
1422 1892 1469 1930 (10
1498 1893 1633 1930 eodem
1661 1902 1889 1942 argumento
1924 1905 1996 1930 nos
2027 1891 2196 1929 docenti.
2228 1914 2282 1922 —
2310 1891 2344 1915 '¹⁹
2373 1892 2475 1947 φύσει
2519 1899 2527 1904 “

1393 1991 1395 1996 ,
1422 1951 1600 1990 πολιτικὸν
1613 1952 1698 2003 ζῷον
1710 1951 1935 1989 nominatur
1948 1950 2064 1988 homo
2076 1963 2191 2001 quem
2202 1951 2323 1990 totius
2333 1952 2474 1993 mundi

1423 2010 1589 2048 incolam
1621 2019 1735 2061 atque
1762 2010 1886 2048 civem
1917 2021 2003 2047 esse
2034 2007 2155 2047 Stoici
2183 2008 2478 2051 arbitrabantur

1423 2082 1543 2120 eaque
1560 2082 1601 2106 re
1615 2082 1636 2106 a
1655 2068 1796 2107 bestiis
1821 2068 2009 2117 distingui
2029 2066 2288 2109 affirmabant.
2312 2070 2367 2108 Ar
2369 2070 2471 2112 rian.

1393 2157 1396 2163 .
1424 2128 1482 2176 11,
1516 2143 1560 2166 10
1584 2143 1592 2166 2
1616 2129 1675 2166 ἐπὶ
1697 2129 1829 2171 τούτοις
1857 2127 2001 2175 πολίτης
2025 2130 2058 2166 εἰ·
2075 2143 2136 2166 του
2161 2129 2294 2179 κόσμου
2321 2131 2400 2171 κτλ.
2418 2152 2474 2163 -

1423 2185 1622 2225 801115011ιί
1642 2187 1778 2225 ἀδικίαν
1811 2185 1846 2224 δὲ
1875 2187 2015 2237 ἄγνοιαν
2039 2186 2088 2236 μὴ
2119 2187 2380 2236 ἀπονεμητικὴν
2407 2192 2471 2237 τῆς

1394 2242 1396 2246 ’
1424 2244 1518 2290 ἀξίας
1530 2247 1678 2298 ἑκάστῳ,
1694 2259 1780 2296 quae
1795 2245 1918 2284 verba
1937 2247 2076 2284 desunt
2093 2245 2136 2283 in
2155 2245 2405 2290 membranis.
2416 2269 2473 2279 ——

1424 2303 1452 2326 8¹
1474 2309 1506 2342 A
1519 2304 1675 2342 Zenone
1691 2305 1902 2355 Didymum
1919 2304 2032 2343 hasce
2045 2305 2232 2343 virtutum
2245 2307 2473 2358 explicatio-

1424 2376 1492 2402 nes
1521 2372 1735 2402 mutuatum
1758 2376 1840 2401 esse
1859 2363 2090 2412 intelligitur
2116 2376 2165 2401 ex
2193 2363 2393 2406 Plutarch.
2422 2367 2472 2406 de

1423 2423 1515 2462 virt.
1534 2423 1669 2460 morali
1685 2435 1769 2473 cap.
1783 2435 1822 2469 2,
1840 2422 1920 2461 vol.
1945 2422 1999 2460 IX
2013 2436 2054 2473 p.
2075 2422 2149 2472 39²
2166 2422 2226 2461 ed.
2246 2423 2401 2463 Hutten.
2417 2446 2475 2457 —-

1424 2479 1457 2503 ⁸²
1477 2481 1536 2521 Cf.
1573 2482 1687 2530 Diog.
1718 2481 1847 2519 Laert.
1869 2480 1955 2527 Vll,
1991 2494 2055 2530 90.
2082 2502 2136 2511 —
2154 2479 2187 2504 ⁸³
2222 2481 2369 2534 Scripsi
2396 2482 2473 2534 ἅμα

1425 2539 1637 2592 διαιρετικὴν
1658 2539 1717 2578 καὶ
1747 2538 2095 2592 ἀνακεφαλαιωτικὴν
2127 2553 2218 2578 011111
2245 2541 2472 2592 Wyttenba-

1424 2599 1512 2637 chio
1539 2599 1587 2637 ad
1606 2598 1804 2638 Plutarch.
1832 2598 1869 2635 11
1892 2612 1931 2649 p.
1961 2599 2031 2635 103
2051 2599 2106 2648 A3
2129 2599 2245 2638 codd.
2266 2601 2471 2654 ἀνταναιρε·

1422 2656 1522 2705 τικὴν
1549 2657 1610 2695 καὶ
1643 2656 1691 2708 μὴ
1719 2656 2016 2709 κεφαλαιωτικήν.
2035 2679 2091 2687 —
2120 2656 2153 2684 ⁸⁴
2192 2658 2308 2708 Diog.
2337 2658 2468 2702 Laert.

1422 2716 1512 2763 Vll,
1544 2718 1594 2767 93
1619 2729 1629 2755 ε
1651 2716 1713 2762 τὴν
1743 2715 1779 2753 δὲ
1813 2715 2101 2768 μεγαλοψυχίαν,
2135 2716 2333 2767 ἐπιστήμην
2360 2715 2471 2765 ἢῖξιν

1424 2775 1584 2828 ὑπεράνω
1603 2778 1770 2814 ποιοῦσαν
1787 2777 1856 2813 τῶν
1871 2774 2134 2826 συμὸαινόντων
2161 2778 2257 2828 κοινῇ
2274 2775 2416 2829 φαύλων
2431 2793 2470 2816 τε

1422 2834 1482 2872 καὶ
1511 2833 1721 2874 σπουδαίων.
1741 2857 1794 2864 --
1813 2831 1846 2856 ⁸⁵
1869 2833 1960 2872 κατὰ
1987 2833 2026 2871 τὸ
2046 2833 2230 2886 σύμφωνον
2260 2848 2347 2873 011111
2371 2835 2471 2875 Hee-

1421 2895 1530 2932 renio
1549 2892 1678 2941 edidi;
1701 2893 1813 2932 codd.
1835 2891 1895 2930 καὶ
1919 2892 1958 2930 τὸ
1978 2891 2178 2945 σύμφωνον.
2200 2893 2350 2932 Etenim
2373 2908 2471 2944 qua-

1423 2944 1590 3004 druplex
1604 2953 1750 2991 fructus
1767 2951 1925 2990 virtutis
1944 2950 2055 3002 cujus
2076 2951 2142 2989 hic
2158 2953 2303 2991 mentio
2321 2953 2364 2990 fit
2379 2966 2468 3004 per-

1423 3012 1519 3049 tinet
1544 3011 1591 3052 ad
1612 3019 1779 3062 quatuor
1804 3013 1965 3048 virtutes
1996 3010 2223 3060 primarias3
2259 3011 2379 3050 officii
2403 3013 2468 3051 in·

1424 3071 1556 3108 ventio
1577 3070 1624 3109 ad
1652 3069 1910 3121 prudentiam,
1939 3068 2222 3120 appetitionum
2254 3071 2470 3110 constantia

1394 3160 1396 3165 ,
1422 3129 1470 3166 ad
1491 3129 1801 3181 temperantiam,
1821 3127 2026 3166 resistendi
2044 3126 2101 3165 vis
2120 3127 2168 3164 ad
2185 3127 2467 3179 fortitudinem,

1423 3189 1590 3240 denique
1623 3189 1916 3228 distributiones
1944 3187 2153 3226 secundum
2185 3197 2413 3227 concentum
2444 3203 2469 3228 a

1423 3257 1560 3286 natura
1596 3249 1845 3286 constitutum
1874 3247 1922 3285 ad
1945 3246 2150 3298 justitiam.
2185 3268 2240 3276 —-
2267 3245 2301 3270 ⁸⁶
2321 3247 2463 3286 Iisdem

1422 3320 1547 3358 prope
1567 3307 1700 3345 verbis
1729 3306 1865 3345 Cicero
1884 3305 2046 3344 Tuscul.
2066 3304 2130 3353 lv,
2158 3305 2202 3341 13
2226 3319 2236 3342 :
2263 3321 2279 3339 α
2304 3314 2346 3343 111
2359 3307 2465 3345 enim

1424 3367 1600 3417 corporis
1625 3366 1868 3418 temperatio,
1889 3378 1974 3403 cum
1992 3377 2037 3402 ea
2049 3372 2277 3413 ‚congruunt
2295 3365 2397 3402 111101·
2424 3378 2467 3404 se

1423 3436 1444 3460 e
1457 3424 1600 3474 quibus
1612 3434 1844 3472 constamus,
1857 3425 2015 3474 sanitas,
2026 3423 2082 3461 sic
2095 3422 2214 3460 animi
2223 3422 2364 3461 dicitur
2377 3437 2470 3462 cum

1394 3523 1398 3528 ¹
1425 3481 1509 3531 ejus
1526 3483 1673 3534 judicia
1701 3484 1985 3535 opinionesque
2019 3480 2268 3520 concordant.
2298 3498 2314 3515 »
2351 3481 2466 3520 Com·
