2638 3840
281 276 355 309 182

313 358 370 390 VI.
394 358 443 390 De
461 356 552 390 coelo.
658 398 661 401 .

314 419 388 450 VII.
408 417 456 449 De
467 418 604 458 quatuor
614 415 783 457 generibus
794 415 993 454 animalium,
1003 414 1064 446 lioc
1074 415 1123 447 est
1132 415 1320 456 caelestium,

273 477 450 518 praepetum
461 500 471 516 ,
487 476 630 508 nautium
640 499 648 515 ‚
663 477 873 507 terrenorum.

314 536 403 568 VIII.
428 537 473 567 Dc
491 536 561 567 ortu
582 534 705 575 generis
722 533 863 564 humani.

315 596 370 628 lX.
394 596 442 627 De
459 603 571 632 causa,
589 602 645 624 cur
660 592 827 624 hominum
843 590 985 632 plerique
1002 590 1066 624 sint
1082 591 1251 634 sapientes,
1268 593 1320 625 alii

270 652 469 695 insipientes.

312 714 353 744 X.
377 713 424 744 De
442 711 526 743 visu.

313 773 367 804 XI.
390 774 436 804 De
453 770 655 811 imaginibus.

313 833 383 863 XII.
404 832 488 862 Laus
509 829 646 861 videndi.

262 891 285 914 r„
299 885 403 922 'xl11.
428 891 475 920 De
494 888 585 920 silva.

312 950 399 981 XIV.
423 950 471 980 De
488 949 644 988 tempore.

312 1006 382 1037 XV.
407 1006 455 1036 De
474 1003 585 1045 primis
610 1002 753 1035 materiis
776 1002 996 1043 silvestribus,
1015 1005 1047 1035 et
1072 1002 1320 1045 proprietatibus

271 1072 394 1096 earum.

311 1125 395 1156 XVI.
421 1125 468 1156 De
482 1123 619 1155 diversis
637 1122 828 1155 humoribus
846 1131 1018 1164 corporum
1035 1123 1068 1156 et
1086 1122 1277 1164 phlegmate.

311 1184 416 1215 XVII.
440 1185 488 1215 De
506 1182 652 1214 sensibus
668 1181 868 1214 odorationis
885 1183 917 1214 et
933 1183 1088 1222 gustatus.

310 1243 430 1275 XVIII.
454 1243 501 1273 De
522 1240 667 1273 colorum
686 1242 839 1279 varietate
861 1243 893 1273 et
913 1242 1122 1273 conversione
1149 1250 1189 1274 ex
1206 1241 1267 1273 alio
1287 1241 1319 1273 in

269 1301 386 1340 alium;
407 1309 544 1342 quaeque
559 1300 719 1332 coloribus
740 1300 858 1332 similia
877 1302 964 1333 sunt.

312 1362 402 1394 XIX.
426 1361 475 1391 De
492 1359 656 1400 principali
674 1347 784 1390 >vitalis
799 1359 998 1391 substantiae.

311 1422 382 1452 XX.
405 1420 454 1451 De
470 1418 594 1459 anima,
614 1419 647 1451 et
668 1418 810 1459 partibus
830 1418 917 1458 ejus,
936 1421 968 1450 et
987 1417 1074 1450 locis.

309 1479 398 1512 XXI.
422 1480 469 1510 Dc
485 1477 626 1518 corporis
645 1477 819 1517 membris,
836 1478 867 1509 et
880 1477 1027 1510 artubus.

311 1539 412 1571 XXII.
435 1540 482 1570 De
501 1537 685 1569 nationibus
706 1535 905 1568 diversarum
921 1535 1072 1576 gentium.

310 1598 431 1630 XXIII.
457 1598 504 1628 De
522 1595 709 1635 aegritudine
727 1596 880 1636 corporis.

310 1657 428 1688 XXIV.
454 1656 500 1687 De
517 1654 708 1694 aegritudine
724 1654 852 1687 animae.

309 1717 410 1748 XXV.
436 1717 483 1748 De
506 1715 630 1747 medela
646 1714 812 1755 utriusque
827 1714 981 1747 materiae.

312 1776 432 1808 XXVI.
455 1776 503 1807 De
528 1774 678 1806 universo
706 1774 848 1814 mundo,
868 1775 900 1806 et
922 1773 1071 1805 omnibus
1089 1781 1162 1814 quae
1181 1772 1321 1805 mundus

270 1834 511 1875 complectitur.

313 1894 449 1926 XXVII.
474 1894 522 1925 De
548 1892 735 1933 intelligibili
764 1891 837 1924 deo.
882 1892 1031 1929 Quorum
1061 1891 1205 1924 omniurn
1233 1891 1320 1932 sigil-

270 1953 359 1985 latim
370 1977 380 1992 ,
401 1951 578 1985 secundum
597 1951 743 1984 ordinem
760 1951 849 1992 libri,
863 1951 1022 1992 expositio
1038 1951 1104 1984 net.

311 2013 404 2045 VIII.
429 2013 503 2044 Jam
525 2012 561 2043 ut
585 2010 701 2044 doceat
729 2011 841 2043 mundi
870 2019 987 2052 corpus
1017 2010 1195 2052 perfectum
1218 2019 1287 2042 esse
1311 2023 1318 2042 :

276 2071 428 2112 (perfecta
446 2078 541 2110 porro
569 2078 706 2110 corpora
732 2070 809 2101 sunt
827 2069 946 2110 solida,
966 2078 1038 2110 quae
1066 2078 1107 2101 ex
1125 2069 1227 2101 tribus
1244 2078 1321 2100 con-

271 2132 369 2170 stant,
388 2129 596 2169 longitudine,
614 2128 792 2170 latitudine,
808 2128 1043 2170 crassitudine,)
1059 2129 1146 2169 prius
1157 2129 1318 2170 epipedas‚

271 2189 333 2220 boc
350 2190 399 2220 est
419 2187 529 2228 planas
554 2187 691 2228 figuras3
711 2195 786 2228 quae
807 2186 1040 2227 longitudinem
1059 2187 1176 2226 modo,
1193 2188 1224 2219 et
1250 2187 1320 2219 lati-

269 2247 433 2287 tudinem,
469 2246 591 2279 nullam
624 2255 703 2279 vero
734 2247 984 2288 profunditatem
1013 2246 1149 2287 liabent,
1176 2247 1319 2289 exponit.

271 2306 396 2343 Quibus
414 2306 458 2338 ait
481 2315 575 2338 unam
596 2305 744 2338 sufficere
763 2314 855 2346 posse
874 2306 1100 2338 medietatem:
1121 2305 1240 2347 quippe
1258 2306 1322 2338 duo

270 2364 422 2397 distantia
460 2374 524 2397 una
554 2364 660 2397 media
692 2365 913 2405 interiectione
945 2364 1146 2406 continuari,
1185 2364 1322 2397 habente

272 2423 413 2468 aliquam
448 2424 530 2456 inter
564 2423 630 2456 duo
657 2423 711 2456 illa
739 2424 888 2457 distantia
922 2423 1156 2465 cognationem.
1201 2425 1256 2457 Sic
1274 2423 1322 2456 di-

271 2491 346 2515 cens
365 2493 374 2515 ε

311 2542 451 2575 ‘Onia-w
468 2542 527 2584 γὰρ
540 2542 678 2584 ἀριθμῶν
696 2545 787 2583 τριῶν
806 2542 868 2574 εἶτε
883 2541 987 2582 ὄγκων
1007 2542 1068 2574 εἴτε
1084 2542 1245 2583 δυνάμεων
1259 2546 1321 2574 ὡν-

271 2605 420 2634 τινωνοῦν
436 2601 456 2642 ᾖ
471 2602 512 2634 ’τὸ
530 2603 637 2643 μέσον,
654 2602 686 2640 ὅ,
701 2613 729 2633 τι
746 2613 804 2643 περ
828 2602 863 2634 τὸ
883 2605 1010 2643 πρῶτον,
1022 2603 1098 2644 πρὸς
1122 2602 1212 2642 αὐτό,
1228 2606 1322 2635 τοῦτο

272 2661 348 2693 αὐτὸ
363 2661 436 2702 πρὸς
450 2662 486 2693 τὸ
506 2661 652 2702 ἔσχατον,
667 2662 719 2692 καὶ
733 2661 827 2692 πάλιν
844 2660 932 2697 αὖθις
949 2662 979 2701 ὅ,
993 2673 1022 2693 τι
1042 2662 1077 2694 τὸ
1097 2661 1232 2703 ἔσχατον
1247 2663 1321 2703 πρὸς

274 2719 307 2751 τὸ
321 2720 429 2760 μέσον,
447 2723 540 2751 τοῦτο
559 2720 595 2751 τὸ
607 2719 702 2760 μέσον
719 2720 795 2761 πρὸς
807 2720 842 2751 τὸ
855 2723 993 2761 πρῶτον,
1011 2720 1081 2752 τότε
1094 2721 1129 2753 τὸ
1151 2722 1246 2761 μέσον
1268 2721 1321 2763 μὲν

272 2783 397 2822 πρῶτον
414 2781 468 2811 καὶ
485 2779 620 2820 ἔσχατον
645 2779 840 2820 γιγνόμενον,
860 2780 896 2811 τὸ
924 2778 949 2811 δ’
963 2779 1097 2820 ἔσχατον
1115 2781 1168 2812 καὶ
1191 2781 1227 2812 τὸ
1240 2784 1322 2822 πρῶ-

273 2851 327 2871 τον
361 2838 402 2870 αὗ
431 2839 513 2879 μέσα
546 2837 720 2879 ἀμφότερα,
752 2837 840 2869 πάνθ’
864 2838 962 2874 οὕτως
996 2840 1027 2875 ἐξ
1056 2838 1191 2880 ἀνάγκης
1223 2839 1321 2872 ταύτὰ

273 2899 352 2931 εἶναι
370 2897 579 2939 ξυμὸήσεται,
611 2896 709 2927 ταύτὰ
746 2896 778 2928 δὲ
816 2897 967 2938 γενόμενα
986 2898 1126 2936 ἀλλήλοις
1157 2899 1187 2930 ἓν
1221 2900 1322 2931 πάντα

273 2958 374 2990 ἔσται,

317 3019 403 3050 Cum
421 3018 512 3048 enim
538 3024 581 3047 ex
607 3015 719 3047 tribus
731 3038 739 3053 ,
754 3015 809 3047 vel
826 3018 996 3057 numeris,
1010 3018 1065 3049 vel
1084 3018 1232 3051 molibus
1244 3043 1253 3058 ,
1268 3019 1321 3051 vet

270 3079 456 3120 potentiis,
475 3076 642 3109 medietas
665 3077 733 3108 imo
750 3076 893 3117 perinde
911 3077 1065 3118 quadrat
1081 3080 1121 3111 ut
1138 3081 1320 3112 summitas

272 3137 408 3175 medio;
439 3144 654 3177 rursumque
684 3137 725 3168 ut
757 3137 867 3168 imum
904 3136 1033 3177 medio,
1068 3140 1117 3170 sic
1157 3139 1321 3171 medietas

273 3204 408 3229 summo
426 3207 437 3228 .-
454 3197 535 3228 tunc
559 3197 652 3227 certe
679 3194 845 3226 medietas
869 3203 890 3227 a
913 3203 1066 3237 summo,
1080 3198 1114 3229 et
1136 3198 1219 3230 item
1234 3199 1319 3238 imo,

274 3255 366 3287 nihil
391 3254 528 3295 dissert.
572 3256 792 3294 Rursumque
809 3255 950 3285 extimis
970 3254 1043 3286 illis
1060 3254 1107 3287 ad
1126 3255 1321 3289 medietatis

275 3315 523 3355 conditionem,
539 3315 646 3355 atque
663 3312 710 3344 ad
727 3311 881 3352 ejusdem
895 3313 1131 3353 parilitatem,
1145 3315 1297 3348 redactis
1310 3326 1322 3349 .·

276 3382 352 3406 cum
371 3374 535 3406 medietas
556 3380 689 3415 quoque
715 3373 925 3404 extentorum
945 3374 1051 3405 vicem
1072 3375 1238 3414 suscipit,
1255 3375 1320 3415 fit,

277 3435 411 3473 opinor,
425 3436 465 3465 ut
481 3435 551 3466 tota
566 3433 716 3464 materia
733 3439 806 3463 una
822 3433 854 3463 et
866 3431 986 3464 eadem
1003 3435 1137 3465 ratione
1149 3435 1321 3466 societur:

278 3500 382 3533 eoque
394 3494 497 3532 pacto
513 3492 632 3526 eadem
646 3492 709 3525 sibi
723 3492 826 3523 erunt
838 3493 999 3524 universa
1015 3492 1166 3525 membra
1174 3504 1184 3525 .·
1192 3494 1322 3534 quippe

1430 200 1456 229 θ

1006 266 1269 306 CHALCIDII
1301 265 1721 308 COMMENTARIUS

1383 367 1528 402 quorum
1541 359 1589 392 sit
1603 367 1676 391 una
1691 357 1854 391 conditio.
1886 359 1969 392 Unis
1983 366 2088 401 porro
2107 357 2240 399 effectis
2255 359 2431 399 membris,

1383 427 1495 453 unum
1510 420 1578 452 erit
1594 421 1699 460 atque
1718 418 1809 450 idem
1828 420 1952 451 totum.

1426 481 1479 512 IX.
1504 479 1613 512 Utitur
1635 478 1822 520 probatione
1844 478 2054 511 arithmetica.
2099 479 2147 511 Sit
2176 487 2251 519 ergo
2272 478 2433 521 descripta

1384 534 1552 575 trigemina
1570 534 1667 575 figura
1679 558 1689 574 ,
1706 543 1779 575 quae
1798 533 1947 566 ostendat
1966 535 2124 574 quatenus
2145 533 2172 566 si
2192 534 2258 567 duo
2275 534 2396 568 distent
2413 543 2433 567 a

1383 603 1434 634 se,
1454 603 1517 626 nna
1540 594 1644 626 media
1665 594 1894 626 continuentur
1911 594 2046 633 cognata
2066 593 2295 634 interjectione.
2341 593 2430 633 (vid.

1385 653 1476 694 ligur.
1493 653 1536 692 1.)
1551 652 1725 693 Quadrati,
1743 652 1830 693 quod
1846 652 1990 693 principe
2004 651 2075 684 loco
2091 651 2288 692 descriptum
2303 655 2374 693 est,
2393 652 2435 685 sit

1384 721 1483 743 unum
1499 712 1579 744 latus
1594 712 1626 744 in
1637 712 1821 751 momentis,
1835 711 1923 744 verbi
1937 719 2047 750 causa,
2059 710 2198 743 duobus.
2243 710 2336 743 Altud
2350 710 2435 744 latus

1384 771 1415 803 in
1433 771 1604 803 momentis
1629 771 1743 803 tribus.
1790 772 1862 803 Hoc
1880 772 2088 811 supputatum
2110 770 2185 802 l'acit
2205 778 2312 802 aream
2337 770 2434 803 tottus
2470 771 2472 775 ’

1385 830 1515 871 perl'ccti
1533 830 1677 870 quadrati
1694 831 1931 862 momentorum
1945 838 2014 870 sex,
2032 829 2083 862 bis
2101 829 2187 862 enim
2203 828 2263 861 tria
2275 837 2330 862 sex
2346 829 2431 861 sunt.

1387 889 1494 921 Ultimi
1511 898 1585 921 vero
1604 889 1765 930 quadrati,
1781 891 1813 921 et
1833 888 1982 921 distantis
2005 889 2126 929 primo,
2141 888 2184 920 sit
2204 887 2335 920 demum
2351 887 2435 921 latus

1385 957 1483 980 urium
1513 951 1748 981 momentorum
1781 949 1940 989 quatuor;
1959 947 2046 980 aliud
2077 947 2172 987 latus,
2195 936 2432 979 momentorum

1383 1017 1439 1040 sex
1460 1022 1468 1040 :
1487 1008 1549 1040 hoc
1562 1008 1773 1049 supputatum
1788 1008 1864 1039 facit
1878 1016 1985 1039 arcem
2002 1007 2114 1049 integri
2130 1007 2276 1047 quadrati
2291 1015 2434 1039 momen·

1385 1069 1490 1100 torum
1508 1067 1618 1107 viginti
1637 1068 1793 1108 quatuor.
1841 1069 1962 1104 Quater
1978 1067 2062 1098 enim
2085 1075 2155 1106 sex,
2169 1066 2280 1106 viginti
2298 1067 2437 1107 quatuor

1385 1130 1471 1159 sunt.
1516 1127 1594 1159 Haec
1616 1128 1724 1159 autem
1746 1126 1912 1167 medietas,
1930 1135 2002 1166 qum
2015 1129 2065 1158 est
2082 1125 2113 1158 in
2135 1125 2323 1166 duodecim,
2337 1127 2370 1159 et
2390 1126 2435 1159 ita

1383 1186 1544 1226 adhaeret,
1561 1186 1598 1218 ut
1613 1186 1749 1227 impulsa
1769 1185 1889 1218 extima
1909 1185 2066 1226 quadrata
2083 1185 2308 1217 continuatum
2325 1184 2435 1218 videa-

1383 1246 1453 1284 tur;
1471 1245 1604 1284 cognata
1613 1246 1661 1277 est
1679 1244 1823 1278 extimis.
1871 1244 2036 1286 Siquidem
2051 1244 2147 1284 quota
2162 1244 2251 1285 parte
2266 1243 2372 1276 minor
2386 1245 2437 1278 eet

1382 1304 1467 1343 imo,
1484 1303 1515 1335 id
1537 1306 1587 1336 est
1613 1303 1765 1343 dimidia,
1784 1305 1852 1335 tota
1879 1303 1982 1343 major
2009 1304 2060 1336 est
2085 1312 2226 1336 summo.
2271 1302 2436 1345 Siquidem

1383 1361 1552 1394 duodecim
1567 1361 1700 1393 dimidia
1723 1362 1832 1403 viginti
1844 1363 1982 1403 quatuor
1995 1371 2069 1403 pars
2091 1361 2151 1401 sit;
2162 1370 2290 1394 summa
2306 1370 2435 1395 rursum

1381 1420 1520 1461 quatuor
1540 1420 1573 1451 et
1601 1418 1714 1459 viginti
1735 1419 1839 1460 posita
1867 1418 1899 1450 in
1915 1419 1999 1458 imo,
2023 1418 2064 1451 sit
2082 1418 2271 1457 duodecim,
2290 1427 2365 1460 quae
2383 1421 2435 1453 est

1382 1479 1416 1510 in
1430 1478 1549 1517 medio,
1569 1477 1681 1519 dupla.
1725 1480 1856 1511 Summa
1870 1478 1948 1510 item
1967 1477 2094 1519 mediae,
2111 1486 2249 1510 summae
2261 1477 2435 1519 superioris

1381 1536 1479 1577 dupla
1500 1548 1508 1568 ι
1527 1536 1579 1568 bis
1597 1545 1651 1569 sex
1670 1536 1756 1569 enim
1769 1561 1778 1576 ‚
1796 1536 1978 1569 duodecim.

1423 1597 1462 1627 X.
1478 1596 1528 1628 Ita
1543 1595 1749 1627 dimidietatis
1763 1596 1794 1627 et
1811 1595 1899 1636 dupli
1912 1595 2034 1627 ratione
2049 1595 2234 1636 sociantur3
2251 1595 2285 1628 et
2302 1595 2337 1628 fit
2351 1595 2434 1628 exti-

1384 1663 1510 1687 morum
1527 1654 1683 1694 limitum,
1703 1654 1737 1687 et
1764 1653 1963 1694 medietatis,
1985 1663 2049 1686 una
2070 1655 2247 1696 eademque
2278 1654 2433 1688 conditio.

1383 1712 1490 1750 Quid?
1515 1713 1600 1754 quod
1630 1713 1785 1746 medietas
1817 1714 1858 1746 de
1888 1712 2020 1745 extimis
2052 1713 2216 1745 nascitur?
2245 1712 2314 1745 sive
2349 1713 2435 1745 enim

1382 1772 1501 1804 summi
1521 1772 1631 1805 limitis
1654 1773 1815 1805 minorem
1837 1780 1999 1804 summam
2018 1780 2092 1805 cum
2110 1771 2165 1803 imi
2184 1771 2297 1804 limitis
2313 1771 2436 1813 majore

1383 1839 1511 1863 summa
1528 1831 1785 1872 multiplicavero
1797 1856 1806 1871 ,
1824 1840 1881 1864 seu
1895 1832 2009 1864 contra
2022 1831 2141 1864 summi
2158 1831 2268 1863 limitis
2281 1830 2435 1872 majorem

1383 1899 1545 1922 summam
1565 1900 1639 1923 cum
1659 1891 1716 1923 imi
1737 1890 1847 1923 limitis
1865 1882 1988 1924 minore
2016 1890 2203 1931 contulero,
2222 1889 2436 1932 mulfiplicans

1383 1951 1531 1991 utraque,
1548 1950 1607 1982 hac
1625 1950 1677 1982 via
1695 1950 1838 1982 nascitur
1853 1949 2024 1991 duodecim
2043 1958 2209 1981 numerus.
2253 1950 2332 1982 Tam
2349 1949 2438 1982 enim

1384 2009 1432 2041 bis
1449 2018 1519 2049 sex,
1536 2018 1633 2050 quam
1651 2010 1699 2042 ter
1717 2010 1867 2051 quatuor,
1886 2008 2057 2042 duodecim
2079 2008 2168 2042 tient.

1425 2069 1486 2102 XI.
1511 2070 1587 2101 uaec
1604 2068 1717 2101 eadem
1731 2069 1920 2107 distantium
1934 2076 1955 2100 a
1967 2077 2004 2101 se
2016 2068 2116 2100 duum
2129 2067 2328 2103 continuatio
2339 2068 2436 2101 unius

1384 2127 1550 2168 interjectu
1573 2128 1754 2162 medietatis
1778 2128 1981 2169 geometricis
2005 2128 2101 2160 etiam
2123 2127 2368 2169 probationibus
2384 2136 2434 2160 re-

1383 2187 1515 2220 veletur.
1561 2188 1632 2220 Sint
1644 2197 1719 2228 ergo
1733 2188 1828 2220 etiam
1841 2196 1928 2220 nunc
1943 2187 2112 2228 descriptae
2126 2187 2248 2228 figurae.
2293 2188 2382 2220 Duas
2396 2195 2436 2220 ex

1382 2246 1517 2279 adverso
1535 2247 1656 2288 positas
1678 2247 1798 2287 lineas,
1830 2246 2142 2290 parallelogrammas
2168 2245 2363 2279 Geometrici
2379 2255 2435 2288 ap-

1384 2306 1522 2346 pellant,
1540 2308 1772 2347 consequenter
1789 2306 1884 2338 etiam
1905 2306 2016 2346 planas
2029 2305 2243 2344 quadraturas
2265 2291 2434 2346 parallelo}

1383 2373 1540 2405 gramma.
1587 2364 1786 2406 Propositum
1808 2368 1856 2397 est
1872 2364 2021 2405 probare,
2038 2363 2311 2405 quemadmodum
2330 2364 2434 2397 duum

1386 2426 1753 2467 parallelogrammorum
1772 2425 1925 2457 similium
1945 2434 2047 2457 unum
2071 2425 2215 2457 medium
2234 2425 2431 2471 inveniatur,

1383 2485 1471 2527 quod
1503 2485 1624 2518 ratione
1656 2494 1720 2517 non
1758 2488 1875 2517 careat.
1920 2485 2015 2524 (Vide
2043 2485 2135 2525 figur.
2163 2484 2209 2525 2.)
2238 2485 2311 2518 Sint
2335 2485 2432 2526 igitur

1383 2545 1450 2577 duo
1459 2545 1575 2578 similia
1587 2545 1895 2586 parallelogramma,
1908 2544 2026 2585 quibus
2037 2544 2192 2576 assistunt
2200 2546 2323 2579 Graecae
2331 2543 2434 2577 literae

1385 2606 1404 2647 β
1419 2605 1437 2637 δ
1454 2607 1486 2637 et
1502 2615 1522 2646 γ
1539 2605 1554 2636 θ
1584 2603 1733 2636 habentia
1751 2603 1890 2645 aequales
1909 2603 2046 2643 angulos
2067 2615 2076 2636 ε
2095 2612 2209 2644 unum,
2226 2603 2283 2645 qui
2300 2605 2351 2637 est
2372 2603 2434 2637 sub

1384 2665 1437 2705 βγ
1451 2665 1468 2696 6
1487 2663 1535 2704 ei,
1551 2663 1606 2704 qui
1622 2665 1672 2695 est
1690 2662 1750 2694 sub
1770 2674 1789 2700 η
1808 2673 1828 2703 γ
1851 2665 1877 2699 ζ.
1922 2663 2024 2694 Porro
2053 2662 2108 2695 ubi
2138 2662 2280 2704 aequales
2307 2662 2433 2704 anguli,

1383 2723 1482 2756 latera
1501 2732 1560 2764 pro
1583 2722 1777 2763 competenti
1801 2724 1895 2754 erunt
1916 2734 1924 2754 ε
1943 2723 1979 2759 ut
1995 2721 2080 2754 enim
2095 2722 2145 2754 est
2164 2722 2184 2764 β
2201 2733 2222 2763 γ
2238 2721 2323 2754 latus
2343 2722 2434 2763 juxta

1382 2794 1401 2821 γ
1417 2786 1432 2820 ζ
1451 2797 1458 2815 ;
1477 2782 1519 2814 ita
1537 2783 1554 2814 6
1571 2793 1590 2822 γ
1609 2781 1690 2814 latus
1704 2782 1795 2822 Juxta
1813 2793 1834 2823 γ
1848 2793 1869 2820 η
1886 2781 1981 2814 latus.
2025 2781 2106 2814 Dico
2125 2781 2229 2814 duum
2244 2781 2360 2814 borum
2388 2783 2433 2815 si-

1383 2842 1506 2874 milium
1523 2841 1890 2882 parallelogrammorum
1909 2841 2046 2873 iuveniri
2069 2840 2211 2873 medium
2226 2841 2313 2874 aliud
2333 2841 2433 2874 ratio-

1382 2901 1498 2933 nabile.
1543 2900 1597 2933 Sic
1630 2901 1750 2941 quippe
1777 2900 1934 2932 directum
1959 2901 1979 2942 β
1995 2912 2015 2940 γ
2042 2900 2125 2932 latus
2146 2912 2166 2941 γ
2187 2899 2320 2938 Ualeri.
2366 2901 2433 2934 Erit

1382 2961 1480 3001 igitur
1502 2959 1598 2992 etiarn
1617 2960 1634 2992 δ
1651 2970 1671 3001 γ
1693 2959 1777 2992 latus
1794 2970 1812 3000 γ
1830 2971 1850 2997 η
1871 2958 1960 2991 lateri
1985 2958 2164 2999 directum,
2185 2960 2219 2992 et
2236 2958 2369 2992 directis
2393 2959 2431 2992 li-

1382 3021 1452 3054 neis
1472 3031 1494 3052 α
1509 3019 1526 3051 δ
1550 3022 1583 3052 et
1605 3020 1620 3052 θ
1640 3021 1675 3060 ζ,
1695 3021 1830 3060 agantur
1855 3018 1985 3050 extimae
2014 3017 2108 3050 lineae
2127 3018 2144 3051 6
2161 3029 2176 3050 ε
2201 3020 2234 3051 et
2251 3021 2268 3056 ζ
2281 3029 2301 3055 ,ε
2319 3032 2327 3052 :
2347 3027 2433 3051 com·

1382 3082 1574 3123 pleaturque
1601 3079 1663 3112 boc
1693 3079 1787 3120 pacto
1813 3077 1918 3127 omnis
1940 3076 2053 3118 figura.
2097 3080 2141 3110 Ut
2159 3077 2255 3119 igitur
2271 3079 2290 3120 β
2307 3089 2325 3116 γ
2349 3077 2432 3110 latus
2486 3103 2492 3108 .

1379 3141 1472 3182 juxta
1488 3151 1508 3180 γ
1525 3143 1540 3178 ζ
1555 3140 1659 3180 latus,
1677 3138 1721 3171 ita
1741 3139 1761 3180 β
1777 3138 1795 3170 6
1812 3136 2145 3178 parallelogrammum
2159 3137 2250 3176 juxta
2269 3137 2287 3169 δ
2299 3139 2316 3174 ζ
2332 3137 2432 3178 paral·
2490 3139 2494 3143 ’

1383 3200 1641 3241 lelogrammum.
1687 3186 1771 3230 Sunt
1786 3197 1873 3230 enim
1889 3197 1922 3228 in
1938 3195 2049 3228 eadem
2071 3195 2264 3237 quadratura
2283 3207 2304 3227 α
2319 3207 2346 3235 ε,
2369 3197 2389 3238 β
2402 3199 2429 3234 ζ.

1383 3261 1587 3300 Rursumque
1611 3259 1647 3291 ut
1662 3269 1682 3299 γ
1696 3258 1713 3290 6
1728 3257 1811 3289 latus
1834 3256 1926 3297 juxta
1945 3267 1997 3297 γη
2014 3254 2096 3287 latus
2113 3267 2122 3288 ε
2140 3255 2186 3287 sic
2213 3256 2244 3287 et
2264 3255 2430 3296 parallelo-

1381 3327 1563 3359 grammum
1586 3329 1634 3360 γε
1648 3318 1740 3359 iuxta
1756 3319 1772 3355 ζ
1790 3327 1811 3355 η
1831 3315 2174 3357 parallelogrammum.
2236 3315 2319 3347 Sunt
2345 3314 2430 3347 enim

1383 3377 1454 3410 haec
1473 3386 1601 3418 quoque
1617 3377 1650 3409 in
1668 3376 1863 3417 quadratura
1879 3376 1896 3408 6
1907 3386 1927 3413 η
1942 3386 1956 3407 ε
1971 3376 1998 3407 θ.
2043 3376 2087 3407 nt
2104 3383 2179 3414 ergo
2195 3375 2215 3416 β
2232 3375 2249 3406 δ
2265 3373 2430 3414 parallelo-

1381 3445 1563 3478 grammum
1587 3437 1678 3477 Juxta
1699 3437 1716 3468 6
1732 3439 1747 3474 ζ
1773 3435 2122 3476 parallelogrammum,
2141 3434 2187 3466 sic
2206 3434 2282 3466 item
2301 3434 2318 3465 6
2336 3436 2352 3471 ζ
2371 3442 2428 3475 pa·
2462 3423 2467 3426 ³

1382 3494 1672 3535 rallelogrammum
1693 3495 1785 3536 juxta
1811 3495 1842 3526 id
1865 3493 1950 3534 quod
1976 3489 2087 3525 subter
2111 3493 2160 3525 est
2190 3504 2209 3532 γ
2225 3494 2241 3524 θ
2261 3490 2426 3533 parallelo-
