2638 3840
333 267 401 299 120
1186 254 1644 295 PYTHAGOREORUM

325 361 364 399 p.
384 348 445 384 56.
465 346 558 392 Quae
584 358 677 383 vero
697 353 807 382 antea
826 342 1022 381 contraria
1048 340 1233 379 medietas
1260 340 1364 379 dice-

324 406 452 451 batur,
471 419 553 442 eam
572 405 686 455 primi
712 403 900 452 Archytas
926 409 963 437 et
989 400 1184 451 hippasus
1206 402 1362 438 harmo-

325 465 450 502 nicam
472 472 679 507 vocarunt,
702 463 733 499 si
763 461 933 511 locuples
952 460 1058 496 testis
1076 459 1233 497 videtur
1256 458 1365 497 Jam-

324 523 478 562 blichus
500 524 541 561 in
574 522 724 560 Nicom.
752 534 789 571 p.
826 527 894 564 141
921 519 974 556 ita
1002 517 1176 556 scribens
1199 533 1207 556 :
1231 517 1300 556 ὑπὸ
1328 518 1363 557 δὲ

323 584 391 619 τῶν
415 580 494 632 περὶ
513 580 569 618 τὸν
590 579 757 631 Ἀρχύταν
780 577 839 615 καὶ
857 575 1034 615 Ἵππασον
1061 574 1233 627 ἁρμονικὴ
1262 591 1365 627 μετα-

323 640 493 685 κληθεῖσα
507 668 517 686 ,
538 637 590 676 ὅτι
606 637 685 681 τοὺς
711 635 801 674 κατὰ
821 634 861 673 τὸ
884 634 1107 686 ἡρμοσμένον
1134 634 1194 672 καὶ
1214 635 1364 687 ἐμμελὲς

324 698 482 750 ἐφαίνετο
513 697 633 747 λόγους
654 694 880 746 περιέχουσα.
911 693 1025 742 Quod
1058 694 1255 744 reliquum
1287 705 1363 743 est,

324 755 565 807 Porphyrius
593 757 631 792 in
662 752 946 793 Commentario
967 751 1015 789 ad
1034 752 1233 791 Ptolemaei
1264 753 1362 792 Har-

324 816 477 853 monica
499 815 677 864 Archytae
697 813 950 860 fragmentum
971 811 1019 848 de
1040 824 1119 861 quo
1137 809 1203 849 hic
1230 813 1362 862 agitur

322 888 368 912 eo
389 872 550 911 consilio
585 873 713 918 affert,
747 879 788 908 ut
817 869 957 921 probet
992 869 1097 920 quod
1127 872 1362 920 posteriores

322 932 448 970 Graeci
468 931 525 969 τὸν
549 931 647 980 λόγον
667 930 899 983 (rationem)
924 929 1185 981 appellarunt,
1204 930 1243 968 id
1258 931 1363 983 prio-

323 1004 385 1029 res
405 988 583 1039 διάστημα
606 988 901 1040 (intervallum)
925 988 1160 1028 nominasse.

371 1065 402 1090 a.
426 1047 642 1101 Φιλοσοφίαν
664 1048 790 1101 φαντὶΙ
826 1047 936 1101 ὄρεξιν
958 1042 1047 1097 ἧμεν
1075 1050 1124 1086 τῶ
1154 1048 1362 1098 ἀναλαμὸά-

318 1108 415 1156 νενῆ
446 1107 587 1160 συνέχεν
616 1106 786 1146 αὔταυτον
819 1108 854 1145 ἐν
887 1108 994 1159 ἀρετᾶΙ
1025 1113 1205 1161 πρακτικᾷ
1231 1109 1362 1147 καττὰν

318 1168 442 1242 ἔφεσιν
447 1173 508 1210 τᾶς
518 1165 639 1220 σοφίας
655 1166 697 1204 δι’
720 1163 894 1204 αὖταύταν
914 1165 946 1188 ²·
971 1165 1099 1209 ταύτας
1117 1165 1145 1204 δ’
1166 1166 1278 1219 ἀρχὰν
1300 1166 1362 1216 μὲν

316 1228 380 1265 τὰν
401 1225 501 1279 φύσιν
517 1224 777 1278 προδιδοίσκεν3
782 1254 791 1270 ,
811 1223 903 1275 μέσα
923 1223 959 1262 δὲ
983 1224 1047 1264 τὰν
1071 1224 1234 1272 ἄσκησιν,
1251 1225 1363 1276 τέρμα

317 1286 351 1325 δὲ
371 1302 432 1324 ταν
449 1286 580 1331 εἴδησιν
605 1285 745 1337 φέρενᾰ.
764 1285 923 1337 Εὐτυχὲς
944 1282 1006 1333 μὲν
1027 1285 1076 1321 ὠν
1096 1286 1185 1331 ἠμεν
1204 1287 1309 1335 φῦναι
1324 1287 1361 1321 εὐ

320 1343 528 1398 ’τραφῆμέν5
549 1359 586 1381 τε
611 1359 670 1382 και
691 1345 848 1395 ἀχθῆμεν
876 1342 1004 1381 καττὸν
1025 1341 1125 1393 ὀρθὸν
1152 1341 1257 1393 νόμον
1283 1341 1362 1381 καθ’

315 1403 467 1455 ὁμόλογά
486 1419 523 1441 τε
546 1410 589 1455 τᾷ
610 1402 693 1455 φύσι
716 1401 810 1440 ἔθεα·
837 1402 891 1439 δεῖ
909 1403 939 1439 δ’
960 1403 1165 1451 ἀσκηθῆμεν
1186 1400 1279 1439 ὑπὸ6

314 1464 454 1516 νέτορας
478 1462 500 1509 ἢ
530 1461 753 1515 ἐπιτρόπωςτ
776 1461 966 1504 παιδευτάς
986 1476 1025 1498 τε
1057 1459 1237 1513 σώφρονας
1262 1461 1362 1512 γενέ-

316 1524 408 1560 σθαι.
426 1520 544 1560 Καλὸν
559 1519 594 1559 δὲ
610 1519 650 1558 τὸ
670 1518 774 1559 αὐτὸν
788 1518 803 1543 ⁸
819 1521 914 1571 αὑτῷ
933 1518 1154 1571 προστάσσεν
1170 1518 1215 1557 τὰ
1236 1519 1362 1572 ἄριστα

317 1579 405 1630 μηδὲ
425 1579 643 1619 ποτιδέεσθαι
663 1580 829 1631 ἀνάγκας,
851 1578 1011 1617 εὐπειθέα
1027 1579 1057 1615 δ’
1071 1572 1160 1628 ἦμεν
1176 1581 1246 1620 τοῖς
1269 1580 1360 1631 ὑφα-

314 1638 489 1691 γεομένοις
514 1639 557 1678 τὰ
577 1638 702 1690 ἄριστα
719 1637 800 1677 ποτὶ
819 1638 943 1690 πρᾶξιν
967 1637 1025 1676 καὶ
1043 1636 1190 1683 εἴδησιν.
1211 1638 1283 1677 'rat
1294 1637 1360 1691 γὰρ

315 1697 521 1750 εὐφυΐαικαι
537 1696 710 1735 ταικαλαὶ
729 1697 853 1749 τροφαι
873 1696 1025 1743 πολλάκι
1016 1711 1043 1740 ’ς
1058 1695 1220 1749 φθάνοντι
1233 1697 1294 1740 τὰς
1314 1699 1363 1735 δι-

315 1757 546 1801 δασκαλίαςὲς
557 1755 762 1810 ὀρθότατα”
740 1771 897 1807 αγοισαι,
913 1755 1097 1795 ἀποδέοντι
1107 1756 1141 1793 δὲ
1142 1754 1258 1817 μόνον
1268 1755 1361 1809 λόγω

315 1832 494 1868 αγεμονος,
505 1831 561 1854 τον
580 1814 960 1864 ἓντίθητιὲπισταμαθ.
979 1815 1051 1854 Δύο
1064 1831 1105 1866 με
1092 1815 1186 1854 ,ἶνών
1205 1817 1274 1854 ἐντι
1290 1817 1359 1868 βίοι

314 1874 496 1914 ἀντίπαλοι
515 1874 568 1913 τοὶ
581 1890 651 1913 των
662 1874 831 1927 πρατήων
847 1874 1146 1924 ἀντιποιεύμενοι,
1167 1876 1360 1927 πρακτικός

311 1950 348 1972 τε
362 1934 421 1972 καὶ
435 1934 630 1988 φιλόσοφος·
648 1916 735 1972 πολὺ
753 1932 790 1972 δὲ
809 1934 947 1987 κάῤῥων
966 1932 1076 1972 δοκέει
1094 1928 1186 1990 ἦμεν
1204 1937 1221 1972 ὁ
1242 1932 1276 1978 ἐξ
1294 1935 1359 1983 ἀμ-

312 1993 461 2047 φοτέρων
479 1992 690 2045 κεκραμένος
700 1993 780 2032 ποτὶ
794 1990 923 2045 καιρὼς
933 1993 1000 2037 τὼς
1019 1993 1261 2046 ἇρμόσδοντας
1275 2008 1360 2031 συν-

311 2050 520 2105 τεταγμένος
545 2051 622 2091 καθ’
652 2051 822 2105 ἑκατέραν
847 2050 1009 2097 διέξοδον.
1066 2054 1096 2092 Γ
1098 2052 1265 2104 εγόναμες
1290 2051 1358 2104 γὰρ

1299 1418 1364 1439 γε-

1307 1439 1313 1451 Δ

352 2201 387 2231 8.
407 2198 641 2238 Philosophiam
656 2205 724 2229 esse
736 2197 826 2238 aiunt
839 2197 1049 2238 cupiditatem
1065 2197 1115 2229 sui
1128 2197 1177 2229 vel
1193 2197 1359 2237 colligendi

290 2267 299 2286 2·
312 2256 362 2288 vel
379 2256 410 2287 in
432 2255 561 2288 virtutis
580 2256 722 2287 actuosae
738 2255 847 2287 studio
863 2255 1046 2288 continendi
1065 2265 1122 2296 pro
1136 2255 1294 2288 desiderio
1306 2265 1356 2287 sa-

312 2315 439 2356 pientiae
456 2316 585 2356 propter
599 2323 633 2346 se
649 2314 838 2355 expetendas
852 2326 860 2345 ε
878 2315 975 2356 huJus
989 2317 1096 2347 autem
1119 2315 1247 2347 initium
1263 2317 1356 2347 natu-

313 2383 379 2405 ram
401 2374 534 2414 docere,
558 2373 682 2405 medios
704 2373 791 2406 locos
816 2373 1078 2406 exercitationem
1099 2374 1240 2414 aperire,
1262 2374 1358 2406 linem

312 2434 448 2474 denique
461 2433 625 2465 scientiam
650 2433 778 2465 afferre.
794 2434 872 2465 Esse
885 2432 982 2473 igitur
998 2434 1031 2466 in
1047 2433 1185 2466 t'ortunae
1201 2433 1292 2465 donis
1309 2434 1359 2465 in-

311 2493 393 2532 genii
409 2493 581 2525 sollertiam
597 2492 888 2534 educationemque
906 2494 1003 2534 atque
1019 2493 1252 2525 institutionem
1281 2502 1359 2525 con·

309 2551 453 2591 junctam
469 2560 544 2583 cum
566 2554 653 2583 recto
668 2560 758 2584 more
769 2552 802 2583 et
809 2552 1038 2584 consuetudine
1051 2555 1176 2584 naturae
1190 2555 1359 2585 consenta-

312 2618 392 2649 nea3
409 2610 463 2642 sed
477 2609 580 2641 danda
597 2611 644 2641 est
658 2617 753 2649 opera
765 2633 774 2650 ,
788 2611 823 2641 ut
836 2610 897 2641 sub
914 2612 1083 2650 parentum
1103 2611 1237 2651 imperio
1258 2611 1359 2643 simus

313 2669 363 2700 vel
381 2668 522 2700 honestis
538 2668 697 2700 tutoribus
710 2670 740 2699 et
760 2669 916 2708 magistris
933 2670 1185 2701 committamur.
1204 2671 1261 2702 Est
1281 2679 1358 2702 vero

313 2727 482 2768 pulchrum
505 2726 565 2759 sibi
595 2727 651 2767 ipsi
678 2726 841 2766 injungere
868 2737 986 2759 munus
1013 2729 1134 2769 optima
1154 2738 1290 2770 quaeque
1309 2730 1357 2761 sa-

313 2785 416 2817 ciendi
446 2793 549 2825 neque
565 2794 655 2824 egere
678 2785 817 2825 quadam
836 2787 999 2826 praeclarae¹
1021 2788 1064 2819 rei
1083 2787 1228 2827 gerendae
1244 2797 1357 2822 neces-

313 2845 423 2883 sitate,
436 2844 492 2875 sed
511 2843 644 2884 obsequi
667 2843 705 2875 iis
719 2844 773 2884 qni
788 2844 956 2876 utilissima
971 2846 1011 2877 ad
1030 2855 1135 2878 rerum
1151 2848 1309 2880 actionem
1326 2850 1358 2880 et

314 2903 524 2942 cognitionem
546 2902 692 2933 suadent.
713 2904 860 2943 Namque
887 2904 1003 2944 ingenii
1027 2905 1167 2937 sollertia
1187 2909 1358 2948 rectusque

313 2963 420 2994 cultus
433 2970 518 3002 saepe
533 2962 619 3002 prius
633 2970 728 3002 qnam
747 2961 890 2995 doctrina
907 2962 938 2993 in
954 2965 1069 2995 rectam
1082 2965 1166 2996 viam
1180 2965 1343 2998 deducunt

313 3025 457 3052 carentes
482 3022 605 3052 tantum
638 3021 759 3052 ratione
783 3020 864 3052 duce
890 3030 986 3061 quam
1016 3023 1147 3055 scientia
1168 3024 1356 3056 mortalibus

313 3078 407 3111 indit.
451 3081 533 3111 Sunt
550 3081 646 3119 igitur
664 3079 727 3110 duo
748 3079 822 3111 vitae
838 3088 951 3119 genera
969 3082 1128 3112 contraria
1148 3091 1248 3123 eaque
1270 3084 1355 3123 prin·

314 3141 439 3180 cipatus
453 3139 543 3180 quasi
560 3139 694 3179 cupida,
712 3139 846 3171 alterum
864 3141 1045 3179 actuosum,
1060 3140 1196 3173 alterum
1214 3142 1355 3182 philoso-

316 3200 379 3238 pho
395 3199 544 3239 dignum3
573 3197 627 3230 sed
653 3197 703 3229 his
722 3198 814 3237 longe
842 3200 991 3238 praestare
1017 3199 1142 3231 videtur
1167 3187 1301 3232 tertium
1315 3211 1355 3233 ex

314 3257 471 3289 ambobus
488 3257 659 3288 conflatum
673 3281 681 3295 ,
707 3257 792 3297 quod
810 3257 847 3287 ad
876 3260 1019 3296 tempora
1036 3262 1214 3297 opportuna
1226 3285 1234 3298 ,
1263 3263 1356 3299 prout

315 3316 479 3356 utriusque
497 3317 575 3347 ratio
591 3316 662 3354 sert,
679 3315 957 3347 accommodatum
974 3320 1031 3347 est.
1050 3317 1122 3347 Nati
1143 3317 1227 3348 enim
1246 3326 1355 3350 sumus

315 3375 355 3405 ad
375 3375 491 3407 mentis
513 3376 737 3415 agitationem,
754 3384 852 3416 quam
868 3375 1025 3407 actionem
1047 3375 1266 3415 appellamus;
1290 3378 1355 3408 ani·

317 3441 388 3464 inus
403 3437 510 3465 aulem
524 3434 639 3474 partim
658 3433 754 3465 rebus
772 3433 917 3474 gerendis
934 3433 1076 3465 intentus
1093 3434 1131 3465 ad
1153 3434 1354 3474 prudentiam

314 3490 438 3522 civitem
457 3492 568 3532 fertur,
589 3492 703 3533 partim
720 3493 859 3525 scientiae
875 3501 981 3524 amore
999 3492 1148 3524 incensus
1161 3492 1200 3524 ad
1215 3495 1353 3525 contem-

1424 344 1501 381 ποτ’
1527 340 1699 395 ἐνέργειαν
1729 340 1867 394 νοεράν,
1904 340 1944 379 ἃν
1974 340 2145 392 καλέομες
2167 340 2305 394 πρᾶξιν·
2339 347 2402 388 τᾶς
2429 343 2466 383 δὲ

1425 398 1574 444 διανοίας
1594 401 1615 439 ἆ
1637 399 1699 451 μὲν
1726 397 1906 452 πρακτικὰ
1932 398 1989 438 ἐπὶ
2010 399 2073 439 τὰν
2090 400 2274 440 πολιτικὰν
2304 402 2468 455 φέρεται,

1424 458 1447 496 ἃ
1467 458 1503 497 δὲ
1530 458 1786 509 ἔπισταμονικὰ
1803 458 1835 482 ¹⁰
1867 459 1925 497 ἐπὶ
1948 456 2011 497 τὰν
2037 458 2117 497 θέαν
2146 461 2215 498 τῶν
2243 461 2468 511 συμπάντων,

1425 517 1526 563 αὐτὸς
1542 519 1571 557 δ’
1591 521 1610 557 ὁ
1625 518 1763 557 καθόλω
1781 517 1853 562 νόος
1869 517 1997 562 ταύτας
2015 518 2076 562 τὰς
2092 517 2151 557 δύο
2170 519 2336 571 δυνάμιας
2352 521 2469 571 ἀμπέ-

1423 591 1499 630 χων
1520 576 1578 616 ἐπὶ
1598 575 1661 616 τὰν
1682 575 1905 627 εὐδαιμονίαν
1918 606 1929 624 ,
1943 577 2007 615 τάν
2024 593 2135 630 φαμες
2154 578 2328 631 ἐνέργειαν
2344 581 2470 632 ἀρετᾶς

1423 637 1459 674 έν
1476 632 1663 690 εὖτυχίαγ
1641 652 1756 687 ημεν,
1781 635 1861 674 οὔτε
1890 635 2088 689 πρακτικὰν
2118 636 2224 677 ἔασαν
2250 637 2357 688 μόνον
2377 636 2468 678 ὥστε

1424 694 1550 746 καὶμὴ
1579 695 1642 734 τὰν
1673 694 1874 746 ἐπιστάμαν
1892 694 1919 717 ⁴⁴
1946 695 2127 748 περιέχεν,
2156 694 2234 735 οὔτε
2254 697 2468 751 θεωρητικὰν

1423 755 1470 798 ὡς
1490 754 1668 806 ἄπρακτον
1687 770 1790 804 ημεν.
1826 753 1864 793 ‘A
1882 753 1950 807 γὰρ
1966 754 2089 807 τέλῃος
2108 754 2139 777 ⁴²
2159 755 2294 794 διάνοια
2310 771 2391 795 ποτι
2408 756 2470 796 δύο

1424 812 1536 865 ἀρχὰς
1557 812 1764 865 ἐπικρατέας
1786 812 1907 866 ῥέπει,
1925 815 2004 852 ποθ’
2023 813 2062 857 ἃς
2089 815 2183 852 καὶὸ
2202 813 2382 868 ἄνθρωπος
2401 816 2469 857 πέ-

1424 888 1510 927 φυκε
1523 901 1533 920 ,
1552 873 1616 911 τάν
1632 889 1670 912 τε
1691 873 1889 912 κοινανικὰν
1906 873 1938 897 ¹³
1959 871 2020 912 καὶ
2038 872 2101 912 τὰν
2122 874 2361 923 εἷδημονικάν.
2395 876 2469 917 Καὶ

1425 931 1494 984 γὰρ
1511 934 1547 971 αἶ
1565 931 1594 954 ⁴⁴
1628 931 1718 970 κατὰ
1738 931 1833 976 τοίας
1858 932 2065 986 ἀντιλήψιας
2096 932 2250 972 δοκέοντι
2274 934 2470 982 ἄντιβλίὸεν

1424 991 1577 1034 ἀλλάλας
1602 990 1661 1029 ταὶ
1680 990 1838 1043 ἀγωγαί,
1859 1006 1918 1029 ται
1935 990 1967 1014 ⁴⁵
1990 989 2053 1041 μὲν
2077 990 2145 1043 γὰρ
2166 993 2343 1032 πολιτικαὶ
2363 993 2470 1047 ἀφέλ-

1423 1065 1541 1088 κοισαι
1559 1055 1620 1094 τᾶς
1636 1049 1779 1101 θεωρίας
1793 1079 1804 1098 ,
1825 1049 1883 1087 ταὶ
1900 1049 1936 1087 δὲ
1959 1049 2174 1122 θεωρητικαὶ
2183 1049 2215 1073 ¹⁶
2235 1050 2305 1090 ἀπὸ
2321 1057 2384 1097 τᾶς
2402 1067 2470 1092 πο·-

1422 1109 1511 1147 λιτεί
1502 1125 1554 1152 ας
1576 1108 1783 1159 μετοὶγοισαι
1806 1109 1839 1149 ἐς
1859 1106 2026 1161 ἁσυχίαν,
2048 1100 2174 1146 ἀλλ’
2147 1124 2196 1147 ων
2217 1108 2250 1132 ¹⁷
2266 1109 2310 1148 τὰ
2329 1110 2469 1164 πέρατα

1423 1166 1739 1220 συναψαμένα48(
1721 1183 1744 1205 α
1775 1166 1876 1221 φύσις
1908 1166 2084 1212 ἀπέδειξεν
2118 1169 2152 1206 ἐν
2174 1169 2299 1207 τωυτῶ
2328 1168 2469 1222 ἇνωμέ-

1422 1242 1464 1264 να
1481 1226 1525 1249 ⁴⁰·
1544 1229 1581 1265 οὐ
1602 1226 1669 1279 γὰρ
1689 1226 1890 1272 ἀντιπαθέες
1916 1225 1987 1265 ε’ντὶ
2006 1226 2064 1265 ταὶ
2085 1227 2207 1279 ἀρεταί
2225 1226 2273 1276 ²⁰,
2305 1228 2384 1268 ἀλλ’
2403 1231 2469 1282 ἁρ-

1427 1285 1548 1339 μονίας
1569 1286 1709 1329 ἁπάσας
1729 1285 2010 1340 συμφωνότεραι.
2041 1287 2090 1327 Αἰ
2107 1284 2143 1324 δὲ
2163 1285 2210 1324 κά
2226 1301 2279 1331 τις
2298 1287 2338 1326 ἐκ
2350 1286 2418 1327 νέω
2432 1287 2463 1312 ²¹

1422 1343 1585 1396 ὁρμαθεὶς
1611 1342 1712 1388 αὐτὸς
1735 1343 1957 1396 ἁρμόσδηται
1972 1343 2009 1367 ²²
2036 1346 2070 1388 ἐς
2089 1343 2149 1388 τὰς
2173 1345 2283 1398 ἀρχὰς
2300 1350 2364 1384 τᾶν
2384 1347 2468 1400 ἀρε-

1421 1408 1484 1441 τᾶν
1502 1402 1535 1425 23
1555 1402 1615 1440 καὶ
1632 1403 1664 1445 ἐς
1674 1402 1706 1424 ²¹⁵
1724 1401 1782 1440 τὸν
1808 1406 1896 1441 θεῖον
1923 1402 2028 1453 νόμον
2063 1408 2126 1447 τᾶς
2149 1405 2198 1441 τῶ
2218 1402 2341 1454 κόσμω
2358 1405 2470 1457 ἅρμο-

1421 1461 1496 1505 νίας
1509 1492 1520 1513 ,
1542 1459 1659 1514 εὔροον
1682 1460 1755 1513 βίον
1781 1460 1889 1506 διαξεῐ
1904 1460 1950 1485 ²⁵·
1971 1463 2007 1499 αἷ
2027 1460 2064 1500 δέ
2080 1477 2126 1500 κα
2148 1462 2250 1507 αὐτὸς
2268 1461 2346 1502 καθ’
2363 1463 2467 1503 αὑτὸν

1422 1519 1635 1569 πλαζόμενος
1659 1519 1749 1572 τύχῃ
1779 1519 1960 1571 ἇγεμόνων
1986 1521 2188 1574 καῤῥόνων,
2227 1521 2417 1562 ἀπευθύνεν
2432 1521 2468 1546 ²⁶

1421 1579 1478 1617 τὸν
1504 1579 1629 1631 δρόμον
1660 1581 1864 1618 δυνασεῖται
1877 1578 1911 1602 ²⁷
1942 1579 2024 1618 ποτὶ
2050 1579 2314 1633 μακαριότατα,
2347 1581 2467 1635 ὥσπερ

1421 1637 1474 1676 τοὶ
1504 1636 1722 1690 εὐτυχέοντες
1742 1639 1776 1676 ἐν
1797 1637 1909 1690 πλοίῳ
1939 1637 2077 1676 ἀνύοντι
2104 1638 2168 1677 τὰν
2198 1639 2379 1679 θάλασσαν
2407 1640 2466 1679 διὰ

1421 1702 1483 1740 τᾶς
1505 1696 1757 1747 κυὸερνατικᾶς
1773 1695 1806 1719 ²⁸
1839 1697 2002 1747 εὐπλοίας
2028 1697 2226 1748 ἐφιέμενοι,
2261 1693 2352 1754 ᾇπερ
2366 1697 2400 1722 ²⁰
2431 1702 2467 1738 ἐν

1425 1754 1490 1807 βίῳ
1509 1760 1571 1798 τᾶς
1587 1753 1821 1804 εὐδαιμονίας.
1881 1756 1927 1794 Αἰ
1948 1754 1983 1793 δὲ
2001 1754 2086 1805 μήτ’
2106 1755 2206 1800 αὐτος
2226 1757 2318 1795 νοέοι
2337 1755 2381 1795 τὰ
2401 1773 2466 1797 πο-

1423 1814 1547 1868 τίφορα
1561 1813 1595 1836 3⁰
1609 1814 1700 1887 μητ’
1719 1812 1916 1867 ἐπιτρόπων
1928 1813 2029 1867 τύχοι
2047 1814 2244 1890 ἐμφρόνων,
2259 1813 2395 1854 ουδὲν”
2373 1831 2464 1870 οφε-

1420 1872 1478 1917 λος
1500 1872 1670 1926 χοραγίας
1700 1873 1850 1926 ἀφθόνω·
1870 1873 2046 1947 ἀφροσύνα
2067 1874 2150 1927 γάρ,
2170 1875 2205 1913 αἶ
2222 1889 2282 1913 και
2303 1875 2338 1919 ἐς
2355 1869 2468 1914 τᾶλλα

1421 1935 1560 1984 εὐτυχεῖ
1572 1932 1622 1980 ³¹,
1655 1932 1880 1983 κακοδαίμων
1917 1932 2012 1971 ἐσαεί
2049 1935 2153 1972 ἔστιν.
2222 1933 2325 1973 Ἐπεὶ
2364 1935 2396 1973 δ’
2431 1936 2467 1974 ἐν

1422 1991 1617 2031 ἁπάντεσσι
1632 1991 1666 2014 ³²
1695 1998 1828 2044 πρᾶτον
1863 1992 1999 2043 ἀνάγκα
2031 1995 2168 2041 σκοπῆν
2204 1991 2267 2045 μὲν
2300 1993 2340 2031 τὸ
2372 1993 2468 2038 τέλος

1422 2054 1542 2103 (τοῦτο
1564 2052 1632 2103 γὰρ
1664 2051 1814 2091 ποιέοντι
1849 2051 2060 2104 κυὸερνᾶται
2083 2051 2146 2102 μὲν
2170 2051 2295 2103 λιμένα
2315 2051 2348 2077 ³³
2377 2054 2410 2097 ἐς
2428 2051 2466 2092 ὃν

1422 2197 1569 2238 plaudam
1588 2206 1694 2229 remm
1720 2196 1965 2229 universitatem
1986 2196 2163 2236 incumbit,
2190 2197 2258 2238 ipsa
2278 2205 2355 2230 vero
2373 2206 2467 2231 mens

1418 2256 1549 2288 omnino
1567 2256 1684 2296 duplici
1702 2256 1764 2287 hac
1777 2255 1926 2288 facultate
1942 2256 2074 2296 praedita
2087 2256 2128 2288 ad
2146 2256 2330 2288 felicitatem
2349 2256 2466 2298 tendit,

1417 2323 1516 2355 quam
1533 2314 1671 2346 dicimus
1684 2314 1814 2355 quidem
1831 2322 1901 2346 esse
1916 2314 2042 2346 virtutis
2058 2314 2091 2346 in
2105 2314 2202 2346 rebus
2214 2314 2363 2347 secundis
2375 2323 2467 2348 exer-

1418 2374 1622 2416 citationem,
1659 2373 1714 2405 sed
1747 2381 1851 2413 neque
1883 2373 1915 2404 in
1938 2373 2059 2413 agendo
2086 2375 2212 2405 tantum
2240 2373 2400 2415 positam,
2428 2377 2470 2407 ut

1417 2435 1583 2467 scientiam
1611 2443 1676 2466 non
1705 2434 1820 2466 habeat
1833 2458 1843 2474 ,
1861 2443 1964 2474 neque
1989 2434 2272 2475 contemplativam
2291 2435 2409 2478 solam,
2428 2438 2466 2468 ιιι

1418 2494 1509 2534 plane
1525 2494 1604 2526 nihil
1624 2496 1705 2533 agat.
1722 2493 1846 2534 Quippe
1865 2493 1992 2524 animus
2016 2492 2180 2534 perfectus
2201 2493 2340 2526 duarum
2357 2502 2464 2527 rerum

1417 2562 1592 2594 earumque
1607 2553 1867 2594 gravissimarum
1878 2577 1887 2592 ,
1908 2552 1949 2584 ad
1965 2561 2044 2593 quas
2062 2553 2159 2584 homo
2171 2552 2270 2585 etiam
2283 2556 2380 2586 natus
2392 2555 2460 2593 est,

1417 2612 1630 2653 principatum
1651 2611 1783 2653 appetit,
1798 2611 1959 2644 societatis
1975 2620 2012 2643 ac
2027 2611 2178 2644 scientiae.
2193 2613 2272 2644 Nam
2286 2611 2314 2644 si
2331 2614 2464 2653 propter

1416 2671 1573 2711 ejusmodi
1597 2670 1730 2711 praemia
1750 2670 1827 2702 vitae
1852 2670 1992 2702 rationes
2020 2671 2136 2702 mutuo
2153 2669 2282 2702 officere
2300 2670 2463 2712 videntur,

1416 2730 1490 2771 quia
1510 2729 1638 2771 publica
1657 2730 1780 2771 negotia
1796 2738 1815 2761 a
1827 2738 1935 2761 rerum
1957 2728 2227 2769 contemplatione
2251 2729 2461 2772 abstrahunt,

1418 2790 1484 2821 vita
1510 2791 1618 2821 autem
1649 2789 1898 2830 contemplativa
1926 2797 1945 2819 a
1973 2787 2160 2829 reipublicoe
2187 2787 2464 2822 administratione

1417 2848 1456 2879 ad
1476 2848 1577 2880 otium
1596 2847 1751 2887 traducit,
1768 2849 1875 2880 tamen
1897 2847 1976 2879 tines
1991 2850 2105 2879 natura
2127 2856 2229 2888 quum
2252 2855 2318 2879 uno
2334 2847 2463 2880 vinculo

1415 2908 1592 2948 copularit,
1608 2906 1794 2947 conjunctos
1810 2915 1877 2939 esse
1893 2905 2036 2938 ostendit
2049 2917 2058 2946 ς
2072 2914 2176 2946 neque
2191 2905 2277 2938 enim
2294 2907 2462 2940 contrariae

1413 2969 1489 3000 sunt
1505 2968 1651 3008 virtutes,
1666 2967 1720 2999 sed
1737 2966 1852 3008 quovis
1867 2969 2022 2998 concentu
2041 2966 2326 2998 convenientiores.
2340 2966 2463 3005 Quodsi

1415 3028 1487 3068 quis
1506 3027 1573 3068 ipse
1595 3027 1634 3059 ab
1653 3027 1783 3059 ineunte
1803 3027 1896 3058 aetate
1914 3027 2062 3066 prompto
2082 3025 2190 3057 animo
2210 3026 2367 3058 virtutum
2387 3025 2461 3058 sun-

1415 3085 1572 3118 damentis
1599 3086 1783 3126 divinisque
1805 3084 1982 3116 harmoniae
2009 3083 2104 3123 hujus
2131 3083 2245 3115 mundi
2270 3083 2392 3124 legibus
2409 3091 2460 3115 as·

1414 3145 1551 3184 suescit,
1579 3145 1677 3176 vitam
1709 3144 1903 3176 fortunatam
1920 3142 2033 3182 deget;
2057 3142 2106 3173 sin
2131 3144 2239 3173 autem
2266 3142 2332 3183 ipse
2349 3150 2405 3183 per
2424 3150 2459 3174 se

1413 3212 1521 3235 errans
1538 3203 1636 3236 duces
1652 3203 1799 3236 meliores
1814 3202 2025 3241 nanciscatur,
2048 3210 2177 3232 cursum
2195 3209 2288 3232 suum
2304 3199 2344 3232 ad
2353 3200 2458 3232 beati-

1414 3261 1555 3294 tudinem
1571 3262 1702 3302 dirigere
1720 3260 1845 3301 poterit,
1859 3257 2129 3301 quemadmodum
2145 3258 2290 3290 homines
2309 3267 2460 3299 prospero

1416 3320 1552 3352 fortunae
1574 3321 1651 3352 ssatu
1670 3321 1795 3352 utentes
1807 3319 1840 3351 in
1855 3318 1980 3359 navigio
1991 3326 2119 3349 cursum
2136 3317 2331 3349 maritimum
2347 3317 2458 3358 guber-

1415 3379 1513 3410 nandi
1532 3383 1598 3411 arte
1614 3379 1804 3419 conficiunt,
1826 3376 1974 3410 secundae
1996 3375 2205 3415 navigationis
2228 3375 2352 3415 cupidi,
2371 3375 2457 3408 utin

1416 3437 1482 3468 vita
1501 3437 1669 3470 felicitatis.
1687 3440 1727 3470 At
1743 3437 1769 3470 si
1783 3445 1886 3478 neque
1897 3436 1963 3477 ipse
1976 3434 2143 3467 commoda
2155 3443 2212 3466 sua
2231 3434 2384 3475 intelligat
2405 3443 2459 3466 ne-

1415 3503 1478 3535 que
1496 3496 1671 3535 prudentes
1687 3497 1850 3529 curatores
1869 3494 2086 3534 nanciscatur,
2116 3493 2220 3532 magni
2237 3494 2364 3525 sumtus
2383 3493 2457 3525 nul-
