2638 3840
936 196 1007 239 DF.
1033 197 1234 239 eonon
1263 197 1540 239 LEONTINO.

2179 210 2322 239 Lxxxv

174 284 216 324 hi
243 284 401 336 Gorgiae
430 286 645 326 imitatores
669 286 836 333 suerint,
856 261 1022 326 delinire
1047 301 1125 326 non
1150 301 1218 325 au-
1280 288 1406 327 luctus
1440 287 1617 338 flagitare
1675 285 1768 337 (67).
1798 286 1848 323 At
1879 284 2043 337 Pythica
2061 284 2186 323 oratio
2215 286 2329 338 cujus

174 343 325 392 demus,
335 344 528 397 siquidem
539 353 689 384 veteres
701 345 809 384 illius
818 345 966 397 scripta
976 359 1063 384 cum
1075 346 1216 384 horum

176 402 289 442 libris
318 404 593 443 contendentes
619 406 741 443 multo
769 404 923 443 facilius
950 404 999 443 de
1026 406 1218 445 sermonis

175 474 315 511 genere
346 475 392 501 ac
418 462 467 501 de
497 462 728 502 imitationis
746 463 923 513 vestigiis
941 477 1056 515 quam
1077 473 1219 504 nostrae

99 534 102 539 ·
175 521 298 559 aetatis
323 520 498 560 homines
520 522 696 573 judicare
723 530 913 574 poterant.
972 523 1220 576 Quapropter

174 579 247 618 etsi
266 578 447 631 Dionysii
472 580 822 620 Halicarnassensis
844 580 1091 633 aliorumque
1111 582 1219 621 criti-

177 651 312 677 corum
333 640 562 679 sententiam
580 652 629 679 ex
645 634 758 692 parte
774 639 1003 692 probamus,
1018 649 1146 679 tamen
1176 642 1218 680 in

175 695 247 735 hac
277 705 382 736 tanta
416 698 663 750 antiquarum
706 698 922 738 litterarum
951 698 1105 750 jactura
1134 713 1216 739 eam

175 768 302 808 neque
321 757 555 796 confirmare
572 758 812 808 argumentis
834 770 961 810 neque
979 758 1155 798 refellere
1177 760 1219 799 in

173 815 305 855 animo
320 825 391 856 ωε.

227 873 258 913 Ε
271 874 429 925 Gorgiae
446 875 603 928 scriptis
630 876 762 927 primo
784 877 870 916 loco
889 878 1070 930 ponimus
1082 878 1217 930 Olym·

173 933 299 985 picam
345 933 559 974 orationem
595 936 695 987 (63),
725 937 878 974 citatam
920 934 970 974 ab
1012 936 1219 976 Aristotele

173 991 283 1035 Rhet.
306 993 376 1033 lib.
394 993 450 1032 m
467 1008 550 1047 oep.
567 1000 630 1040 14.
649 995 757 1034 Hanc
774 1008 822 1034 eo
839 995 1008 1035 consilio
1026 995 1220 1049 Olympiae

172 1051 215 1090 in
242 1066 384 1104 magno
401 1053 563 1093 Graeciae
582 1067 767 1093 consessu
791 1053 930 1093 habuit
958 1054 1153 1106 sophista,
1177 1065 1219 1095 ut

171 1110 329 1152 Graecos
362 1112 492 1151 missis
522 1112 720 1152 intestinis
749 1111 866 1152 bellis
893 1126 938 1151 ac
967 1112 1144 1153 dissidiis
1171 1114 1218 1152 ad

171 1171 420 1211 concordiam
437 1171 625 1211 excitaret
642 1180 759 1223 atque
782 1172 831 1211 ad
860 1185 969 1211 arma
1001 1172 1133 1212 Persis
1161 1175 1219 1212 in-

172 1229 329 1270 ferenda
347 1230 578 1283 impelleret.
636 1230 729 1270 Erat
748 1239 874 1270 autem
894 1231 1102 1270 exordium
1131 1232 1217 1271 lon-

170 1289 258 1339 gius
278 1290 482 1342 repetitum
495 1320 506 1338 ,
525 1290 712 1342 quoniam
732 1290 850 1329 homo
869 1290 1039 1330 disertus
1059 1291 1215 1330 initium

169 1348 336 1387 ducebat
370 1347 421 1387 ab
452 1362 586 1388 eorum
616 1349 731 1388 laude
758 1349 828 1401 qui
853 1349 972 1402 primi
991 1349 1216 1401 hujusmodi

168 1415 383 1447 conventus
413 1407 674 1447 instituissent
731 1409 824 1460 (64).
855 1409 1098 1460 Quamquam
1119 1422 1216 1449 vero

169 1464 283 1506 talem
305 1467 522 1506 orationem
542 1466 771 1506 Graecorum
799 1467 998 1519 plerisque
1019 1477 1099 1507 tum
1130 1469 1216 1520 pla-

167 1524 294 1565 cuisse
313 1526 573 1578 suspicamur,
590 1534 719 1565 tamen
735 1525 967 1566 Plutarchus
982 1526 1063 1579 (65)
1080 1536 1215 1567 auctor

166 1592 244 1637 est,
275 1594 483 1638 postquam
508 1586 680 1637 Gorgias
711 1588 933 1639 peroravit,
960 1586 1212 1627 Melanthium

165 1643 358 1695 quendam
382 1644 531 1685 dixisse
553 1659 564 1684 t
588 1663 605 1680 οι
626 1646 700 1685 Hic
720 1647 835 1686 nobis
850 1646 1101 1686 concordiam
1125 1661 1215 1687 sua-

164 1703 246 1754 det,
259 1705 328 1758 qui
348 1713 391 1744 ut
411 1705 510 1758 ipse,
528 1705 674 1757 conjux
686 1705 900 1756 etancilla,
915 1714 996 1744 tres
1010 1705 1188 1746 homines
1201 1737 1212 1758 ,

165 1763 351 1815 privatim
372 1764 610 1804 concordent
627 1764 783 1804 efficere
801 1778 881 1804 non
902 1773 1042 1817 potest.
1059 1783 1076 1800 ι·
1093 1765 1212 1805 Vide-

165 1820 282 1861 batur
315 1823 420 1862 enim
434 1851 447 1871 ‚
487 1823 621 1875 inquit
664 1823 769 1863 idem
812 1824 998 1877 scriptor,
1031 1825 1211 1866 ancillam

165 1893 294 1921 amare
312 1881 480 1933 Gorgias
497 1890 536 1922 et
555 1882 707 1922 ancillae
725 1895 771 1922 ea
794 1883 843 1922 de
861 1896 975 1923 causa
997 1883 1214 1925 obtrectare

166 1953 280 1983 uxor.
339 1940 532 1981 Praeterea
555 1941 741 1982 inclaruit
764 1941 896 1982 rhetor
914 1944 1130 1984 Leontinus
1153 1945 1212 1984 su-

164 2000 278 2041 nebri
293 2001 472 2041 oratione
488 2010 526 2041 et
543 2001 720 2053 Pythica.
776 2001 929 2041 Prioris
941 2012 1211 2052 argumentum

165 2059 281 2100 latius
313 2060 542 2113 perscripsit
572 2060 831 2101 Philostratus
870 2075 909 2114 p.
941 2062 1031 2111 493.
1057 2062 1213 2116 Quippe

164 2120 264 2159 mira
302 2119 513 2173 prudentia
546 2120 687 2159 dictam
731 2120 850 2160 fuisse
887 2121 941 2159 ait
965 2121 1044 2173 (66)
1079 2121 1129 2160 de
1162 2122 1212 2162 iis

163 2177 469 2218 Atheniensibus
498 2178 590 2230 qui,
609 2193 730 2231 quum
763 2179 805 2218 in
839 2178 956 2219 bellis
983 2192 1057 2231 pro
1088 2182 1213 2233 patria

163 2237 307 2277 mortui
335 2246 484 2287 essent,
505 2252 585 2277 non
605 2239 732 2278 solum
759 2238 808 2278 de
827 2237 989 2291 publico
1013 2238 1126 2287 elati,
1144 2240 1211 2279 sed

161 2296 279 2335 etiam
298 2296 595 2337 laudationibus
614 2297 856 2337 cohonestati
880 2306 1005 2336 erant.
1065 2296 1110 2335 ln
1133 2306 1211 2339 tro·

162 2367 337 2407 paeorum
368 2365 517 2405 autem,
551 2370 637 2410 quae
664 2357 713 2396 de
761 2356 886 2396 Medis
919 2364 1030 2395 erant
1058 2357 1209 2408 posita,

162 2414 347 2457 laudibus
378 2416 630 2469 immoratus,
662 2415 944 2456 demonstravit
984 2424 1129 2469 tropaea
1162 2417 1211 2456 de

163 2472 344 2516 barbaris
371 2476 582 2516 constituta
601 2475 794 2528 hymnos,
820 2474 869 2515 de
894 2474 1042 2515 Graecis
1071 2484 1212 2515 statuta

160 2659 227 2700 (0³)
248 2659 421 2693 pannum
438 2659 495 2694 lib.
514 2661 570 2703 vt,
599 2662 651 2701 17,
665 2662 710 2693 8:
731 2660 936 2702 εὐδοκιμῆσαι
957 2659 1086 2702 Γοργίαν
1109 2661 1209 2701 λόγων

160 2707 252 2740 ἐνεκα
267 2708 300 2741 ἐν
318 2718 352 2740 τε
367 2711 406 2750 τῇ
424 2709 592 2750 πανηγύρει
612 2712 651 2749 τῇ
664 2709 844 2750 Ὀλυμπικῇ
863 2718 939 2749 φασι
960 2708 1208 2749 καταφικόμενον

161 2755 244 2788 κατὰ
275 2756 441 2797 πρωδείαν
465 2756 546 2797 ὁμοῦ
572 2756 667 2796 Τισίᾳ
687 2756 762 2798 παρ’
781 2756 967 2795 Ἀθηναίους.
996 2755 1209 2788 Philostratus

158 2801 253 2844 optat.
268 2803 358 2843 xm,
370 2810 403 2844 p.
418 2805 504 2836 ⁹19:
518 2803 650 2845 Γοργίου
664 2803 842 2845 θαυμασταὶ
860 2803 942 2843 ἦσαν
954 2807 1077 2846 πρῶτον
1100 2805 1155 2846 μιν
1174 2806 1205 2837 ol

160 2851 243 2883 κατὰ
266 2850 436 2884 θετταλίαν
454 2850 619 2891 Ἓλληνες,
634 2848 706 2893 παρ’
725 2850 771 2888 ol:
792 2851 829 2884 τὸ
845 2852 1018 2893 ῥητορεύειν
1038 2852 1207 2894 γοργιαζειν

157 2899 215 2938 τὴν
239 2898 418 2940 ἐπωνυμίαν
439 2898 543 2941 ἐσχεν·
570 2899 639 2931 εἶτα
663 2899 701 2932 τὸ
731 2899 854 2941 ξύμπαν
883 2899 1074 2938 Ἑλληνικόν,
1097 2900 1128 2931 ἐν
1160 2899 1206 2936 οῑς

158 2943 353 2985 Ὀλυμπίασι
380 2945 591 2988 acanthi.—
606 2947 672 2986 (Μ)
692 2945 771 2980 vid.
798 2946 909 2987 fragm.
939 2949 966 2978 1.
983 2965 1022 2972 -
1045 2943 1107 2984 (65)
1133 2946 1204 2978 Plu·

158 2990 291 3026 mehu-
300 2993 435 3035 conjug.
451 3001 548 3035 proc.
562 2993 626 3027 vol.
641 2994 703 3027 vn
718 2995 821 3034 μηδ
833 2992 885 3026 ed.
900 2991 1205 3033 Ηυιιαι.;1“οργίου.

158 3041 216 3072 τοῦ
250 3039 377 3083 ῥήτορος
412 3040 597 3083 ἀναγνόντος
626 3040 658 3074 ἐν
677 3038 836 3082 Ὀλυμπία
858 3039 949 3080 λόγον
968 3040 1037 3082 περὶ
1060 3039 1205 3080 ὁμονοίας

157 3090 224 3124 τοῖς
243 3086 408 3128 Ἓλλησιν.
430 3088 449 3121 ὁ
476 3087 656 3126 Μελάνθιος·
673 3087 773 3125 Οὗτοι
792 3089 868 3128 ἡμῖν
890 3088 974 3127 (ἔφη)
998 3086 1200 3127 mutemus«

157 3134 227 3176 πιρὶ
242 3134 408 3176 ὁμονοίας,
422 3135 456 3173 ὃς
475 3136 570 3169 αυτὸν
588 3135 642 3168 καί
660 3136 717 3175 τήν
731 3138 864 3176 γυναῖκα
878 3135 930 3166 καί
950 3137 1006 3172 τὴν
1018 3135 1204 3176 Θιράπαιναν

157 3180 222 3223 ἰδίᾳ
241 3185 321 3223 τρεῖς
339 3181 429 3220 ὄντας
450 3182 592 3224 ὁμονοεῖν
611 3182 649 3215 οὗ
664 3183 823 3215 πέπεικεν.
838 3180 900 3213 Ἢν
920 3182 979 3221 γὰρ
992 3182 1034 3217 ὡς
1054 3181 1137 3214 {mut
1158 3192 1203 3219 τις

156 3227 233 3270 ἐρεκ
246 3231 303 3262 τοῦ
324 3229 456 3272 Γοργίου
470 3230 524 3262 καὶ
540 3229 711 3269 ζηλοτυπία
729 3233 783 3268 τῆς
802 3229 946 3270 γυναικὸς
964 3229 1039 3269 πρὸς
1057 3228 1094 3260 τὸ
1110 3229 1199 3269 θερα-

156 3275 439 3318 euveum-(so)
457 3276 606 3310 philostr.
622 3285 653 3319 p.
669 3278 730 3310 ⁴⁹³
742 3276 780 3309 ιδ
790 3275 948 3316 ἐπιτάφιος
958 3275 1061 3315 λόγος,
1074 3274 1109 3307 ὃν
1118 3274 1202 3312 &ffl-

157 3321 209 3354 θεν
223 3322 396 3364 Ἆθηνήσιν,
412 3323 531 3366 domm
545 3323 600 3365 ulio
613 3323 663 3356 ἐπὶ
676 3326 741 3361 τοῖς
754 3323 790 3355 ἐκ
803 3326 865 3355 τῶν
877 3323 1023 3363 πολέμων
1036 3324 1201 3363 πεσοῦσιν,

157 3368 211 3407 οὓς
227 3370 259 3403 ol
275 3369 423 3409 Ἀθηναῖοι
436 3370 573 3413 &apodas
587 3370 638 3407 ξὺν
653 3370 790 3407 ἐπαίνοις
806 3369 938 3410 ἐθαψαν,
951 3368 1049 3412 σοφίᾳ
1066 3368 1098 3402 δέ
1109 3369 1201 3413 ῦπαρ-

155 3414 314 3459 ὃαλλούη
323 3417 488 3460 ξύγκειται.
504 3418 720 3459 “ermogenes
732 3415 812 3458 (vld.
826 3415 938 3457 fragm.
950 3417 1000 3456 ωε
1014 3415 1198 3458 tyn-wazu

1279 346 1383 385 idem
1404 347 1582 385 meminit
1599 345 1860 384 Philostratus
1881 343 1979 396 (68),
1996 346 2038 383 in
2059 358 2136 395 qua
2166 347 2329 385 materia

1282 414 1436 443 versata
1458 406 1533 452 sit,
1565 405 1763 444 declarare
1780 412 1931 443 veteres
1961 404 2191 444 omiserunt.
2249 405 2329 443 Hoc

1279 472 1426 502 tantum
1462 465 1705 517 exploratum
1737 462 1852 502 nobis
1875 472 1949 507 est,
1968 463 2074 502 illam
2103 476 2125 501 e
2149 463 2329 516 Delphici

1280 523 1414 574 templi
1432 536 1499 562 ara
1518 536 1602 562 esse
1619 524 1834 563 recitatam.
1888 521 2038 569 Quarta
2054 521 2212 573 Gorgiae
2235 537 2328 562 ora-

1284 581 1459 620 tiuncula
1489 583 1561 621 fuit
1592 582 1774 622 Eleorum
1803 581 1993 631 laudatio,
2022 581 2256 634 reprehensa
2279 582 2329 621 ab

1283 639 1492 679 Aristotele
1528 641 1633 693 (69),
1664 641 1770 694 quod
1803 641 1973 695 scriptor
1999 641 2109 680 nullo
2146 654 2230 680 eam
2270 642 2329 680 in-

1282 699 1489 738 struxisset
1514 700 1693 741 exordio.
1751 699 1862 740 Adde
1890 700 1997 752 quod
2027 708 2108 739 tum
2142 701 2330 739 Achillem

1282 766 1363 797 tum
1394 758 1661 798 fortitudinem
1685 758 1870 799 laudibus
1884 760 2058 802 ornavit.
2117 758 2331 811 Utriusque

1280 817 1386 856 enim
1434 817 1625 856 orationis
1670 819 1909 858 mentionem
1968 819 2060 858 facit
2102 819 2331 858 Aristoteles

1283 875 1382 927 (70).
1410 875 1590 928 Denique
1610 886 1730 915 artem
1761 878 1977 918 oratoriam
2004 878 2128 919 edidit
2146 878 2327 928 Gorgias.

1282 934 1476 974 Nimirum
1507 929 1733 986 hujus‘modi
1761 936 1907 976 librum
1927 937 1977 977 ab
1999 951 2046 976 eo
2073 939 2329 990 compositum

1280 1007 1365 1034 esse
1419 1003 1611 1033 testantur
1656 996 1923 1047 Apollodorus
1967 996 2071 1049 apud
2117 997 2331 1047 Diogenem

1279 1052 1473 1092 Laertium
1499 1053 1596 1104 (71),
1618 1053 1753 1093 Cicero
1786 1056 1827 1094 in
1858 1055 1998 1103 Bruto,
2039 1056 2328 1104 Quintilianus,

1277 1112 1431 1153 Suidas.
1453 1112 1496 1150 ln
1517 1112 1589 1150 hoc
1610 1122 1736 1151 autem
1760 1111 2029 1154 doctissimum
2063 1115 2261 1154 hominem
2281 1115 2331 1155 de

1278 1171 1570 1223 opportunitate
1597 1171 1825 1211 disseruisse
1865 1174 2121 1223 colligendum
2157 1187 2207 1213 ex
2228 1188 2328 1226 quo-

1278 1229 1366 1268 dam
1386 1229 1569 1281 Dionysii
1592 1230 1945 1271 Halicarnassensis
1961 1232 2049 1271 loco
2062 1231 2160 1284 (72).
2176 1233 2329 1272 Accede

1278 1285 1326 1323 ad
1370 1287 1493 1327 dubia
1533 1289 1679 1340 scripta
1712 1290 1761 1328 de
1799 1290 1945 1342 quibus
1989 1291 2233 1344 perdifficilis
2271 1302 2331 1333 est

1279 1347 1458 1396 quaestio.
1519 1347 1714 1387 Feruntur
1739 1350 1844 1388 enim
1879 1350 1953 1389 sub
1984 1350 2141 1402 Gorgiae
2170 1352 2330 1392 nomine

1279 1405 1322 1443 in
1339 1406 1548 1447 codicibus
1569 1421 1687 1447 manu
1707 1409 1875 1448 exaratis
1899 1409 1986 1448 duae
2002 1410 2081 1464 (73)
2108 1411 2326 1463 orationes,

1276 1461 1496 1503 Palamedis
1527 1464 1703 1505 defensio
1731 1475 1771 1505 et
1791 1467 1945 1506 Helenae
1971 1468 2162 1517 laudatio,
2193 1479 2329 1509 neutra

1276 1523 1522 1574 spernenda,
1557 1525 1625 1563 sed
1661 1533 1826 1576 utraque
1859 1529 1955 1566 satis
1991 1535 2173 1576 venusta,
2207 1542 2327 1579 quum

1275 1594 1409 1620 earum
1438 1591 1574 1624 auctor
1602 1584 1797 1623 sermonis
1829 1585 2060 1635 elegantiam
2095 1600 2183 1625 cum
2203 1586 2329 1626 disse-

1275 1641 1389 1680 rendi
1422 1641 1640 1682 subtilitate
1671 1642 1927 1695 conjunxerit
1954 1643 2177 1696 figurasque
2202 1643 2329 1683 Leon·

1276 1700 1360 1739 tino
1382 1700 1529 1740 rhetori
1549 1703 1733 1754 proprias
1755 1703 2028 1755 frequentarit.
2087 1706 2137 1744 At
2152 1713 2327 1744 veterum

1276 1761 1325 1799 de
1345 1761 1407 1800 his
1427 1760 1676 1801 orationibus
1695 1762 1894 1802 silentium
1913 1763 1995 1815 jam
2020 1764 2167 1803 dudum
2196 1764 2329 1803 effecit

1275 1828 1319 1858 ut
1351 1820 1431 1859 viri
1462 1820 1567 1859 docti
1602 1821 1644 1860 in
1680 1821 1855 1862 diversas
1895 1832 2026 1876 partes
2061 1824 2321 1864 discederent.

1274 1879 1353 1919 Alii
1385 1880 1490 1919 enim
1521 1892 1586 1919 eas
1615 1882 1802 1931 genuinas
1825 1883 2098 1922 existimarunt
2128 1882 2224 1935 (74),
2254 1884 2324 1922 alii

1275 1939 1495 1991 posteriore
1525 1948 1703 1993 tempore
1731 1941 1918 1981 confictas
1937 1951 1974 1981 et
1991 1942 2151 1994 Gorgiae
2180 1956 2327 1995 suppo·

1271 2095 1343 2133 τοὺς
1359 2096 1391 2129 ἐν
1407 2096 1555 2137 πολὲμοις
1579 2095 1824 2139 ἀριστεύσαντας
1837 2096 2016 2136 Ἀθηναίων.
2030 2115 2072 2122 -
2091 2097 2157 2138 (67)
2171 2098 2324 2131 Philostr.

1273 2152 1305 2184 p.
1321 2146 1381 2176 49⁴
1395 2155 1406 2177 z
1423 2144 1589 2186 ἐνδιέτριψα
1599 2147 1665 2181 τοῖς
1680 2147 1744 2176 τῶν
1758 2144 1908 2182 Μηδικῶν
1926 2145 2085 2187 τροπαίων
2105 2145 2260 2187 ἐπαίνοις,
2279 2146 2326 2179 ἐν·
2365 2166 2371 2174 ·

1272 2191 1465 2232 δεικνύμενος
1478 2191 1582 2228 αὐτοῖς
1591 2216 1600 2230 ,
1617 2191 1666 2223 ὅτι
1681 2190 1722 2223 τὰ
1743 2191 1799 2232 μὶν
1814 2192 1896 2224 κατὰ
1909 2195 1974 2224 τῶν
1998 2192 2165 2235 βαρδάρων
2188 2198 2324 2234 τροπαῖα

1271 2238 1385 2278 ὕμνους
1414 2238 1561 2278 ἀπαιτεῖ,
1588 2238 1628 2270 τὰ
1658 2238 1692 2271 δέ
1720 2238 1803 2271 κατὰ
1831 2242 1895 2270 τῶν
1921 2239 2077 2277 Ἑλλήνων
2106 2239 2248 2281 θρήνους.
2283 2256 2325 2264 -

1273 2285 1339 2326 (68)
1358 2284 1571 2318 Philostratus
1589 2293 1620 2326 p.
1643 2286 1716 2317 ⁴83.
1731 2302 1772 2309 —
1787 2285 1854 2326 (89)
1871 2284 2058 2318 Aristoteles
2074 2285 2168 2318 Rhet.
2189 2285 2249 2318 lib.
2274 2286 2322 2319 111

1271 2340 1343 2374 cap.
1357 2334 1405 2374 14,
1418 2340 1494 2374 pag.
1515 2333 1594 2364 ms
1614 2330 1635 2363 b
1655 2330 1707 2364 ed.
1724 2331 1856 2365 Beliker.
1872 2331 2071 2373 vnn-agni.
2087 2332 2240 2373 o.—(7o)
2255 2333 2324 2365 ΑΠ’-

1271 2377 1403 2410 stoteles
1416 2377 1508 2411 Rhet.
1523 2377 1579 2409 lib‘.
1598 2378 1644 2410 111
1656 2386 1727 2419 cap.
1746 2379 1797 2419 17,
1814 2379 1981 2419 pagum
1991 2386 2011 2410 a
2026 2377 2079 2411 ed.
2092 2378 2227 2412 Bekker.
2242 2391 2251 2412 ε
2266 2380 2320 2412 καὶ

1272 2425 1290 2457 ὃ
1316 2425 1402 2463 ἐλεγε
1433 2423 1581 2466 Γοργίας,
1607 2425 1655 2456 δτι
1680 2425 1741 2467 οὐχ
1762 2425 1925 2457 ὑπολείπει
1950 2425 2045 2458 αὐτὸν
2064 2426 2083 2457 ὁ
2101 2425 2215 2467 λόγος,
2230 2426 2324 2459 τοῦτο

1271 2471 1368 2506 ἐστίν·
1378 2473 1405 2505 εἰ
1417 2473 1478 2514 γὰρ
1489 2471 1633 2514 Ἀχιλλέα
1645 2471 1728 2512 λέγιι
1737 2495 1746 2511 ,
1762 2472 1870 2511 Πηλέα
1882 2472 2013 2513 immet,
2028 2472 2096 2505 εἶτα
2110 2473 2239 2514 Αἰακόν,
2253 2474 2322 2507 utta

1271 2520 1325 2552 τὸν
1343 2519 1424 2552 Θεᾰν·
1438 2518 1556 2560 ὁμοίως
1568 2519 1602 2551 δὲ
1615 2519 1668 2551 καὶ
1682 2518 1818 2561 ἀνδρίαν,
1836 2521 1856 2558 ἢ
1869 2520 1909 2551 τὰ
1921 2519 1975 2551 καὶ
1990 2519 2030 2551 τὰ
2047 2523 2135 2553 ποιεῖ
2144 2529 2151 2537 ·
2165 2520 2184 2552 ὃ
2199 2520 2317 2555 τοιόνδε

1271 2567 1365 2601 ἐστίν.
1380 2569 1528 2601 Fortme
1545 2566 1599 2600 illa
1617 2567 1746 2606 Gorgia
1767 2567 1870 2599 oratlo
1886 2566 2047 2600 Aristoteli
2072 2566 2319 2608 obversabatur,

1270 2624 1370 2656 quum
1394 2615 1464 2648 haec
1489 2614 1643 2649 scriberet
1671 2613 1767 2647 muet.
1786 2614 1846 2647 llb.
1866 2615 1878 2647 1
1896 2622 1966 2655 cap.
1981 2617 2013 2653 3,
2031 2622 2102 2656 pag.
2129 2618 2208 2649 1:2⁵⁰
2226 2623 2245 2647 a
2266 2615 2319 2648 ed.
2388 2643 2394 2651 .

1271 2662 1416 2696 Bekkerz
1435 2661 1502 2695 οῖον
1528 2661 1670 2705 Ἆχιλλέα
1683 2661 1863 2694 ἐπαινοῦσιν
1887 2660 1935 2693 ὅτι
1962 2660 2115 2700 ἐδοήθησε
2139 2664 2186 2702 τῷ
2205 2661 2320 2703 ἐταίρῳ

1271 2710 1445 2753 Πατρόκλῳ
1458 2710 1547 2748 εἰδὼς
1558 2710 1608 2743 ὅτι
1626 2709 1675 2742 δεῖ
1694 2709 1788 2742 αὑτὸν
1807 2708 1988 2748 ἀποθανεῖν,
2001 2708 2068 2746 ἐξὸν
2083 2711 2148 2748 (ἣν.
2163 2709 2274 2751 Τούτῳ
2286 2710 2319 2743 δέ

1269 2757 1287 2788 ὁ
1314 2757 1369 2798 μὶν
1395 2759 1536 2793 τοιοῦτος
1563 2755 1691 2793 θάνατος
1721 2754 1860 2795 κάλλιον,
1886 2755 1924 2788 τὸ
1946 2755 1980 2787 δέ
2003 2758 2058 2794 ζῆν
2082 2757 2248 2798 συμφέρον.
2278 2773 2319 2781 -

1269 2804 1337 2843 (71)
1352 2804 1514 2844 Diogenes
1527 2803 1672 2837 netum
1684 2803 1774 2842 vm.
1789 2807 1848 2836 bet
1861 2802 1992 2844 Γοργίαν
2001 2805 2076 2843 γοῦν
2089 2803 2143 2835 τὸν
2156 2805 2318 2836 Λιοντῖνον

1268 2851 1364 2884 αὐτοῦ
1382 2850 1451 2894 [τοῦ
1469 2849 1728 2894 Ἐμπεδοκλέους]
1742 2851 1885 2891 γενέσθαι
1911 2850 2064 2891 μαθητήν,
2086 2850 2182 2891 ἄνδρα
2207 2851 2316 2892 ὑπερί-

1268 2909 1365 2941 χοντα
1389 2898 1421 2932 ἐν
1450 2899 1615 2942 ῥητορικῇ,
1641 2900 1696 2931 καὶ
1718 2899 1831 2940 τέχνην
1857 2897 2098 2931 ἀπολελοιπότα.
2126 2898 2177 2930 Cf.
2204 2898 2317 2931 Cicero

1269 2947 1358 2980 Brut.
1382 2954 1454 2989 cap.
1486 2950 1535 2987 1²,
1552 2948 1605 2986 ⁴73
1618 2945 1806 2985 Qulutlllan.
1826 2944 1880 2978 111).
1902 2946 1968 2985 111,
1995 2950 2023 2986 1,
2041 2949 2072 2986 8,
2095 2948 2128 2977 et
2146 2944 2261 2978 suidas
2278 2954 2309 2976 v.

1267 2993 1712 3036 Γοργίας.-(71)ὓῑοημίιιι
1727 2993 1888 3026 Halicarn.
1900 2994 1945 3025 οο
1954 3001 2061 3034 comp.
2074 2991 2165 3025 verh.
2174 3000 2245 3033 cap.
2264 2995 2312 3031 ¹2,

1266 3048 1298 3081 p.
1313 3042 1353 3073 08
1365 3038 1417 3073 ed.
1434 3038 1538 3073 Relslt.
1555 3050 1566 3073 t
1581 3042 1690 3082 καιροῦ
1703 3038 1731 3072 δ’
1744 3039 1814 3071 οὔτε
1834 3039 1939 3081 ῥήτωρ
1950 3038 2050 3074 ουδιίς
2061 3040 2130 3071 οὒτε
2145 3038 2308 3080 φιλόσοφος

1265 3087 1308 3125 εἰς
1319 3087 1390 3120 τοδε
1409 3086 1525 3131 χρόνου
1538 3087 1649 3130 τέχνην
1664 3088 1789 3129 ὧρισιν·
1805 3085 1869 3119 οὐδ’
1882 3087 1981 3127 ὅσπερ
1994 3089 2115 3127 πρῶτος
2130 3085 2313 3127 ἐπιχαίρησε

1263 3134 1332 3176 περὶ
1343 3134 1440 3168 αὐτοῦ
1452 3134 1591 3178 γράφειν,
1606 3134 1734 3176 Γοργίας
1750 3134 1768 3167 δ
1785 3135 1960 3174 Λεοντῖνος,
1974 3134 2062 3165 οὐδέν
2075 3144 2103 3165 τι
2118 3132 2213 3173 λόγου
2227 3133 2311 3168 ἀξιον

1262 3180 1543 3224 ‘naulum—(7⁸)
1571 3182 1717 3215 Fortu-e
1743 3180 1820 3214 ollm
1847 3180 1955 3222 plures
1986 3181 2114 3212 luerunt
2135 3179 2311 3211 autetiam

1263 3235 1351 3261 nunc
1385 3227 1496 3262 latent.
1526 3228 1607 3261 Nam
1638 3228 1750 3261 const.
1787 3228 1931 3261 Laturi-
1964 3226 2050 3267 apud
2088 3224 2310 3267 Masirolycum

1263 3275 1435 3309 Florentia
1452 3284 1487 3309 ae
1515 3276 1579 3309 tres
1603 3274 1717 3317 legisse
1735 3275 1885 3307 testatur.
1912 3274 1987 3306 vid.
2009 3272 2132 3305 Fabrlc.
2152 3271 2232 3304 mbt.
2250 3274 2309 3305 Gr.

1261 3323 1291 3356 11
1305 3328 1340 3361 ν.
1357 3326 1418 3356 soe
1434 3322 1486 3356 ed.
1502 3323 1589 3357 llarl.
1602 3341 1641 3350 -
1655 3323 1723 3364 (7⁴)
1744 3323 1896 3364 Uptonus
1913 3321 1953 3353 ad
1976 3320 2107 3361 Dlonys.
2128 3321 2175 3353 Do
2199 3327 2308 3360 comp.

1261 3370 1349 3405 mh.
1371 3375 1410 3404 2ο
1431 3379 1463 3411 ρ.
1481 3372 1543 3403 ⁴²0
1561 3372 1614 3403 ed.
1630 3369 1929 3411 actamnffirodoem
1950 3368 1991 3400 ad
2018 3368 2171 3401 l’lullostr.
2191 3375 2226 3407 p.
2244 3369 2308 3399 050

1260 3415 1312 3450 ed.
1326 3417 1435 3451 Olear-
1455 3417 1581 3460 upum
1597 3417 1638 3451 ad
1662 3419 1740 3452 Tac.
1756 3417 1874 3451 Annal.
1896 3418 1955 3458 ΧΙ,
1975 3418 2026 3449 16.
2046 3415 2308 3450 uenuste-dunelm
