2606 3828
383 247 404 281 2
413 248 457 281 72
1111 237 1209 277 CYN
1216 237 1410 277 ICORUM
1439 237 1771 278 FRAGMENTA.

382 341 467 367 nem
488 327 535 366 dc
548 327 788 374 divitiarum,
804 324 1205 376 voluptatum,gloriae
1222 332 1415 362 contemtu
1473 325 1743 372 Antisthenes,
1769 325 2001 363 contendens
2033 337 2164 364 veram
2194 335 2314 378 poetae
2340 337 2506 373 mentem

382 387 619 437 omninoque
643 386 689 423 de
710 399 838 424 rerum
859 384 1031 421 omnium
1056 383 1309 419 humanarum
1346 382 1413 420 de·
1473 393 1510 422 et
1537 385 1775 422 reconditum
1808 383 1891 433 ejus
1922 382 2132 422 verborum
2159 397 2313 424 sensum
2347 386 2396 425 ab
2424 387 2508 428 illis

380 446 584 497 spicientia
596 444 825 483 disseruisse
839 442 1028 492 suspicor,
1041 441 1094 478 ita
1105 449 1146 477 ut
1160 440 1256 478 nihil
1276 449 1415 491 praeter

381 505 562 543 virtutem
602 511 938 555 paupertatemque
973 500 1013 538 111
1051 499 1165 537 bonis
1196 499 1412 537 ducendum

379 575 461 601 esse
492 563 782 600 demonstraret.
816 559 929 599 Conf.
956 557 1051 596 Xen.
1081 558 1248 596 Conviv.
1272 557 1339 604 lv,
1365 560 1411 602 34

379 637 459 675 seq.
482 623 589 662 Stob.
614 622 761 672 1³10r.1‚
780 623 841 659 30.
863 620 911 666 X,
935 625 999 663 42.
1023 619 1217 669 Diogenes
1239 619 1413 658 Laertius

377 682 448 721 lib.
468 683 533 730 Vl,
560 684 656 732 106,
677 681 741 727 Vl,
769 678 921 726 11;V1,
947 680 983 717 3.

430 741 506 790 (36)
523 739 600 792 περὶ
622 738 778 791 ἀνδρείας
793 737 834 790 (t.
855 736 939 787 Ill).

430 802 508 851 (37)
525 798 600 851 περὶ
619 798 723 848 νόμου
738 796 760 843 ἢ
778 794 857 848 περὶ
876 797 986 833 καλοῦ
1002 793 1061 832 καὶ
1082 793 1227 833 δικαίου.

429 860 506 909 (38)
527 857 605 909 περὶ
625 855 817 907 ἐλευθερίας
850 854 910 892 καὶ
937 853 1093 896 δουλείας
1113 854 1166 904 (t.
1189 852 1291 904 ΙΙΙ).
1315 853 1412 891 Pro-

376 917 506 955 babile
525 924 582 954 est
604 915 870 953 Antisthenem
884 914 940 951 ita
958 912 1006 950 de
1029 911 1208 950 libertate
1227 925 1271 949 ac
1289 913 1413 950 servi-

374 984 451 1012 tute
469 975 682 1025 disputasse
696 1003 706 1021 ,
723 982 766 1010 ut
784 972 995 1023 sapientem
1017 971 1141 1008 solum
1161 982 1244 1008 esse
1257 970 1411 1008 beatum

373 1042 674 1083 caeterorumque
695 1031 912 1077 dominum,
944 1030 1069 1068 solum
1090 1029 1206 1067 etiam
1225 1028 1409 1079 liberum,

374 1092 524 1129 etiamsi
547 1104 682 1129 servus
695 1091 806 1137 foret,
823 1089 1053 1127 ostenderet.
1068 1088 1126 1128 Cf.
1143 1088 1258 1137 Diog.
1282 1087 1407 1125 Laert.

370 1152 439 1190 lib.
458 1151 523 1201 vl,
540 1165 588 1200 29
604 1163 683 1200 seq.
702 1154 748 1196 74
768 1161 848 1199 seq.

426 1210 502 1262 (39)
525 1207 604 1261 περὶ
624 1207 772 1260 πίστεως
794 1206 843 1258 (t.
867 1205 955 1256 III).

428 1270 502 1319 (40)
525 1267 604 1320 περὶ
622 1263 807 1318 ἐπιτρόπου
829 1263 851 1310 ἢ
873 1264 953 1316 περὶ
973 1266 1033 1301 τοῦ
1059 1263 1238 1302 πείθεσθαι
1260 1262 1303 1317 (t.
1326 1263 1409 1316 ΙΙΙ).

428 1330 507 1380 (41)
530 1327 609 1379 περὶ
628 1325 725 1372 νίκης
743 1325 785 1375 (t.
808 1324 899 1374 ΙΙΙ).

422 1387 499 1438 (42)
522 1383 734 1434 οἰκονομικός
757 1384 798 1434 (t.
817 1381 907 1435 ΙΙΙ).

423 1446 501 1499 (43)
524 1446 639 1497 κύριος
659 1444 681 1490 ἢ
705 1443 877 1495 ἐρώμενος
898 1446 949 1492 (t.
974 1442 1034 1493 X).

423 1508 499 1556 (44)
521 1503 632 1557 κύριοι
654 1502 678 1549 ἢ
693 1501 911 1540 κατάσκοποι
932 1502 972 1551 (t.
996 1501 1058 1551 X).

421 1566 498 1617 (45)
530 1562 717 1607 Μενέξενος
749 1562 772 1608 ἢ
805 1561 883 1613 περὶ
912 1566 972 1600 τοῦ
1006 1561 1126 1614 ἄρχειν
1157 1561 1203 1613 (t.
1226 1561 1290 1612 X).
1326 1561 1409 1600 Me—

368 1636 557 1663 nexenum
582 1621 754 1660 Socratis
779 1620 1011 1670 discipulum
1031 1621 1206 1671 ejusdem
1238 1621 1409 1659 nominis

368 1684 535 1733 dialogo,
549 1683 617 1733 qui
635 1681 738 1719 inter
756 1680 978 1718 Platonicos
992 1693 1071 1717 non
1087 1680 1266 1717 infimum
1278 1680 1406 1718 locum

371 1742 544 1788 obtinet,
568 1739 816 1778 nobilitatum
844 1751 927 1776 esse
953 1751 1066 1777 nemo
1088 1739 1256 1787 ignorat.
1284 1739 1405 1784 Quem

367 1801 551 1853 quoniam
586 1799 696 1836 Plato
719 1813 759 1850 p.
792 1799 868 1842 234
901 1800 949 1844 A,
975 1798 1006 1834 Β
1035 1797 1261 1849 reipublicae
1286 1797 1407 1835 admi-

367 1859 577 1907 nistrandae
596 1857 780 1909 cupidum
801 1857 917 1895 fuisse
935 1856 1090 1908 prodit,
1119 1870 1198 1893 non
1215 1864 1273 1893 est
1301 1856 1407 1906 quod

371 1920 607 1968 refragemur
635 1916 735 1954 viris
754 1915 881 1954 doctis
902 1914 1066 1952 eundem
1096 1914 1265 1953 Socratis
1293 1913 1410 1951 disci-

366 1978 501 2030 pulum
531 1976 580 2014 ab
614 1975 841 2013 Antisthene
874 1986 1032 2026 quoque
1058 1974 1293 2012 celebratum
1325 1986 1408 2011 esse

365 2035 601 2088 putantibus.

421 2096 496 2146 (46)
514 2093 734 2140 Ἀλκιὸιάδης
768 2094 808 2144 (t.
836 2092 897 2144 X).
922 2091 1170 2132 Antisthenes
1189 2105 1268 2129 non
1293 2092 1409 2130 modo

366 2155 407 2192 in
427 2155 547 2192 altero
561 2154 752 2204 Cyrorum
767 2152 968 2190 maledixit
982 2151 1190 2197 Alcibiadi,
1208 2151 1275 2189 sed
1289 2152 1404 2189 etiam

365 2213 469 2251 libro
490 2213 678 2262 singulari
708 2221 827 2250 totam
853 2211 941 2262 ejus
969 2211 1089 2248 vitam
1120 2211 1311 2262 exposuit.
1343 2210 1401 2250 Cf.

369 2272 502 2321 fragm.
525 2285 564 2321 9.
587 2285 648 2309 10.
677 2271 737 2311 13.
762 2275 822 2314 14.

738 2388 784 2426 V.
808 2387 1025 2428 Homerica.

420 2507 685 2547 Antisthenem
711 2506 754 2544 in
783 2506 956 2543 Homero
989 2505 1220 2556 explicando
1252 2519 1409 2556 operam

369 2565 624 2605 consumsisse
644 2573 777 2602 auctor
795 2572 854 2602 est
871 2564 947 2602 Dio
963 2564 1264 2615 Chrysostomus
1283 2564 1407 2617 (133),

369 2626 487 2675 idque
504 2633 580 2661 tam
595 2622 780 2672 Diogenis
792 2622 938 2660 Laertii
955 2622 1064 2675 (134)
1079 2624 1300 2661 testimonio
1313 2655 1321 2670 ,
1340 2626 1408 2675 qui

371 2682 598 2720 Homericos
630 2680 715 2731 ejus
743 2680 868 2718 libros
901 2681 1043 2731 partim
1069 2689 1205 2718 octavo
1247 2695 1408 2733 operum

372 2751 476 2779 tomo
490 2770 502 2789 ,
527 2739 668 2790 partim
709 2752 813 2777 nono
845 2739 1013 2777 insertos
1047 2739 1165 2777 fuisse
1184 2740 1258 2787 ait,
1296 2754 1411 2793 quam

359 2794 588 2837 *Homericis
602 2810 687 2847 quae
696 2805 846 2835 exstant
858 2796 1017 2835 scholiis
1026 2798 1276 2836 confirmatur
1289 2799 1322 2850 (1
1332 2799 1351 2835 3
1358 2798 1410 2851 5).

371 2857 417 2895 In
437 2858 497 2895 his
513 2857 617 2894 enim
631 2855 772 2906 saepius
788 2855 967 2892 laudatur
982 2855 1228 2894 Antisthenes
1248 2857 1412 2908 ejusque

373 2930 475 2954 nunc
498 2916 713 2953 fabularum
736 2914 945 2965 explicatio
972 2927 1074 2952 nunc
1095 2917 1298 2954 nominum
1319 2930 1413 2954 eno-

372 2975 477 3012 datio
502 2981 835 3011 commemoratur.
859 2973 944 3010 Huc
975 2974 1119 3011 accedit
1144 2974 1411 3025 Xenophontis

375 3033 478 3084 (136)
497 3032 704 3070 auctoritas
716 3060 725 3078 ,
748 3031 851 3083 apud
870 3043 984 3082 quem
1003 3032 1045 3069 in
1063 3032 1257 3072 Convivio
1276 3048 1410 3074 eorum

374 3092 441 3142 qui
458 3103 594 3129 versus
612 3090 840 3128 Homericos
861 3090 1073 3129 recitabant
1092 3092 1286 3131 inscitiam
1312 3095 1412 3133 ridet

373 3234 425 3265 37.
443 3247 484 3253 —-
510 3229 596 3270 (133)
628 3229 689 3262 Dio
716 3229 965 3269 chrysostomus
993 3233 1073 3262 orat.
1108 3232 1184 3263 LIII
1215 3241 1246 3272 p.
1271 3236 1330 3264 276
1353 3235 1406 3267 ed.

374 3278 483 3311 Reisk.
500 3295 541 3300 --
562 3277 649 3317 (134)
675 3277 765 3316 Diog.
786 3278 891 3308 Laert.
922 3278 986 3318 VI,
1024 3280 1124 3310 17-18.
1157 3296 1199 3301 —-
1218 3281 1303 3318 (135)
1338 3283 1408 3315 Vid.

374 3326 487 3364 fragm.
504 3327 553 3355 25.
579 3327 629 3355 26.
646 3326 696 3356 27.
714 3326 766 3355 28.
792 3328 842 3356 29.
872 3326 923 3355 30.
942 3326 993 3355 31.
1013 3328 1063 3356 33.
1078 3343 1118 3351 -
1133 3325 1217 3365 (136)
1235 3327 1411 3367 Xenophon

374 3372 510 3403 Conviv.
530 3372 591 3411 Ill,
615 3375 634 3401 ὓ
653 3384 659 3402 :
679 3371 777 3402 ἐκεῖνο
790 3371 816 3402 δ’
832 3370 918 3410 ἔφηὸ
939 3369 1151 3410 Ἀντισθένης,
1168 3373 1272 3409 λέληθέ
1288 3384 1341 3412 σε,
1366 3375 1411 3407 ὅτι

376 3419 429 3449 καὶ
451 3419 479 3449 οἱ
496 3418 633 3459 ῥαψῳδοὶ
647 3418 758 3454 πάντες
786 3418 965 3450 ἐπίστανται
992 3421 1093 3449 ταῦτα
1117 3419 1156 3449 τὰ
1177 3419 1255 3458 {itm
1277 3422 1329 3451 καὶ
1347 3425 1411 3458 πῶς

377 3463 434 3503 ἄν,
453 3465 526 3504 ἔφη,
546 3465 663 3502 λελήθοι
674 3488 683 3503 ,
704 3464 900 3506 ἀκροώμενον
916 3475 951 3506 γε
968 3465 1070 3497 αὐτῶν
1087 3465 1192 3505 ὀλίγου
1213 3466 1261 3496 ἀν’
1278 3467 1412 3507 ἑκάστην

1474 455 1551 479 11011
1572 443 1748 491 intelligi.
1778 442 1967 479 Praeterea
1990 442 2065 480 Dio
2082 442 2382 494 Cbrysostomus
2399 446 2505 499 (137)

1473 509 1630 539 testatur
1651 501 1875 539 Antisthene
1890 499 2024 550 judice
2040 501 2248 551 Homerum
2269 504 2311 542 111
2331 505 2420 544 aliis
2443 519 2509 545 re-

1472 558 1546 598 bus
1568 561 1792 598 sententiam
1813 572 1921 597 suam
1945 573 2172 611 expromere
2190 575 2323 602 ausum
2343 577 2446 613 esse,
2467 566 2508 604 in

1473 618 1561 656 aliis
1588 619 1635 656 ad
1672 632 1914 657 communem
1943 619 2146 658 hominum
2186 621 2411 672 opinionem
2446 637 2509 663 ac-

1473 677 1711 715 commodate
1731 678 1951 728 loquentem
1975 690 2020 716 ea
2047 692 2131 729 quae
2149 679 2309 718 sentiret
2325 680 2511 732 allegoria

1473 733 1712 774 obscurasse.
1748 735 1884 787 ltaque
1911 734 2177 785 Stesimbroti,
2205 738 2509 790 Anaximandri,

1473 793 1686 832 Democriti
1707 795 1950 847 aliorumque
1967 796 2140 846 vestigiis
2171 796 2369 847 ingressus
2399 798 2511 839 Anti-

1473 852 1622 891 sthenes
1640 855 1680 891 in
1695 853 1986 905 interpretando
2001 853 2168 893 Homero
2179 855 2232 894 ita
2251 864 2425 896 versatus
2437 868 2509 907 est,

1471 919 1514 948 ut
1542 925 1628 962 quae
1659 912 1918 964 philosophiae
1946 922 2136 965 praecepta
2168 913 2308 954 fabulis
2337 917 2511 956 contine-

1471 978 1621 1018 rentur,
1641 971 1806 1019 doccret.
1830 972 1915 1018 Qua
1943 973 1985 1010 in
2010 985 2052 1011 re
2078 985 2165 1011 eum
2193 974 2353 1013 moralis
2376 975 2511 1027 philo-

1470 1028 1574 1079 phiae
1592 1030 1836 1080 potissimum
1856 1040 1894 1069 et
1919 1031 2089 1083 physicae
2118 1032 2306 1071 rationem
2328 1033 2512 1074 habuisse

1471 1099 1585 1124 nemo
1611 1102 1689 1126 non
1709 1090 1831 1128 videt.
1856 1089 1986 1128 fidem
2008 1090 2098 1128 facit
2115 1090 2322 1131 Clementis
2344 1092 2511 1133 Alexan·

1470 1145 1577 1184 drini
1604 1147 1709 1199 (138)
1732 1148 1864 1195 locus,
1895 1148 1966 1187 ubi
1995 1148 2166 1199 Cynicus
2189 1153 2369 1189 Amorem
2397 1151 2511 1191 deum

1469 1217 1554 1243 esse
1585 1216 1699 1256 negat
1717 1207 1880 1259 ejusque
1899 1208 2059 1246 nomine
2090 1208 2211 1246 animi
2234 1207 2395 1248 humani
2418 1211 2513 1250 affe·

1472 1264 1639 1302 ctionem
1661 1266 1876 1316 significari
1906 1261 2003 1304 vul't.
2027 1266 2267 1306 Antisthenis
2293 1268 2511 1320 exemplum

1470 1333 1596 1362 autem
1618 1326 1739 1363 secuti
1760 1334 1847 1364 sunt
1866 1326 2060 1375 Diogenes
2078 1334 2116 1364 et
2135 1325 2288 1374 Crates,
2307 1340 2379 1378 per
2396 1340 2512 1379 quem

1470 1384 1612 1422 similis
1623 1385 1897 1435 allegoriarum
1915 1386 2206 1424 Homericarum
2220 1385 2515 1440 fabularumque

1469 1442 1691 1494 explanatio
1713 1445 1760 1482 ad
1781 1446 1930 1483 Stoicos
1946 1453 2159 1496 propagata
2179 1453 2248 1484 est.
2263 1444 2397 1497 Neque
2417 1459 2514 1486 vero

1468 1512 1699 1553 perpetuum
1717 1505 2038 1542 commentarium
2051 1504 2093 1541 in
2114 1503 2325 1542 Homerica
2339 1506 2515 1545 carmina

1469 1564 1690 1613 composuit
1724 1563 1967 1614 Cynicorum
1999 1563 2209 1614 princeps,
2245 1563 2313 1602 sed
2337 1565 2516 1614 singulos

1469 1627 1616 1658 tantum
1639 1623 1746 1659 locos
1771 1635 1841 1660 suo
1872 1635 1979 1659 more
2002 1622 2211 1660 enarravit.
2243 1621 2437 1667 Quocirca
2468 1624 2518 1664 li·

1468 1676 1561 1716 bros
1580 1679 1696 1716 modo
1709 1679 1757 1716 de
1776 1679 1984 1716 Calchante
2000 1707 2011 1725 ,
2034 1680 2151 1716 modo
2177 1680 2376 1727 defi-ires,
2393 1683 2514 1720 modu

1469 1737 1517 1775 de
1543 1736 1721 1775 Minerva
1743 1737 1807 1774 vel
1833 1736 1882 1774 de
1907 1736 1994 1775 aliis
2015 1737 2098 1775 sive
2130 1737 2208 1775 diis
2235 1737 2320 1776 sive
2343 1737 2516 1779 homini-

1467 1797 1542 1834 bus
1561 1795 1645 1834 sive
1676 1794 1796 1833 rebus·
1827 1795 1999 1846 scripsit.
2030 1794 2089 1833 Ex
2115 1795 2176 1834 his
2198 1809 2284 1847 quae
2309 1808 2518 1850 supersunt

1470 1854 1683 1903 fragmenta
1705 1854 1807 1892 infra
1833 1866 2067 1905 proponam.
2102 1853 2232 1893 Restat
2259 1864 2304 1894 ut
2321 1869 2517 1896 commen·

1469 1914 1634 1952 tationes
1664 1913 1890 1951 Homericas
1925 1926 2014 1964 quae
2051 1913 2115 1952 vel
2144 1922 2282 1952 octavo
2315 1917 2378 1954 vel
2409 1929 2516 1956 nono

1469 1986 1631 2024 operum
1644 1981 1750 2011 tomo
1760 1972 2050 2024 comprehensae
2063 1980 2174 2010 erant
2183 2001 2194 2019 ‚
2210 1972 2412 2022 sigillatim
2423 1987 2516 2026 per-

1470 2045 1658 2071 censeam.
1679 2032 1820 2083 Liquet
1838 2044 1934 2070 vero
1948 2044 1992 2069 ln
2007 2030 2241 2082 scriptorum
2257 2031 2388 2070 indice
2400 2045 2514 2084 quem

1468 2091 1626 2129 exhibet
1659 2090 1854 2139 Diogenes
1886 2088 2064 2127 Laertius
2101 2087 2279 2126 ordinem
2320 2086 2514 2140 quendam

1468 2150 1590 2197 cerni,
1608 2150 1665 2188 ita
1679 2157 1723 2187 ut
1738 2148 1781 2186 in
1800 2148 1972 2200 priorem
1999 2156 2146 2185 tomum
2162 2146 2281 2184 relata
2296 2147 2376 2186 sint
2397 2161 2517 2200 opus-

1468 2209 1555 2247 cula
1583 2217 1649 2248 aut
1676 2208 1725 2246 ad
1753 2216 1876 2246 totum
1912 2206 1989 2244 hoc
2022 2202 2355 2256 interpretationis
2394 2220 2517 2257 genus

1467 2268 1717 2320 pertinentia,
1734 2267 1842 2306 velut
1859 2266 1907 2303 de
1922 2266 2012 2316 ipso
2027 2264 2197 2302 Homero
2212 2263 2375 2316 ejusque
2393 2267 2516 2305 inter·

1467 2327 1666 2378 pretibus,
1685 2325 1733 2363 de
1758 2333 1839 2362 arte
1859 2323 2008 2361 musica
2022 2351 2033 2370 ,
2055 2322 2145 2360 aliis
2159 2350 2170 2368 ,
2192 2331 2258 2361 aut
2277 2323 2326 2361 ad
2350 2323 2513 2376 Iliadem

1469 2384 1707 2435 spectantia,
1740 2384 1783 2421 in
1821 2382 2078 2434 posteriorem
2109 2380 2233 2420 libros
2262 2381 2312 2420 de
2341 2382 2517 2435 Odyssea

1469 2445 1727 2495 conscriptos.
1748 2440 2032 2493 comparebant
2047 2441 2169 2490 igitur
2186 2441 2228 2479 in
2253 2449 2394 2480 octavo
2408 2450 2515 2497 101110

1468 2503 1596 2541 haecce
1614 2518 1623 2540 ε

1524 2563 1602 2614 (47)
1620 2559 1700 2613 περὶ
1718 2562 1900 2610 μουσικῆς.

1525 2621 1605 2674 (48)
1624 2620 1703 2671 περὶ
1727 2617 1916 2669 ἐξηγητῶν.

1526 2681 1604 2732 (49)
1629 2678 1709 2730 περὶ
1728 2676 1901 2729 Ὁμήρου·

1528 2739 1604 2790 (50)
1626 2736 1707 2790 περὶ
1734 2735 1872 2778 ἀδικίας
1900 2734 1960 2773 καὶ
1991 2734 2167 2778 ἆσεὸείας.
2195 2734 2358 2773 Videtur
2376 2734 2513 2774 referri

1472 2798 1520 2836 ad
1541 2796 1780 2849 principium
1803 2794 1959 2840 Iliadis,
1980 2794 2050 2831 ubi
2078 2795 2316 2844 Agamemno
2338 2793 2514 2844 Chrysen

1473 2858 1593 2897 filiam
1615 2855 1877 2895 redemturum
1899 2866 1984 2892 cum
2002 2852 2219 2902 ignominia
2235 2851 2388 2903 repellit
2406 2859 2515 2921 ροσε-»ι-

1469 2998 1604 3039 ἡμέραν;
1625 2994 1718 3028 οἶσθά.
1737 3006 1766 3026 τι
1782 2993 1835 3026 οὖν
1851 2993 1955 3032 ἔθνος,
1976 2992 2033 3034 ἔφη
2046 3015 2056 3031 ,
2072 2991 2268 3031 ἠλιθιώτερον
2286 2990 2460 3032 ῥαψῳδῶνς
2476 2989 2514 3021 οὗ

1471 3046 1515 3084 μὰ
1527 3045 1580 3076 τὸν
1595 3041 1655 3083 Δί’,
1672 3042 1728 3082 ἔφη
1744 3041 1956 3081 ὁΝικήρατος,
1973 3039 2084 3071 οὔκουν
2099 3038 2204 3079 ἔμοιγε
2213 3039 2312 3070 δοκεῖ.
2326 3038 2426 3076 Δῆλον
2441 3035 2512 3076 γάρ,

1470 3092 1526 3132 ἔφη
1549 3093 1566 3123 ὁ
1591 3090 1775 3132 Σωκράτης,
1796 3088 1843 3120 ὅτι
1869 3088 1924 3124 τὰς
1948 3086 2093 3122 ὑπονοίας
2113 3086 2171 3117 οὐκ
2196 3084 2390 3123 ἐπίστανται.
2414 3082 2456 3115 Σὺ
2481 3083 2513 3114 δὲ

1470 3138 1692 3180 Στησιμὸρότῳ
1705 3148 1739 3169 τε
1753 3138 1806 3168 καὶ
1826 3134 2048 3175 Ἀναξιμάνδρῳ
2071 3134 2124 3165 καὶ
2151 3133 2254 3167 oium:
2274 3131 2404 3166 πολλοῖς
2431 3131 2512 3162 πολὺ

1470 3188 1608 3222 δέδωκας
1627 3185 1788 3226 ἀργύριον,
1806 3183 1889 3214 ὥστε
1904 3181 1992 3214 οὐδέν
2008 3192 2045 3212 σε
2058 3183 2124 3212 τῶν
2146 3179 2261 3211 πολλοῦ
2279 3176 2372 3213 ἀξίων
2388 3175 2510 3214 λέληθε.

1469 3254 1511 3261 -
1522 3233 1605 3274 (137)
1617 3232 1678 3265 Dio
1693 3230 1945 3272 chrysostomus
1960 3237 2009 3259 or.
2023 3228 2095 3259 L111
2111 3235 2142 3266 p.
2155 3228 2216 3258 276
2230 3223 2281 3256 ed.
2297 3222 2407 3258 Reisk.
2425 3235 2433 3254 :
2451 3223 2468 3254 ὁ
2480 3223 2513 3254 δὲ

1469 3281 1561 3321 λόγος
1579 3280 1669 3315 οὗτος
1687 3278 1892 3313 Ἀντισθένους
1907 3276 1973 3307 ἐστὶ
1986 3273 2152 3315 πρότερον,
2170 3273 2216 3303 ὅτι
2232 3271 2271 3302 τὰ
2287 3270 2342 3312 μὲν
2363 3270 2454 3310 δόξῃ,
2473 3269 2512 3301 τά

1470 3329 1503 3360 δὲ
1516 3327 1643 3368 ἀληθείᾳ
1665 3326 1782 3366 εἴρηται
1797 3327 1843 3365 τῷ
1860 3326 1987 3364 ποιητῇ.
2002 3339 2043 3344 -
2057 3321 2142 3361 (138)
2156 3318 2306 3352 Clemens
2322 3314 2526 3349 Alexandri-c

1471 3383 1533 3406 nus
1545 3375 1664 3406 Strom.
1681 3375 1726 3411 ΙΙ,
1741 3376 1795 3409 20,
1815 3380 1847 3412 p.
1869 3373 1930 3403 485
1945 3369 1996 3400 ed.
2012 3370 2128 3400 Potter.
2142 3374 2151 3393 ι
2168 3365 2221 3397 τόν
2234 3374 2266 3395 τε
2279 3363 2378 3403 ἔρωτα
2398 3362 2511 3394 κακίαν

1471 3423 1547 3463 φησὶ
1564 3422 1685 3461 φύσεως
1698 3443 1707 3460 ,
1719 3420 1756 3459 ἧς
1772 3420 1882 3457 ἥττους
1902 3417 1987 3453 ὄντες
2006 3417 2036 3447 οἱ
2052 3412 2274 3452 κακοδαίμονες
2294 3411 2361 3442 θεὸν
2380 3409 2435 3447 τὴν
2459 3408 2511 3440 νὸ-

1471 3481 1526 3501 σον
1542 3469 1702 3501 καλοῦσιν.
1725 3467 1774 3500 cf.
1795 3465 1911 3498 Julian.
1931 3463 2016 3495 orat.
2035 3462 2116 3501 vn,
2134 3469 2172 3501 p.
2194 3461 2266 3490 209.
2291 3459 2364 3497 215.
2381 3457 2453 3488 217.
2468 3472 2511 3480 -
