2606 3828
282 260 356 291 420

280 341 417 379 ransiit
439 339 511 390 (9).
535 339 632 377 Num
651 347 687 376 et
707 336 1015 388 Pyrrhoniorum
1036 334 1206 372 ἀπάθειαν
1227 334 1310 372 sive

273 402 444 439 animum
459 399 566 438 omni
581 397 870 450 perturbatione
884 394 1045 432 liberum
1060 393 1309 444 expetiverit,

274 474 351 498 non
370 459 549 509 traditur,
581 471 699 508 quum
728 453 912 504 Diogenis
943 452 1065 491 verba
1092 452 1172 504 (ιο)
1196 454 1315 503 :que‘d

273 524 372 556 enim
391 521 498 556 aliud
513 521 618 555 illum
635 517 688 553 ad
704 518 822 551 animi
848 517 1092 550 constantiam
1118 513 1314 549 traduxit?

274 578 455 628 ambigua
475 577 551 615 sint
571 587 694 625 neque
713 573 781 611 alii
807 574 1013 623 scriptores
1041 571 1089 609 de
1109 583 1154 610 ea
1181 570 1313 622 philo-

275 637 387 688 sophi
419 637 562 673 virtute
593 635 815 683 loquantur.
847 630 949 668 lllud
981 630 1225 682 exploratum
1245 629 1312 667 ha-

269 695 430 742 bemus,
452 707 538 731 eum
574 692 790 730 studiosum
821 698 858 727 et
886 689 1084 727 assiduum
1114 687 1313 726 Theodori

275 754 398 801 athei,
428 752 494 803 qui
528 761 605 788 tum
640 748 825 797 florebat,
854 748 1070 786 auditorem
1100 746 1230 785 fuisse.
1254 748 1313 784 Ab

274 812 348 849 hoc
379 811 480 848 enim
508 809 575 859 qui
599 808 706 846 omni
739 806 928 844 orationis
955 818 1095 855 genere
1115 807 1155 843 in
1179 805 1314 856 dispu-

275 870 487 908 tationibus
498 867 554 906 uti
569 874 836 913 consueverat,
849 865 1139 917 impietatem-et
1154 864 1313 902 deorum

275 937 507 967 contemtum
540 934 755 972 mutuatus,
786 924 930 962 similia
954 924 1002 962 de
1031 924 1147 963 rebus
1170 923 1315 962 divinis

275 996 464 1040 praecepta
485 984 743 1023 familiaribus
764 985 846 1022 suis
876 983 992 1021 dabat
1016 983 1111 1034 (11).
1139 983 1316 1034 Denique

276 1044 536 1097 Theophrasti
545 1042 795 1095 Peripatetici
804 1042 1048 1080 institutione
1058 1055 1151 1080 usus
1159 1050 1215 1080 est
1224 1041 1235 1093 (
1243 1056 1254 1078 ι
1266 1042 1315 1095 2),

274 1106 341 1156 qni
367 1118 387 1142 a
407 1103 571 1156 pulchro
589 1111 627 1140 et
648 1102 758 1153 quasi
782 1101 919 1140 divino
943 1100 1153 1139 verborum
1174 1109 1315 1138 ornatu

274 1177 414 1202 nomen
434 1162 598 1201 invenit.
616 1160 805 1206 Quamvis
823 1173 915 1210 ergo
935 1160 1160 1198 inconstans
1179 1157 1258 1209 (13)
1275 1161 1314 1196 in

273 1221 522 1274 philosophia
543 1217 660 1258 fuerit
680 1220 778 1268 Bion
793 1248 803 1266 ,
824 1227 951 1257 tamen
969 1218 1040 1256 hac
1059 1218 1319 1256 inconstantia

273 1293 522 1332 permagnam
569 1278 828 1316 eruditionem
865 1277 944 1316 sibi
985 1277 1226 1328 comparavit
1264 1278 1319 1314 si-

275 1339 434 1390 mulque
455 1351 529 1377 usu
557 1346 595 1376 et
620 1337 810 1388 sapientia
837 1336 1030 1388 praestitit.
1053 1336 1186 1382 Quid?
1211 1336 1318 1386 quod

275 1399 535 1449 sophistarum
568 1409 678 1434 more
711 1396 929 1434 ostentandi
960 1395 1109 1446 ingenii
1139 1407 1254 1433 causa
1282 1402 1320 1431 et

275 1456 323 1494 ad
343 1456 504 1494 divitias
520 1455 674 1494 dicendi
693 1454 869 1492 facultate
889 1454 1115 1504 quaerendas
1129 1452 1319 1504 susceptis

275 1514 657 1567 peregrinationibus
689 1513 965 1551 florentissima
985 1512 1145 1549 Graeciae
1172 1511 1320 1562 oppida

275 1583 314 1612 et
333 1574 544 1612 ditissimas
561 1572 709 1610 insulas
729 1572 839 1611 adiit.
868 1571 1060 1617 Quocirca
1085 1584 1163 1608 non
1193 1570 1316 1607 solum

276 1632 319 1672 in
350 1631 614 1670 Macedoniam
639 1629 834 1681 profectus
868 1629 1039 1676 videtur,
1060 1637 1103 1666 ut
1137 1627 1319 1677 Antigoni

276 1690 380 1740 regis
411 1691 572 1740 gratiam
606 1688 683 1727 sibi
712 1688 959 1734 conciliaret,
992 1687 1059 1726 sed
1092 1686 1218 1724 Rhodi
1240 1686 1320 1737 (15)

277 1752 390 1787 etiam
410 1748 670 1801 philosophiae
703 1747 827 1785 fontes
847 1747 995 1785 sitienti
1012 1746 1206 1795 juventuti
1226 1758 1315 1796 ape-

278 1809 427 1856 ruisse,
462 1819 694 1859 quamquam
727 1805 786 1843 ibi
820 1805 1147 1857 vituperationem
1182 1802 1318 1842 subiit.

277 1868 405 1913 Quum
433 1867 537 1905 enim
567 1866 610 1904 in
634 1865 704 1903 illa
732 1864 860 1903 insula
879 1864 1033 1902 dicendi
1060 1863 1134 1901 arti
1162 1875 1319 1914 operam

277 1926 413 1963 darent
445 1923 720 1970 Athenienses,
739 1922 1027 1974 philosophiam
1051 1921 1136 1972 ipse
1161 1920 1320 1970 profite-

277 1993 396 2031 retur,
411 1996 455 2021 ac
474 1991 682 2034 propterea
709 1981 751 2019 in
769 1981 1108 2033 reprehensionem
1130 1979 1322 2017 incurris—

278 2051 334 2080 set
352 2056 360 2080 :
381 2045 576 2088 Triticum,
592 2040 722 2092 inquit
734 2070 744 2088 ,
761 2045 825 2090 qui
843 2043 1078 2084 advexerim,
1097 2040 1323 2076 hordeunme

277 2104 441 2138 vendam
453 2103 473 2138 P
490 2099 783 2152 philosophiam
796 2099 956 2150 majoris
974 2099 1090 2150 pretii
1108 2111 1222 2149 quam
1242 2098 1321 2135 elo·

278 2159 475 2210 quentiam
502 2172 586 2198 esse
607 2159 846 2208 significans.
873 2161 1072 2196 Postremo
1093 2157 1186 2195 licet
1212 2156 1322 2205 vulgi

279 2218 327 2256 de
351 2218 487 2256 divina
507 2226 644 2256 natura
671 2218 877 2268 opiniones
911 2217 1178 2255 contemsisset
1210 2224 1324 2266 atque

279 2279 531 2328 exagitasset,
551 2286 679 2315 tamen
697 2276 835 2315 morbo
853 2277 1013 2315 affectus
1026 2305 1037 2326 ,
1054 2289 1132 2327 quo
1152 2284 1324 2326 tempore

279 2337 462 2375 Chalcide
481 2335 724 2383 versabatur,
744 2335 792 2374 ad
814 2335 955 2373 anilem
974 2333 1172 2372 descendit
1191 2345 1325 2383 super-

280 2396 473 2434 stitionem
488 2424 498 2444 ,
536 2407 606 2432 nec
642 2394 705 2432 vel
745 2394 912 2432 amuleta
940 2393 1003 2431 vel
1039 2392 1116 2430 alia
1149 2391 1321 2440 defugit,

280 2454 423 2505 quibus
442 2454 602 2492 deorum
629 2454 725 2491 iram
755 2453 939 2504 placaret.
968 2453 1190 2501 Antigonus
1211 2463 1256 2487 ea
1275 2449 1323 2487 de

281 2527 321 2551 re
352 2515 494 2551 certior
526 2512 646 2550 factus
675 2524 810 2550 servos
837 2511 884 2549 ad
914 2522 1106 2549 summum
1127 2508 1325 2560 sapientiae

282 2637 380 2677 ἀρχὴν
398 2636 452 2677 μὲν
470 2637 637 2676 παρῃτεῖτο
652 2635 691 2666 τὰ
710 2633 926 2674 Ἀκαδημαϊκά
938 2656 947 2672 ,
961 2633 1031 2665 καθ’
1042 2633 1077 2665 ὃν
1103 2631 1212 2673 χρόνον
1231 2632 1326 2670 ἤκουε

284 2683 459 2724 Κράτητος·
475 2682 529 2713 εἶτ’
544 2681 681 2713 ἀνείλετο
698 2682 753 2719 τὴν
766 2681 901 2719 Κυνικὴν
916 2680 1054 2720 ἀγωγήν,
1073 2679 1178 2711 λαὸὼν
1190 2678 1326 2720 τρίῧωνα

282 2731 335 2761 καὶ
350 2730 463 2770 πήραν.
478 2746 516 2751 -
535 2727 580 2767 (9)
602 2730 647 2760 De
668 2727 719 2759 his
747 2727 923 2767 insignibus
947 2726 1082 2767 propriis
1100 2725 1196 2758 etiam
1215 2725 1324 2765 sophi-

282 2781 405 2809 starum
421 2776 486 2807 vid.
502 2775 643 2808 wolfius
656 2775 694 2807 ad
710 2775 823 2807 Lihau.
838 2774 938 2815 Soph.
953 2776 1011 2813 Ep.
1025 2774 1134 2805 CXCV
1146 2773 1178 2805 et
1190 2772 1325 2805 crezoll.

282 2824 412 2855 Theatr.
427 2821 525 2861 soph.
540 2829 569 2861 p.
582 2822 655 2852 304.
668 2838 711 2843 —
724 2820 789 2860 (10)
806 2821 962 2859 Diogenes
976 2817 1180 2850 Laertiuslib.
1191 2818 1247 2856 IV,
1262 2820 1299 2848 52
1315 2825 1324 2844 ι

282 2871 336 2902 καὶ
354 2869 383 2901 τί
397 2869 456 2910 γὰρ
469 2869 543 2900 ἄλλο
557 2868 782 2907 μετεσκεύασεν
792 2867 884 2898 αὐτὸν
897 2866 973 2907 πρὸς
987 2864 1157 2904 ἀπάθειαν;
1171 2865 1237 2904 (11)
1253 2864 1327 2896 Dio·

283 2925 377 2956 genes
387 2915 530 2948 Laertius
549 2914 602 2946 lib.
617 2916 673 2952 lv,
688 2917 727 2945 52
741 2926 749 2944 ι
763 2914 869 2945 ἔπειτα
882 2913 931 2944 ἐπὶ
943 2912 982 2943 τὰ
997 2912 1172 2952 Θεοδώρεια
1186 2911 1326 2951 μετῆλθε,

283 2964 450 2999 διακούσας
469 2962 633 3002 Θεοδώρου
651 2963 706 2992 τοῦ
725 2959 829 2991 Ἀθέου
842 2982 851 2997 ,
864 2959 946 2990 κατὰ
958 2961 1019 2990 πᾶν
1033 2958 1112 2995 εἶδος
1128 2958 1327 3000 σοφιστεύον-

282 3022 346 3047 τος.
360 3010 398 3042 Id
416 3010 469 3042 lib.
484 3010 544 3048 IV,
562 3010 600 3040 54
613 3021 622 3039 ι
640 3007 738 3039 πολλὰ
751 3006 783 3038 δὲ
797 3007 850 3038 καὶ
867 3006 1034 3046 ἀθεώτερον
1046 3006 1251 3046 προσεφέρετο
1263 3007 1327 3041 τοῖς

284 3059 426 3099 ὁμιλοῦσι
437 3079 447 3095 ,
460 3059 551 3088 τοῦτο
569 3054 757 3094 Θεοδώρειον
776 3053 968 3089 ἀπολαύσας,
990 3052 1170 3091 Hesychius
1187 3052 1327 3085 Milesius

284 3112 356 3145 pag.
373 3105 407 3135 14
425 3103 477 3134 ed.
495 3101 607 3133 Orell.:
623 3100 706 3132 Βίων
722 3100 739 3130 ὁ
750 3098 970 3140 Βορυσθενίτης
982 3098 1066 3138 ἔλεγε
1077 3099 1119 3137 μὴ
1134 3098 1212 3130 εἶναι
1225 3099 1325 3138 θεούς,

284 3151 332 3182 διὸ
347 3150 400 3181 καί
413 3150 496 3181 ἐστιν
513 3149 555 3184 εἰς
575 3147 669 3179 αὐτὸν
687 3145 884 3187 ἐπίγραμμα·
901 3145 1006 3177 Βίωνα
1020 3146 1073 3176 τὸν
1093 3144 1326 3186 Βορυσθενίτην,

285 3197 319 3228 ὃν
335 3196 420 3238 {eud
435 3197 455 3233 ἡ
472 3195 580 3230 Σκυθὶς
598 3193 655 3225 αἶα
665 3215 675 3232 ,
692 3192 802 3228 Λέγειν
817 3191 970 3230 ἀκούομεν
985 3190 1081 3230 θεούς,
1094 3192 1135 3226 ὡς
1149 3191 1236 3222 οὐδέν
1248 3192 1327 3223 εἰσιν

287 3244 382 3280 ὄντως
405 3243 472 3274 κτλ.
490 3258 530 3265 -·
550 3240 614 3280 (12)
639 3239 796 3279 Diogenes
810 3237 956 3270 Laertius
978 3236 1035 3268 lib.
1053 3238 1109 3277 lv,
1126 3240 1163 3267 52
1181 3246 1189 3267 :
1211 3236 1274 3278 μεθ’
1292 3237 1327 3268 ὃν

286 3290 486 3331 Θεοφράστου
509 3289 655 3326 διήκουσε
673 3288 729 3317 τοῦ
749 3286 1012 3325 Περιπατητικοῦ.
1029 3300 1071 3306 -—
1088 3283 1152 3323 (13)
1169 3283 1212 3315 cf.
1230 3283 1327 3323 Lipsii

287 3339 383 3376 oper.
401 3336 468 3368 vol.
488 3337 549 3374 lv,
574 3342 606 3373 p.
621 3335 695 3365 647.
710 3348 753 3355 —-
767 3330 834 3371 (14)
853 3330 1011 3370 Diogenes
1028 3329 1173 3362 Laertius
1192 3329 1245 3362 lib.
1263 3332 1321 3370 IV,

291 3386 330 3415 53
352 3392 360 3414 ι
378 3383 466 3414 πόλιν
483 3383 519 3413 ἐκ
533 3381 651 3416 πόλεως
680 3379 818 3418 ἤμειὸεν.
844 3395 884 3401 —-
908 3375 976 3417 (15)
1003 3376 1163 3416 Diogenes
1184 3377 1327 3409 Laertius

288 3427 342 3460 lib.
357 3430 416 3468 lv,
433 3430 491 3460 49:
509 3427 540 3458 ἐν
557 3427 657 3467 Ῥόδῳ
669 3426 708 3456 τὰ
722 3424 868 3466 ῥητορικὰ
881 3423 1091 3455 διασκούντων
1105 3422 1269 3459 Ἀθηναίων
1283 3422 1323 3453 τὰ

289 3474 534 3516 φιλοσοφούμενα
557 3472 711 3505 ἐδίδασκε.
746 3472 828 3512 Πρὸς
858 3470 912 3503 οὖν
936 3470 990 3502 τὸν
1019 3469 1237 3510 αἰτιασάμενον
1257 3470 1325 3510 ἔφη·

944 245 1354 286 CYRENAICORUM
1389 246 1725 290 FRAGMENTA.

1373 331 1570 374 doctorem
1600 337 1706 375 misit
1727 338 1886 388 ipseque
1910 350 2001 375 mox
2021 337 2060 375 in
2090 338 2183 376 sella
2205 339 2413 388 gestatoria

1373 403 1525 434 secutus
1541 404 1622 446 est,
1638 409 1782 446 aegrum
1804 409 1932 434 secum
1951 396 1991 434 in
2013 396 2274 436 Macedoniam
2291 397 2413 436 abdu-

1373 461 1522 494 cturus.
1537 456 1587 493 At
1605 455 1898 506 ingravescente
1918 455 2058 493 morbo
2073 468 2229 507 operam
2245 456 2415 509 perdidit

1372 524 1455 552 rex.
1490 513 1670 557 Maximis
1698 515 1801 553 enim
1833 514 2038 553 doloribus
2076 515 2268 555 cruciatus
2300 515 2414 555 brevi

1374 572 1478 623 apud
1496 571 1768 612 Chalcidenses
1785 573 1885 611 Bion
1906 574 2072 612 animam
2093 573 2237 613 efflavit
2254 572 2347 627 (16).

1427 630 1548 670 Venio
1572 646 1675 670 nunc
1691 632 1738 671 ad
1758 632 2044 683 Borysthenitae
2065 645 2216 681 mores,
2238 633 2413 683 decreta,

1375 688 1519 740 scripta
1534 699 1571 728 et
1591 690 1813 741 fragmenta.
1825 691 1959 731 Fuisse
1973 691 2133 730 Bionem
2153 691 2416 744 sophistarum

1375 747 1542 785 similem
1573 749 1705 788 multis
1737 758 1911 788 veterum
1954 763 2180 802 persuasum
2209 757 2311 798 erat,
2347 749 2417 801 qui

1375 804 1526 844 idcirco
1545 820 1632 846 eum
1651 808 1864 860 sophistam
1883 818 2086 848 vocarunt.
2108 809 2191 847 Huc
2219 808 2416 860 pertinent

1376 879 1463 903 cum
1482 867 1550 905 alii
1572 869 1821 918 antiquorum
1838 867 1941 915 loci,
1962 869 2071 907 velut
2087 867 2287 907 Plutarchi
2315 866 2414 919 (17),

1375 924 1518 964 Stobaei
1543 926 1638 978 (18),
1663 927 1928 978 Aci-onis(19)
1959 927 2009 965 ad
2037 927 2188 966 Horatii
2207 926 2330 979 Epist;
2357 926 2414 975 11,

1377 997 1416 1031 2,
1443 985 1531 1032 160,
1551 993 1631 1023 tum
1652 985 1833 1037 inprimis
1866 985 2051 1034 Diogenis
2067 985 2213 1024 Laertii
2242 987 2418 1025 testimo-

1378 1043 1484 1081 nium
1517 1043 1609 1096 (20).
1641 1045 1677 1083 is
1706 1044 1866 1082 Bionem
1900 1043 2015 1082 simul
2044 1043 2241 1083 versatilis
2271 1045 2419 1096 ingenii

1379 1101 1574 1141 hominem
1607 1112 1644 1142 et
1674 1103 1886 1155 sophistam
1916 1102 2099 1141 callidum
2134 1103 2276 1151 fuisse,
2303 1104 2419 1147 simul

1378 1162 1570 1212 plurimas
1589 1163 1878 1214 philosophiam
1907 1162 2090 1201 vellicare
2116 1162 2339 1202 volentibus
2357 1177 2422 1202 oc·

1380 1221 1554 1260 casiones
1585 1220 1802 1273 praebuisse
1837 1222 1902 1261 ait.
1931 1222 2049 1260 Addit
2082 1234 2170 1260 eum
2203 1222 2422 1261 comitatem

1382 1294 1467 1318 cum
1500 1281 1707 1320 severitate
1738 1289 1776 1319 et
1797 1280 2020 1330 arrogantia
2052 1279 2316 1331 conjunxisse.
2338 1280 2424 1319 Huc

1381 1339 1529 1377 accedit
1562 1340 1666 1390 quod
1709 1341 1910 1391 ingenium
1946 1348 1983 1377 et
2017 1339 2278 1390 eloquentiam
2315 1353 2424 1379 suam

1381 1406 1574 1436 ostentare
1593 1399 1795 1450 risumque
1815 1397 2066 1437 audientibus
2081 1398 2250 1437 excitare
2265 1412 2426 1438 consue·

1380 1464 1511 1503 verat,
1533 1457 1747 1507 praesertim
1769 1471 1889 1508 quum
1916 1457 2177 1496 insolentibus
2197 1457 2426 1497 nominibus

1382 1528 1445 1554 res
1465 1515 1679 1566 appellaret
1701 1515 1793 1568 (21).
1813 1516 1888 1555 Sed
1917 1516 2102 1567 quoniam
2124 1530 2197 1568 pro
2218 1529 2426 1567 argumen-

1383 1639 1503 1681 Πυροὺς
1523 1639 1657 1681 ἐκόμισα
1676 1639 1729 1671 καὶ
1748 1639 1854 1682 κριθὰς
1872 1640 1988 1680 mim
2007 1657 2047 1665 —
2062 1639 2128 1682 (16)
2153 1638 2312 1681 Diogenes
2327 1639 2426 1673 Laer-

1384 1686 1450 1719 tius
1468 1687 1522 1719 lib.
1541 1689 1601 1728 lv,
1625 1690 1664 1719 54
1684 1688 1760 1719 :mi
1778 1687 1905 1728 ὕστερόν
1929 1698 2005 1720 ποτε
2030 1687 2177 1728 ἐμπεσὼν
2195 1688 2238 1725 εἰς
2255 1688 2360 1728 νόσον,
2383 1690 2427 1727 ὡς

1382 1733 1517 1772 ἔφασκον
1530 1735 1558 1766 οἱ
1573 1734 1604 1765 ἐν
1618 1733 1749 1766 Χαλκίδι
1767 1733 1885 1774 (αὐτόθι
1907 1734 1967 1776 γὰρ
1988 1735 2042 1766 καὶ
2058 1735 2260 1776 κατέστρεψε)
2272 1735 2428 1778 περίαπτα

1382 1781 1487 1812 λαὸεῖν
1501 1780 1648 1820 ἐπείσθη,
1665 1782 1718 1813 καὶ
1737 1781 1980 1821 μεταγινώσκειν
2004 1781 2051 1823 ἐφ’
2073 1781 2119 1818 οἷς
2144 1781 2380 1823 ἐπλημμέλησεν
2397 1783 2428 1820 ἐς

1381 1827 1418 1858 τὸ
1436 1828 1526 1858 θεῖον.
1545 1826 1673 1868 Ἀπορίᾳ
1687 1827 1719 1859 δὲ
1737 1828 1791 1858 καὶ
1804 1830 1867 1858 τῶν
1881 1827 2138 1868 νοσοκομούντων
2150 1827 2256 1866 δεινῶς
2267 1827 2427 1871 διετίθετο,

1383 1874 1440 1909 ἕως
1464 1873 1634 1914 Ἀντίγονος
1659 1875 1745 1915 αὐτῷ
1776 1874 1831 1906 δύο
1858 1873 2042 1915 θεράποντας
2069 1874 2244 1908 ἀπέστειλε.
2267 1877 2329 1908 Καὶ
2348 1876 2428 1915 ἠκο-

1382 1921 1482 1952 λούθει
1501 1932 1538 1960 γε
1556 1922 1641 1962 αὗτῳ
1661 1921 1692 1953 ἐν
1708 1921 1837 1964 φορείῳ,
1861 1920 1942 1953 καθά
1959 1932 2034 1962 φησι
2052 1921 2234 1964 Φαὸωρῖνος
2255 1922 2288 1955 ἐν
2310 1934 2429 1957 παντο·

1382 1967 1466 2009 δαπῇ
1491 1968 1623 2010 ἱστορίᾳ.
1650 1967 1742 2000 Ἀλλὰ
1763 1969 1816 2000 καὶ
1837 1968 1879 2004 ὣς
1903 1969 2109 2011 κατέστρεψε,
2134 1970 2189 2002 καὶ
2221 1971 2311 2009 ἡμεῖς
2335 1971 2430 2004 αὐτὸν

1384 2016 1482 2052 οὕτως
1504 2016 1712 2058 ᾐτιασάμεθα·
1742 2016 1848 2048 Βίωνα
1879 2015 1932 2048 τὸν
1965 2016 2200 2058 Βορυσθενίτην,
2231 2017 2267 2049 ὃν
2297 2017 2386 2058 leuc*
2407 2021 2428 2058 ἡ

1385 2064 1494 2099 Σκυθὶς
1519 2063 1594 2101 αἶα,
1612 2064 1722 2103 Λέγειν
1749 2063 1903 2104 ἀκούομεν
1926 2063 2028 2103 θεούς,
2044 2065 2086 2101 ὡς
2111 2064 2199 2097 οὐδέν
2218 2066 2296 2098 εἰσιν
2317 2065 2428 2104 ὄντως.

1384 2108 1422 2141 K'
1437 2110 1463 2141 εἰ
1478 2110 1532 2149 μὲν
1547 2110 1581 2141 τὸ
1597 2109 1701 2151 δόγμα
1719 2109 1803 2142 τοῦτ’
1817 2110 1899 2151 ἔχων
1915 2110 2053 2151 ἔμιμνεν,
2079 2109 2117 2149 ἦν
2138 2111 2176 2143 ἂν
2200 2111 2283 2149 εἰκὸς
2305 2113 2428 2154 Λέγειν,

1385 2160 1501 2198 φρονεῖν
1526 2157 1611 2193 ὅπως
1635 2158 1737 2189 δοκεῖ·
1755 2160 1861 2192 κακῶς
1882 2157 1949 2196 μέν,
1973 2157 2042 2188 ἀλλ’
2056 2157 2151 2194 ἔδοξε.
2169 2160 2235 2191 Νῦν
2253 2157 2280 2191 δ’
2292 2159 2323 2196 ἐς
2336 2160 2430 2192 νόσον

1385 2203 1489 2234 πεσὼν
1521 2201 1651 2243 μακράν,
1681 2203 1734 2234 καὶ
1761 2203 1803 2243 μή
1829 2202 1903 2244 θάνῃ
1923 2203 2068 2241 δεδοικώς
2078 2227 2088 2244 ,
2105 2204 2144 2236 Ὁ
2173 2205 2216 2245 μὴ
2234 2205 2322 2242 θεοὺς
2349 2205 2430 2239 εἶναι

1383 2250 1493 2288 λέγων,
1521 2250 1538 2280 ὁ
1560 2249 1632 2287 νηὸν
1657 2249 1728 2281 οὐδὲ
1759 2250 1894 2289 βλέψας,
1907 2249 1946 2282 ‘0
1975 2250 2075 2282 πολλὰ
2096 2250 2253 2292 χλευάσας
2281 2252 2430 2294 βροτοὺς,

1385 2297 1472 2338 οἵπερ
1500 2297 1578 2332 θεοῖς
1612 2296 1713 2332 ἔθυον.
1740 2296 1788 2328 Οὐ
1814 2296 1907 2337 μόνον
1943 2296 2078 2338 ἐσχάρης
2116 2298 2211 2340 ὕπερ,
2243 2300 2360 2340 βωμῶν
2394 2311 2430 2334 τε

1384 2345 1437 2375 καὶ
1467 2343 1638 2384 τράπέζης,
1662 2342 1802 2383 Κνίσσῃ,
1826 2343 1925 2382 λίπει,
1943 2343 2079 2384 θυήμασι
2096 2344 2173 2376 θεῶν
2197 2345 2302 2378 ἔδαισε
2331 2347 2429 2388 pirae·

1382 2390 1457 2423 Οὐδ’
1476 2389 1542 2421 εἷπε
1562 2392 1687 2430 μοῦνον,
1700 2389 1817 2429 ἤλιτον,
1835 2389 1994 2430 σύγγνωτε
2010 2393 2076 2426 τοῖς
2089 2390 2175 2432 πρίν,
2188 2389 2266 2423 ἀλλὰ
2283 2392 2342 2424 Καὶ
2358 2393 2431 2434 γραῒ

1385 2438 1482 2469 δῶκεν
1498 2436 1638 2477 εὐμαρῶς
1653 2435 1805 2477 τράχηλον
1829 2437 1872 2473 εἰς
1891 2436 2024 2477 ἐπῳδήν,
2038 2437 2092 2467 καὶ
2105 2436 2248 2469 σκυτίσιν
2262 2437 2430 2480 βραχίονας

1384 2484 1596 2524 πεπεισμένως
1614 2482 1719 2520 ἔδησε,
1737 2481 1870 2523 Ῥάμνον
1881 2493 1914 2514 τε
1926 2483 1980 2514 καὶ
1996 2483 2108 2515 κλάδον
2121 2483 2233 2524 δάφνης
2248 2484 2325 2526 ὑπὲρ
2337 2485 2430 2527 θύρην

1386 2531 1504 2569 ἔθηκεν,
1515 2530 1655 2562 Ἅπαντα
1670 2529 1786 2570 μᾶλλον
1797 2530 1816 2567 ἢ
1830 2530 1932 2562 θανεῖν
1943 2530 2063 2570 ἕτοιμος
2074 2530 2118 2561 ὢν
2131 2531 2305 2572 ὑπουργεῖν.
2316 2532 2431 2574 Μωρὸς

1385 2577 1424 2618 δ’,
1445 2577 1477 2614 ὃς
1490 2577 1596 2615 ἤθελέν
1607 2586 1688 2612 τινος
1703 2576 1815 2615 μισθοῦ
1832 2576 1867 2607 τὸ
1882 2577 1961 2607 θεῖον
1974 2576 2053 2607 εἶναι
2062 2600 2072 2615 ,
2083 2576 2138 2612 Ὣς
2153 2579 2216 2608 τῶν
2228 2577 2306 2609 θεῶν
2317 2576 2429 2619 ὄντων,

1385 2625 1460 2656 ὅταν
1477 2623 1559 2656 Βίων
1578 2623 1648 2664 θέλῃ
1663 2622 1808 2663 νομίζειν.
1823 2622 1942 2663 Τοιγὰρ
1958 2622 2057 2668 μάτην
2073 2623 2213 2664 ἶφρονῶν,
2233 2623 2282 2655 ὅτ’
2293 2623 2332 2663 ἧν
2344 2623 2430 2663 ἅπας

1386 2673 1404 2704 ὁ
1421 2671 1531 2713 λέμὸος
1553 2670 1684 2710 ἄνθραξ,
1703 2670 1768 2707 Τήν
1785 2673 1875 2710 χεῖρα
1893 2669 1993 2706 τείνας
2010 2670 2070 2702 ὧδέ
2094 2682 2161 2707 πως
2182 2693 2193 2709 ,
2216 2670 2320 2712 Χαῖρ’,
2342 2672 2428 2710 εἶπε,

1386 2723 1486 2762 χαῖρε,
1499 2719 1647 2750 Πλουτεῦ.
1659 2717 1773 2757 -(17)
1782 2716 1975 2749 Plutarchus
1982 2718 2204 2757 Amatomap.
2218 2719 2254 2750 24
2267 2740 2277 2758 ,
2293 2718 2355 2752 vol.
2366 2721 2431 2752 ΧΠ

1387 2775 1458 2807 pag.
1476 2767 1515 2797 64
1528 2765 1578 2797 ed.
1598 2764 1745 2796 Hutten.:
1765 2764 1783 2795 ὁ
1796 2764 1942 2803 σοφιστὴς
1957 2763 2040 2795 Βίων
2056 2764 2110 2801 τὰς
2126 2767 2188 2796 τῶν
2203 2765 2308 2796 καλῶν
2319 2765 2430 2808 τρίχας

1386 2812 1560 2854 Ἁρμοδίους
1578 2811 1679 2843 ἐκάλει
1699 2811 1752 2842 καὶ
1778 2809 2056 2851 Ἀριστογείτονας,
2072 2812 2116 2847 ὡς
2141 2810 2208 2851 ἅμα
2226 2813 2272 2851 τῷ
2295 2815 2430 2852 καρῆναι

1387 2862 1484 2899 καλῆς
1497 2859 1671 2900 τυραννίδος
1685 2858 1972 2898 ἀπαλλαττομένους
1985 2857 2089 2889 αὐτῶν
2108 2858 2180 2894 τοὺς
2197 2858 2336 2899 ἐραστάς.
2351 2859 2429 2892 vid.

1388 2909 1499 2948 fragm.
1521 2910 1572 2939 15.
1589 2925 1629 2933 —
1644 2905 1710 2946 (18)
1731 2904 1878 2937 Stobaeus
1893 2904 1976 2937 Flor.
1993 2906 2034 2945 x,
2058 2907 2097 2937 38
2118 2918 2125 2936 2
2144 2904 2226 2937 Βίων
2246 2906 2264 2937 ὁ
2281 2908 2430 2948 σοφιστὴς

1386 2956 1442 2993 τὴν
1467 2953 1664 2996 φιλαργυρίαν
1682 2951 1869 2993 μητρόπολιν
1892 2951 1975 2991 ἔλεγε
1996 2951 2099 2989 πάσης
2115 2950 2226 2988 κακίας
2245 2951 2336 2984 εἶναι.
2351 2952 2428 2986 vid.

1388 3001 1503 3041 fragm.
1519 3003 1550 3032 4.
1565 3017 1605 3024 —-
1622 3000 1690 3039 (19)
1705 3001 1787 3031 Acro
1803 3000 1842 3029 ad
1858 2999 1972 3030 Horat.
1988 2998 2086 3039 Epist.
2100 2997 2155 3030 lib.
2175 2998 2220 3039 11,
2237 3001 2269 3039 2,
2285 3002 2348 3040 60,
2365 3000 2430 3041 ille

1387 3054 1523 3084 Bioneis
1537 3050 1750 3084 sermonibus
1762 3052 1795 3082 et
1807 3050 1880 3082 sale
1896 3052 1995 3090 niqro
2011 3050 2079 3082 liaec
2090 3049 2256 3082 annotavit
2269 3062 2277 3083 ι
2288 3050 2428 3092 Bioneis,

1387 3099 1549 3139 satyricis,
1560 3098 1680 3139 lividis,
1691 3098 1819 3138 amaris,
1833 3097 1974 3129 carmine
1987 3097 2154 3130 maledico.
2169 3096 2247 3130 Bion
2261 3098 2430 3131 autemm-

1388 3146 1512 3186 phistes
1530 3145 1795 3187 cognominatus,
1815 3143 2065 3176 mordacissimis
2090 3144 2238 3176 versibus
2266 3145 2315 3177 est
2331 3153 2428 3187 usus,

1386 3192 1503 3233 quibus
1511 3193 1554 3225 ita
1561 3201 1672 3225 omues
1682 3191 1885 3231 laceravit‚ut
1893 3199 1933 3223 ne
1943 3192 2082 3223 Homero
2091 3191 2220 3232 quidem
2230 3193 2428 3232 parceret.—

1388 3239 1454 3280 (20)
1467 3240 1623 3280 Diogenes
1633 3238 1777 3271 Laertius
1786 3237 1840 3269 lib.
1859 3239 1916 3278 lv,
1927 3239 1986 3270 47:
2004 3237 2058 3269 καὶ
2072 3237 2111 3276 ἦν
2125 3239 2167 3274 ὡς
2180 3237 2299 3276 ἀληθῶς
2310 3239 2328 3270 ὁ
2343 3238 2426 3270 Βίων

1386 3287 1425 3318 τὰ
1445 3286 1500 3327 μὲν
1517 3287 1595 3318 ἄλλα
1608 3286 1799 3327 πολύτροπος
1814 3284 1868 3315 καὶ
1885 3284 2032 3324 σοφιστὴς
2047 3283 2203 3322 ποικίλος,
2215 3284 2268 3315 καὶ
2280 3284 2426 3321 πλείστας

1387 3333 1526 3374 ἀφορμὰς
1539 3333 1682 3369 δεδωκὼς
1691 3335 1755 3369 τοῖς
1767 3331 1964 3373 βουλομένοις
1976 3331 2220 3368 καθιππάζεσθαι
2233 3330 2423 3371 φιλοσοφίας.

1386 3377 1441 3410 Ἐν
1457 3389 1520 3410 τισι
1529 3379 1561 3410 δὲ
1576 3379 1628 3410 καὶ
1644 3377 1814 3419 πομπικὸς,
1827 3377 1880 3408 καὶ
1896 3377 2072 3409 ἀπολαῦσαι
2081 3376 2176 3415 τύφου
2190 3375 2367 3417 δυνάμενος.
2381 3394 2423 3403 -

1390 3425 1455 3463 (21)
1475 3425 1629 3464 Diogenes
1642 3424 1787 3456 Laertius
1804 3423 1857 3455 lib.
1872 3424 1929 3461 IV,
1945 3427 1984 3454 52
1997 3431 2004 3450 ἕ
2020 3422 2058 3461 ἢν
2070 3422 2102 3454 δὲ
2115 3423 2168 3453 καὶ
2183 3422 2356 3462 θεατρικός,
2368 3422 2423 3455 καὶ

1387 3470 1480 3506 πολὺς
1495 3470 1527 3502 ἐν
1543 3473 1588 3511 τῷ
1604 3470 1716 3511 γελοίῳ
1730 3471 1913 3511 διαφορῆσαι
1924 3492 1934 3510 ,
1947 3473 2099 3511 φορτικοῖς
2118 3467 2250 3509 ὀνόμασι
2266 3469 2347 3512 κατὰ
2360 3472 2424 3501 τῶν
