2606 3828
325 240 400 277 ⁸228
1031 233 1286 272 CHALClDll
1319 231 1736 272 COMMENTARIUS

323 327 482 364 ctionem,
504 328 607 357 vocat.
640 326 708 357 llac
733 324 815 356 enim
832 322 1035 361 obveniente,
1057 320 1165 360 silvae,
1187 328 1260 361 quoe
1276 320 1352 352 olim

324 383 446 415 fuerant
481 383 512 415 in
545 383 611 415 sola
649 382 871 424 possibilitate,
904 379 1090 421 perveniunt
1123 378 1163 410 ad
1188 378 1350 411 effectum.

323 444 400 475 ltcm
419 441 503 482 quod
516 442 608 481 vivit,
622 441 735 482 duplex
753 441 818 479 est,
837 439 941 470 anima
957 439 987 470 et
1003 445 1138 478 corpus,
1158 436 1290 477 opinor;
1303 438 1350 476 ut,

320 506 394 540 qum
414 499 591 540 discuntur,
618 499 741 531 duabus
769 498 862 530 rebus
887 496 1050 528 discuntur
1081 504 1089 525 :
1113 494 1274 526 sociantur
1298 493 1353 526 do-

320 557 438 599 ctrina,
454 558 486 591 et
503 559 622 597 anima,
638 557 691 589 sed
712 557 796 597 prius
807 554 950 587 doctrina
963 578 971 594 ,
989 562 1051 595 qua
1071 553 1141 594 ipsa
1157 553 1264 585 anima
1281 562 1349 585 eru-

319 616 415 650 ditur.
459 618 540 649 Item
569 615 648 647 salvi
674 623 785 647 sumus
813 614 933 652 salute,
953 613 985 644 et
1011 620 1162 652 corpore3
1182 611 1238 643 sed
1263 611 1351 652 prius

319 674 440 714 salute,
461 682 517 715 per
545 682 641 715 quam
664 681 777 713 corpus
809 671 967 703 incolume
986 671 1044 703 est.
1087 669 1138 702 Sic
1155 669 1251 701 etiam
1272 669 1351 701 vivi·

318 741 392 764 mus
410 731 494 773 prius
510 717 745 771 animasquam
762 737 893 769 corpore
914 741 922 760 :
946 727 1104 768 siquidem
1123 727 1189 759 vita
1207 727 1352 768 corporis

316 789 348 822 in
375 790 480 822 anima
506 789 605 821 locata
631 791 697 829 est,
721 789 950 829 proptereaque
978 786 1083 819 anima
1102 785 1279 819 entelecbia
1301 789 1351 818 est

316 849 468 889 corporis.
512 847 668 887 Quodque
682 855 814 886 corpora
828 845 939 886 partim
953 844 1102 877 dicuntur
1114 843 1349 885 mathematica,

316 908 351 939 ut
363 907 485 946 sphaera
497 928 507 945 ,
524 908 556 938 et
571 905 690 946 cubus;
714 904 827 946 partim
850 904 1038 945 artificiosa,
1054 906 1089 936 ut
1103 904 1193 936 navis
1204 928 1215 943 ,
1234 905 1266 936 et
1281 904 1347 935 sta-

315 967 369 997 tua
389 977 398 997 :
423 964 569 1005 pleraque
590 964 760 1004 naturalia,
780 972 853 1005 quoe
881 965 988 996 motus
1011 964 1165 1003 originem
1187 963 1270 994 intra
1296 962 1348 994 lia-

315 1024 401 1063 bent,
419 1023 486 1055 vita
512 1022 658 1055 videlicet
681 1023 803 1054 utentia
826 1035 834 1055 ε
857 1021 1040 1055 Naturalis
1067 1024 1174 1054 anima
1197 1022 1350 1062 corporis

312 1081 486 1115 entelecliia
509 1082 551 1115 sit
568 1090 696 1114 necesse
722 1083 782 1114 est.
827 1081 987 1122 Competit
1011 1080 1108 1114 etiam
1127 1080 1189 1112 alia
1215 1079 1346 1112 divisio.

311 1143 391 1174 Nam
410 1149 580 1182 corporum
598 1140 745 1181 quoedam
763 1139 918 1180 simplicia
929 1163 939 1180 ,
954 1141 989 1171 ut
1003 1139 1159 1171 elementa
1171 1162 1180 1179 ‚
1200 1138 1347 1179 quaedam

311 1199 487 1240 composita
498 1223 508 1239 ,
519 1200 555 1231 ut
569 1207 641 1242 quzp
653 1207 691 1231 ex
703 1197 904 1239 simplicibus
919 1198 1193 1238 coagmentantur.
1213 1197 1350 1237 Compo-

311 1258 443 1291 sitorum
455 1258 568 1300 partim
583 1257 728 1298 organica
737 1254 975 1298 nuncupantur,
988 1256 1103 1297 partim
1118 1256 1186 1288 sine
1199 1255 1327 1287 nomine
1338 1279 1348 1295 ‚

311 1319 348 1349 ut
362 1325 490 1357 aurum,
506 1325 562 1356 ωε,
578 1324 711 1357 gemmae
729 1317 761 1348 et
786 1316 901 1347 caetera
920 1313 1075 1346 immobili
1090 1315 1204 1346 natura
1218 1313 1349 1346 minime

311 1374 468 1415 organica.
512 1374 704 1407 animalium
724 1381 800 1406 vero
813 1396 823 1413 ,
849 1374 880 1405 et
896 1372 1057 1413 stirpium,
1075 1375 1107 1404 ct
1122 1371 1255 1403 omnino
1269 1380 1350 1413 qua-

312 1433 519 1473 liumcunque
536 1433 602 1464 vita
621 1432 798 1472 utentium,
817 1431 965 1472 organica
984 1431 1079 1471 sunt,
1094 1430 1213 1471 quippe
1232 1430 1348 1462 modu-

309 1490 392 1530 lata,
417 1492 450 1524 et
469 1490 586 1522 liabent
605 1489 819 1522 membrorum
833 1514 842 1530 ,
860 1498 914 1530 per
932 1498 1003 1530 quae
1019 1490 1113 1529 agant
1129 1488 1247 1529 aliquid
1259 1512 1269 1529 ,
1293 1491 1349 1520 aut

310 1549 485 1591 patiantur,
503 1549 775 1590 opportunitatem
796 1557 805 1580 :
826 1551 862 1581 ut
879 1548 919 1581 ad
941 1547 1116 1580 sumendos
1133 1547 1221 1580 cibos
1232 1571 1242 1588 ,
1257 1549 1290 1580 et
1307 1546 1349 1579 ad

309 1607 519 1649 generandam
545 1607 681 1648 prolem,
708 1607 792 1648 paris
820 1606 1027 1647 ejusdemque
1051 1608 1192 1645 naturae,
1216 1607 1285 1639 tum
1306 1605 1345 1638 ad

310 1666 512 1699 sentiendum
533 1668 565 1699 et
581 1666 802 1698 translativum
818 1675 856 1698 ex
879 1666 947 1697 loco
964 1665 1003 1697 ad
1027 1666 1133 1697 locum
1154 1669 1289 1704 motuni,
1311 1667 1349 1697 ut

309 1725 423 1757 cuncta
440 1724 636 1765 gradientia,
654 1726 723 1756 tum
745 1723 786 1756 ad
808 1723 989 1756 faciendum
1012 1723 1168 1764 impetum
1184 1723 1276 1763 juxta
1292 1722 1347 1754 de·

310 1782 446 1823 sideria,
461 1783 493 1816 et
508 1782 667 1824 appetitus
681 1807 691 1824 ‚
706 1786 741 1815 ut
759 1782 907 1814 animalia
923 1790 995 1823 quae
1014 1783 1088 1814 sunt
1105 1781 1255 1813 firmiora.
1299 1783 1347 1812 Ex

310 1841 427 1883 quibus
446 1841 607 1874 concludit
628 1841 811 1874 Aristoteles
825 1841 1014 1883 ἐντελέχειαν
1036 1842 1174 1872 animam
1191 1848 1261 1873 esse
1277 1848 1348 1872 cor-

308 1902 404 1942 poris
427 1901 604 1934 naturalis
631 1902 797 1942 orqanici.
839 1900 918 1933 Tale
936 1908 1030 1941 porro
1046 1901 1112 1939 est,
1127 1899 1213 1940 quod
1232 1908 1349 1941 corpus

308 1961 450 2002 recipere
470 1962 596 2001 oportet
612 1973 622 1993 ι
639 1964 672 1994 et
687 1963 736 1994 est
748 1985 758 2001 ,
773 1961 886 2002 inquit.
929 1962 1010 1993 Nam
1026 1963 1099 1992 sunt
1116 1960 1263 2001 quaedam
1281 1960 1348 1992 sola

311 2018 518 2062 possibilitate
534 2019 700 2056 animalia,
719 2020 754 2051 ut
767 2027 827 2051 ova
841 2044 851 2059 ,
868 2018 919 2051 vel
935 2018 1056 2051 semina
1078 2031 1086 2050 ι
1107 2018 1258 2059 quaedam
1271 2026 1345 2050 cum

308 2079 441 2119 et't'ectu,
467 2079 499 2111 et
523 2079 724 2119 operatione,
753 2079 790 2110 ut
811 2086 885 2119 quoe
903 2077 1046 2109 adhibito
1075 2078 1141 2109 totu
1167 2085 1206 2109 ex
1231 2077 1346 2109 iisdem

309 2136 521 2170 excluduntur
537 2136 698 2169 animalia.
742 2138 789 2168 Ex
807 2122 871 2177 quo
887 2137 1036 2177 apparet,
1053 2135 1261 2168 entelechiam
1278 2144 1348 2167 esse

309 2194 468 2236 animam,
491 2203 555 2227 non
581 2194 750 2235 cujuslibet
771 2195 936 2236 corporis,
965 2194 1020 2227 sed
1047 2194 1114 2234 ejus
1132 2194 1219 2235 quod
1244 2195 1348 2235 potest

310 2254 448 2286 animam
473 2262 622 2294 sumere,
649 2255 682 2286 et
697 2253 788 2294 juxta
816 2253 959 2293 ejusdem
985 2253 1091 2286 vivere
1117 2252 1347 2292 patrocinium,

310 2317 479 2353 motusque
494 2312 604 2344 vitales
619 2320 767 2345 exercere
780 2311 812 2343 in
830 2311 950 2352 agendo
961 2335 971 2351 ,
987 2311 1062 2344 vitae
1080 2320 1208 2353 quoque
1227 2311 1346 2352 passio-

311 2379 368 2403 nes
383 2370 530 2412 experiri,
548 2374 776 2412 proptereaque
794 2369 971 2403 definitioni
990 2370 1132 2403 additum
1153 2382 1162 2402 ε
1180 2383 1194 2398 α
1210 2369 1346 2411 possibi-

313 2429 401 2462 litate
421 2429 519 2462 vitam
540 2429 695 2462 habentis.
710 2441 728 2458 a·

353 2489 477 2520 CCXX.
500 2489 540 2520 Et
554 2487 694 2520 delinitio
714 2487 844 2528 quidem
860 2488 974 2520 animoe
1001 2488 1213 2529 Peripateticis
1235 2489 1346 2520 aucto-

314 2546 400 2578 ribus
422 2547 503 2578 talis'
516 2549 576 2578 est.
620 2548 825 2584 Quas-tamen
841 2555 879 2579 ex
899 2556 934 2579 ea
958 2547 1122 2586 confiunt,
1142 2547 1347 2580 manifestant

313 2604 467 2645 principio
483 2604 620 2636 animam
650 2613 754 2646 neque
775 2613 964 2646 corporeum
990 2606 1161 2647 quicquam
1187 2615 1275 2647 esse,
1296 2606 1347 2639 vel

313 2663 447 2704 sensile,
467 2664 522 2695 sed
545 2663 736 2703 intelligibile
752 2663 875 2703 potius,
900 2665 932 2696 et
952 2665 1020 2696 sine
1038 2674 1169 2706 corpore
1181 2690 1190 2708 ,
1206 2675 1278 2706 quae
1296 2667 1345 2698 ta-

284 2726 293 2771 ]
313 2729 387 2754 men
414 2721 602 2762 recipiantur
623 2730 641 2752 a
668 2730 816 2762 corpore,
838 2722 954 2763 quippe
974 2724 1097 2764 corpori
1122 2724 1346 2764 perfectionem

283 2775 287 2813 i
315 2779 368 2811 det
392 2779 459 2819 ipsa
496 2779 600 2819 sitque
626 2779 694 2819 ejus
721 2780 913 2821 entelechia,
945 2790 995 2813 res
1029 2791 1082 2822 per
1111 2784 1212 2815 semet
1245 2783 1346 2824 ipsam

314 2835 508 2876 immobilis,
530 2838 613 2869 sicut
640 2839 715 2869 sunt
733 2839 817 2870 artes
842 2840 874 2871 et
895 2839 1081 2881 disciplinae.
1125 2843 1170 2873 Ex
1188 2843 1345 2876 accidenti

313 2904 391 2928 vcro
420 2895 529 2936 aliquo
559 2895 688 2927 mobilis
715 2898 901 2938 propterea,
922 2899 1005 2939 quod
1026 2899 1067 2931 sit
1086 2900 1118 2931 in
1140 2901 1327 2935 animalibus
1335 2913 1345 2942 ς

315 2953 494 2995 quae,dum
518 2954 652 2994 vivunt,
668 2957 847 2987 moventur.
892 2957 977 2988 Dum
995 2958 1079 2989 enim
1109 2961 1215 2991 motus
1245 2964 1341 2993 natu-

314 3014 398 3047 rales
420 3014 487 3047 edit
519 3014 626 3046 anima
638 3038 648 3054 ,
679 3016 845 3048 moventur
875 3016 1039 3059 animalia,
1070 3019 1119 3051 vel
1146 3028 1219 3052 cum
1249 3023 1347 3062 agunt

314 3071 452 3114 aliquid,
471 3071 522 3104 vel
546 3081 620 3104 cum
644 3073 817 3115 patiuntur.
860 3076 939 3112 Quae
959 3085 1034 3108 cum
1053 3077 1094 3110 sit
1120 3079 1346 3122 intelligibilis,

316 3132 349 3163 et
374 3131 443 3163 sine
466 3139 618 3172 corpore,
637 3135 866 3172 consequenter
885 3134 979 3166 etiarn
999 3135 1065 3168 sine
1087 3138 1260 3179 quantitate
1277 3138 1347 3173 esse

313 3189 474 3223 invenitur
488 3198 497 3221 ε
516 3190 633 3231 quippe
646 3190 738 3231 cujus
755 3200 858 3233 neque
875 3193 1038 3234 prolixitas
1059 3196 1140 3235 ulla,
1158 3206 1261 3239 neque
1273 3199 1343 3234 lati-

314 3248 410 3290 tudo,
429 3257 532 3289 neque
551 3250 748 3291 profunditas
765 3253 878 3284 exstet.
923 3255 993 3286 Non
1009 3254 1094 3286 enim
1121 3258 1169 3288 est
1189 3259 1223 3290 ut
1246 3258 1344 3301 linea,

316 3306 366 3339 vel
382 3307 581 3349 superficies,
598 3317 656 3342 nec
675 3317 749 3342 vero
765 3310 899 3351 figuram
918 3311 1013 3345 babet
1028 3313 1124 3346 ullam
1135 3338 1145 3355 ,
1160 3324 1218 3348 uec
1233 3319 1282 3350 est
1300 3318 1346 3350 di-

316 3365 425 3407 vidua,
444 3367 480 3399 ut
494 3375 567 3407 quae
579 3370 724 3402 constant
738 3377 778 3402 ex
796 3370 951 3410 partibus.
994 3371 1154 3405 Dividitur
1169 3375 1275 3408 tamen
1288 3376 1348 3410 alio

317 3421 455 3462 quodam
480 3431 613 3465 genere,
633 3424 678 3458 sic
705 3426 741 3458 ut
765 3434 804 3459 ex
832 3426 942 3460 cadem
968 3426 1122 3462 divisione
1151 3438 1215 3463 non
1247 3432 1349 3473 magis

1412 321 1517 361 partes
1529 319 1599 361 ejus
1615 320 1690 352 ullae
1708 327 1805 361 quam
1820 316 1970 360 potentiae
1981 317 2014 350 et
2030 316 2163 349 virtutes
2174 340 2186 357 ‚
2201 316 2454 352 considerentur.

1412 380 1476 412 Noc
1495 388 1572 413 vero
1590 379 1710 420 species
1727 378 1795 418 ejus
1815 377 1887 410 ullae
1906 376 1983 409 sunt
1995 400 2004 416 ,
2024 377 2060 408 ut
2084 375 2210 416 generis
2228 375 2364 418 alicuius
2382 384 2456 420 spe-

1411 438 1476 471 cies
1491 437 1554 471 dici
1575 438 1674 478 solet3
1692 438 1728 470 ut
1744 435 1924 470 Rhetoricae
1936 434 2128 477 disciptinae,
2145 443 2220 476 quoe
2232 436 2282 469 est
2302 430 2454 479 intelligi·

1411 496 1484 529 bilis
1503 505 1553 529 res
1564 521 1573 538 ,
1593 499 1626 530 et
1641 498 1709 529 stne
1723 503 1877 536 corpore,
1901 493 2025 535 species
2041 495 2148 526 tamen
2165 493 2234 534 ejus
2251 502 2323 528 esse
2338 491 2456 528 dicitur

1410 563 1448 587 ea
1468 555 1590 595 oratio,
1622 563 1695 596 quae
1723 554 1805 586 tacta
1824 554 1876 586 cst
1901 552 1942 585 ad
1969 551 2123 585 doctrinae
2150 553 2396 587 ostentationem
2423 548 2458 587 et

1411 614 1487 647 item
1511 615 1634 656 species
1653 612 1902 654 concionabitis,
1922 613 1971 646 vel
1997 611 2118 654 species
2134 612 2287 646 orationis
2308 611 2455 647 sorensis.

1411 673 1463 706 Sic
1478 682 1572 715 ergo,
1587 682 1660 706 cum
1683 672 1791 705 anima
1810 680 1939 713 quoque
1954 679 2005 705 res
2022 671 2064 704 sit
2079 671 2147 704 sine
2163 680 2298 714 corpore
2305 695 2317 714 ,
2335 674 2369 706 et
2385 665 2456 705 sinc

1412 731 1649 772 magnitudine;
1668 731 1749 763 nibil
1774 730 1906 763 interest
1934 729 2040 763 dicere
2063 731 2167 771 partes
2188 730 2305 764 animm
2329 728 2457 763 etitem

1411 790 1568 831 potentias
1583 790 1719 830 animae,
1744 789 1796 822 vel
1823 797 1899 821 cum
1920 787 2098 821 dividimus
2121 797 2216 831 eam,
2239 797 2314 822 cum
2339 787 2384 822 sit.
2402 787 2458 822 itt·

1411 848 1534 879 naturae
1567 846 1765 885 individuae,
1785 847 1819 878 in
1847 845 1988 888 speciem
2010 846 2207 887 naturalem,
2237 844 2331 888 iuxta
2359 854 2457 888 quam

1409 906 1548 938 nutritur
1564 914 1661 939 omne
1680 905 1798 938 animal
1817 906 1850 938 et
1868 905 1983 939 crescit
1995 907 2029 939 et
2043 906 2187 939 sobolem
2210 908 2299 939 creat
2317 905 2400 945 asel
2423 904 2456 939 in

1409 964 1548 1006 speciem
1577 965 1750 1003 sensilem.
1775 964 1868 1005 juxta
1889 973 1989 1006 quam
2009 965 2165 998 dit't'erunt
2191 966 2274 998 inter
2301 973 2356 1005 se,
2382 973 2458 1007 que

1410 1023 1552 1055 animam
1572 1023 1711 1065 liabent,
1735 1024 1768 1056 et
1786 1023 1863 1056 item
1889 1032 1964 1066 quoe
1989 1023 2057 1056 sola
2083 1023 2151 1057 vita
2181 1023 2343 1064 fruuntur,
2358 1023 2390 1056 id
2410 1025 2460 1058 est

1409 1082 1579 1123 animalia,
1597 1083 1630 1114 et
1645 1082 1762 1123 stirpes
1779 1094 1788 1114 ε
1807 1082 1883 1115 item
1905 1082 1938 1114 in
1958 1091 2070 1115 eorum
2086 1081 2247 1124 speciem,
2261 1090 2336 1124 quoe
2351 1081 2459 1115 locum

1409 1150 1449 1174 ex
1468 1141 1537 1174 loco
1556 1142 1707 1181 mutant,
1731 1142 1768 1174 ut
1784 1141 1946 1182 serpentia
1969 1141 2098 1182 omnia,
2115 1141 2166 1174 vel
2181 1149 2256 1183 quse
2272 1140 2392 1175 babent
2405 1149 2459 1183 ap-

1410 1199 1565 1240 petitum,
1596 1199 1651 1240 qui
1678 1199 1712 1231 in
1736 1198 1980 1240 perfectioribus
2003 1199 2165 1232 invenitur
2193 1197 2405 1240 animalibus,
2424 1197 2458 1231 in

1409 1257 1526 1298 quibus
1544 1257 1723 1299 cupiditas,
1741 1259 1774 1290 et
1795 1257 1960 1291 iracundia
1977 1270 1986 1291 e
2011 1258 2132 1292 etitem
2155 1257 2189 1291 in
2209 1266 2282 1291 eam
2303 1257 2456 1300 speciem,

1409 1326 1483 1359 quae
1503 1319 1552 1350 est
1574 1318 1742 1359 perfectior
1758 1318 1883 1351 caeteris
1894 1343 1903 1359 ,
1920 1319 2044 1353 ratione
2061 1319 2239 1360 utentium,
2258 1326 2333 1361 qnae
2349 1317 2384 1351 in
2400 1326 2458 1351 na-

1409 1377 1481 1409 tura
1503 1376 1642 1409 hominis
1663 1378 1790 1410 tantum
1806 1377 1980 1410 invenitur.

1450 1437 1589 1469 CCXXI.
1613 1437 1670 1468 Est
1685 1435 1781 1477 igitur
1796 1437 1866 1469 tota
1881 1436 2007 1479 anima,
2030 1437 2133 1479 inquit
2145 1462 2154 1478 ,
2170 1437 2204 1471 in
2221 1437 2298 1471 totis
2314 1437 2458 1478 partibus

1409 1494 1548 1527 viventis
1571 1495 1729 1528 animalis.
1773 1495 1815 1528 Et
1832 1494 1985 1528 naturalis
2005 1494 2138 1536 quidem
2161 1494 2231 1535 ejus
2257 1494 2380 1537 specie·
2400 1503 2460 1536 pet·

1410 1562 1508 1586 omne
1525 1562 1560 1587 se
1578 1553 1693 1586 dividit
1714 1563 1844 1596 corpus.
1889 1555 2006 1587 Sensus
2027 1563 2105 1587 vero
2121 1555 2225 1587 tactus
2249 1553 2380 1596 quidem
2400 1562 2459 1595 per

1411 1622 1508 1647 omne
1533 1622 1664 1655 corpus.
1709 1614 1811 1646 Visus
1836 1615 1944 1647 autem
1962 1613 2013 1647 vel
2037 1613 2189 1654 auditus,
2218 1614 2251 1647 et
2273 1613 2399 1655 meteri,
2424 1613 2460 1647 in

1409 1672 1536 1706 caeteris
1551 1672 1722 1715 membris,
1737 1681 1812 1714 quae
1822 1674 1898 1705 sunt
1911 1681 2029 1713 organa
2045 1671 2218 1706 sentiendi.
2267 1671 2459 1714 Principalis

1411 1739 1489 1764 vero
1516 1732 1634 1764 animae
1657 1740 1750 1773 pars,
1776 1731 1844 1764 sive
1859 1731 2021 1773 potentia,
2041 1733 2092 1764 est
2112 1731 2153 1764 ad
2172 1739 2271 1773 quam
2298 1730 2458 1773 teruntur,

1409 1798 1482 1831 quae
1501 1789 1652 1822 nuntiant
1665 1797 1777 1822 sensus
1794 1788 1931 1830 singuli,
1946 1791 1980 1822 et
1994 1797 2068 1830 quae
2083 1788 2124 1823 de
2143 1788 2182 1822 iis
2193 1812 2204 1830 ,
2226 1796 2303 1831 qum
2316 1787 2476 1823 sentium.

1407 1849 1473 1888 tur,
1491 1847 1647 1889 judicium
1664 1847 1755 1889 facit,
1775 1848 1999 1889 examinetque
2020 1846 2201 1888 cujusmodi
2218 1846 2284 1881 sint
2303 1855 2364 1890 ea,
2379 1855 2454 1889 quae

1409 1908 1581 1940 occurrunt
1600 1907 1750 1940 sensibus
1771 1907 1869 1940 varie.
1913 1908 2004 1939 Hanc
2023 1915 2101 1940 vero
2127 1906 2314 1940 Aristoteles
2339 1906 2457 1940 asserit

1408 1966 1544 2000 locatam
1562 1975 1633 1999 esse
1655 1966 1688 1999 in
1705 1966 1919 2008 penetralibus
1937 1965 2061 2007 cordis,
2079 1965 2135 1998 ubi
2154 1965 2226 2000 aliae
2240 1974 2371 2008 quoque
2381 1974 2456 2008 spe·

1407 2026 1471 2058 cies
1490 2026 1608 2059 animae
1636 2027 1712 2058 sunt
1739 2026 1870 2065 locatae,
1897 2024 1932 2057 id
1959 2026 2025 2066 est,
2046 2024 2253 2066 imaginatio,
2279 2024 2458 2066 memoria,

1406 2085 1584 2127 appetitus,
1595 2086 1752 2118 excursio.
1799 2084 1926 2126 Quippe
1938 2084 2084 2116 omnium
2098 2083 2215 2116 auimae
2227 2083 2346 2117 virium
2354 2083 2457 2125 initia,

1406 2146 1440 2176 et
1458 2144 1547 2184 quasi
1565 2143 1713 2185 quaedam
1730 2142 1853 2176 radices
1863 2166 1875 2184 ,
1890 2151 1911 2175 a
1927 2142 2004 2176 sede
2019 2142 2124 2176 cordis
2139 2145 2309 2184 emanant,
2325 2141 2458 2184 qnando

1407 2203 1543 2235 contecti
1565 2203 1627 2235 cibi
1657 2211 1774 2235 succus
1800 2211 1855 2244 per
1878 2210 1978 2235 venas
2003 2201 2108 2235 cordis
2129 2205 2283 2235 caeterum
2311 2201 2458 2244 corporis

1406 2261 1534 2302 irrigat,
1556 2262 1589 2294 et
1610 2263 1717 2294 motus
1746 2269 1938 2302 corporeus,
1969 2260 2026 2302 qui
2051 2259 2202 2294 iocularis
2224 2263 2293 2303 est,
2312 2269 2333 2293 a
2361 2260 2459 2294 corde

1407 2320 1539 2352 initium
1561 2320 1670 2352 sumit.
1714 2320 1863 2359 Namque
1882 2327 2040 2352 venarum
2058 2322 2091 2352 et
2114 2326 2289 2352 nervorum
2309 2318 2456 2361 initium,

1407 2380 1440 2412 et
1461 2378 1591 2420 quidam
1612 2378 1716 2411 nodus
1729 2402 1738 2418 ‚
1757 2378 1865 2420 ipsum
1890 2387 1947 2411 cor
1974 2381 2023 2411 est
2040 2378 2133 2418 juxta
2158 2377 2247 2421 quod
2275 2378 2457 2412 intellectus

1395 2438 1557 2480 agitatus,
1573 2438 1606 2470 et
1620 2436 1849 2470 rationabiliter
1862 2436 1982 2478 ignitus
1998 2436 2118 2470 ibidem
2132 2445 2325 2474 coacervare
2340 2446 2376 2471 se
2389 2446 2457 2471 cre-
2479 2434 2495 2446 ‘

1406 2496 1505 2537 ditur,
1538 2496 1746 2538 possibilitate
1775 2495 1906 2537 quidem
1933 2495 2000 2528 illic
2026 2495 2195 2536 babitans,
2226 2495 2347 2530 et'tectu
2379 2504 2456 2529 vero

1408 2557 1500 2589 extra
1529 2556 1719 2596 conseptum
1757 2554 1864 2587 cordis
1875 2578 1886 2595 ,
1923 2557 2022 2597 atque
2055 2554 2226 2595 viciniam,
2253 2562 2451 2589 commeans.

1409 2619 1505 2657 Haec,
1528 2618 1561 2650 et
1579 2617 1682 2649 multa
1697 2616 1759 2649 alia
1771 2616 1976 2658 hujusmodi,
1994 2616 2222 2658 probationum
2239 2625 2357 2658 genera
2369 2625 2459 2652 asse-

1406 2677 1522 2708 runtur
1537 2684 1556 2707 a
1572 2684 1670 2717 supra
1686 2676 1865 2708 memorato
1878 2674 1949 2708 viro
1970 2675 2010 2708 ad
2030 2674 2254 2717 probandum,
2265 2674 2354 2719 quod
2370 2675 2458 2716 prin·

1406 2734 1516 2776 cipalis
1532 2734 1648 2767 animae
1671 2734 1723 2767 vis
1739 2734 1774 2766 in
1792 2734 1890 2767 corde
1910 2734 1952 2767 sit
1974 2747 1984 2767 ι
2008 2743 2086 2776 quae
2103 2743 2207 2776 usque
2222 2733 2304 2768 adeo
2321 2734 2365 2768 sit
2382 2733 2456 2768 ani-

1407 2794 1562 2826 mantium
1583 2793 1712 2836 propria
1722 2795 1741 2835 ,‘
1753 2795 1790 2827 ut
1815 2794 1933 2827 caetera
1957 2802 1998 2826 ex
2021 2793 2175 2827 vitalibus
2192 2793 2259 2828 vim
2281 2793 2458 2836 pulsusque

1407 2851 1580 2893 patiantur,
1598 2851 1669 2884 sine
1685 2851 1858 2884 animantis
1882 2851 2013 2884 interitu
2041 2864 2051 2884 z
2068 2851 2173 2884 cordis
2189 2859 2268 2885 vero
2283 2851 2394 2886 sedem
2414 2860 2457 2885 ne

1407 2910 1556 2943 minimas
1573 2910 1703 2951 quidem
1717 2909 1914 2952 pulsationes
1932 2911 2001 2944 sine
2014 2910 2142 2943 interitu
2157 2910 2345 2954 animalium
2358 2910 2456 2944 susti-

1408 2976 1494 3000 nere.
1539 2967 1635 3006 Quod
1657 2967 1686 3000 si
1703 2968 1776 3009 quis
1793 2968 1933 3001 nominis
1948 2968 2201 3010 praesumptione
2215 2968 2365 3003 inductus
2383 2977 2457 3003 >‹zar-

1405 3025 1532 3058 diacam
1547 3026 1634 3059 dicat
1658 3026 1842 3068 frequenter
1858 3035 1928 3059 esse
1947 3029 2114 3068 curatam;
2135 3028 2220 3060 errat
2240 3027 2273 3060 in
2293 3027 2424 3062 nomine
2443 3039 2454 3061 ε

1406 3082 1523 3124 quippe
1539 3092 1615 3116 cum
1631 3084 1776 3125 constet,
1792 3083 1880 3116 illam
1894 3083 2078 3126 passionem
2092 3093 2158 3117 non
2172 3084 2277 3118 cordis
2295 3092 2384 3127 esse,
2396 3083 2456 3118 sed

1405 3142 1574 3176 stomachi.
2111 3174 2114 3176 .

1447 3201 1603 3234 ccxxn.
1626 3201 1806 3239 Adversum
1825 3211 1898 3244 quae
1910 3202 1956 3236 ita
1971 3202 2196 3243 respondetur.
2236 3202 2308 3236 Alia
2322 3202 2452 3245 quidem

1407 3260 1470 3293 sere
1489 3262 1597 3295 omnia
1613 3264 1700 3296 recte
1711 3287 1722 3305 ,
1740 3267 1773 3297 et
1793 3265 1887 3305 prout
1905 3264 1965 3297 t'ert
1984 3268 2100 3297 natura
2116 3273 2244 3307 rerum,
2261 3264 2453 3299 Platonicis·

1407 3327 1469 3359 que
1491 3320 1691 3361 dogmatibus
1712 3323 1926 3355 consentanee
1943 3322 2028 3355 dicta
2048 3332 2057 3355 ε
2075 3323 2132 3356 sed
2163 3323 2204 3356 de
2238 3322 2354 3356 animae
2372 3323 2450 3357 sub·

1407 3378 1520 3411 stantia
1541 3381 1681 3413 erratum
1706 3381 1821 3414 videri.
1865 3383 1936 3415 Non
1968 3382 2055 3415 enim
2092 3382 2262 3424 specialem
2279 3382 2450 3415 essentiam

1409 3443 1479 3469 esse
1501 3436 1639 3470 animam
1652 3461 1662 3479 ,
1679 3447 1777 3480 quam
1797 3439 1936 3481 appellat
1951 3440 2135 3474 Aristoteles
2156 3440 2357 3483 ἐντελέχειαν.
2370 3441 2449 3474 Haec

2596 3605 2597 3608 Α
2596 3366 2606 3550 mmm-24
2599 3323 2606 3357 -n
2594 2834 2606 3312 ...n-am..rmmffl.a-.....-—-m
2602 2766 2606 2822 ψ,
2600 2727 2606 2756 η’..
2597 2588 2606 2717 s-ffilu
2602 2503 2606 2570 —r-r..
