2606 3828
937 251 988 291 IN
1017 249 1251 290 TlMAEtJM
1283 247 1554 289 PLATONIS.

158 341 314 383 tanquam
342 340 405 374 lau
427 339 605 381 autentis,
624 340 844 381 decernimus,
862 342 1022 381 quatenus
1039 347 1104 372 non
1125 338 1201 370 sunt

158 399 288 441 propria
298 401 406 433 nestra
419 398 482 432 rusi
500 398 583 432 forte
598 399 684 440 ideo,
693 399 767 442 quia
779 398 948 439 commoti,
959 397 1010 431 vel
1021 395 1199 437 depravati,

145 454 300 500 'libidine,
315 457 546 499 disceptatores
562 458 668 492 idonei
680 467 745 492 non
757 466 873 491 snmus
887 467 897 490 ι
911 466 984 490 cum
1003 464 1133 496 aequurn
1145 455 1199 495 iu-

153 515 276 561 dicium
293 525 403 550 carere
429 518 585 559 tanquam
610 517 740 559 gratiae,
757 516 1071 558 misericordiaque,
1086 514 1199 547 antici-

152 574 337 620 pationibus
356 574 483 609 debeat.

194 634 401 668 cnxxxm.
423 635 488 668 Sed
514 633 695 677 pmdictio,
717 633 886 677 inquiunt.
910 633 1090 667 futurorum
1114 632 1197 673 jam-

152 690 276 727 dndum
300 692 476 735 disposita,
504 696 602 735 atque
641 692 799 734 ordinata,
823 700 896 726 esse
925 692 1073 725 testatur.
1119 691 1197 722 llaec

68 787 77 794 ,
150 759 248 795 porro
258 750 427 794 dispositio
437 775 448 793 ,
464 755 563 794 atque
576 751 755 793 ordinatio,
767 749 886 788 tatum
901 751 1048 781 vocatur.
1094 750 1197 781 immo

150 809 223 845 boe
240 810 310 854 ipsa
331 810 497 854 pmdictio
523 811 650 845 fatalem
677 809 903 844 necessilatem
923 807 1081 841 dominari
1105 808 1199 847 negat

150 878 392 912 usquequaque.
451 870 616 913 siquidem
636 869 804 917 919912250
824 867 1019 908 rationabilis
1034 866 1077 899 sit
1091 863 1197 909 existi·

149 928 249 977 agath
265 929 364 977 sortis
371 929 510 977 futuroe3
524 938 598 972 qum
613 929 723 963 nonin
733 928 831 963 rebus
845 927 952 969 certis,
965 930 997 960 et
1009 925 1198 959 necessitate

149 987 330 1023 constrictis
340 1012 351 1030 ,
365 987 420 1022 sed
437 988 586 1031 incertis,
600 992 698 1031 atque
715 987 892 1029 ambiguis,
907 986 1072 1029 prevalet.
1116 983 1198 1023 Quis

144 1047 235 1081 enim
251 1056 429 1090 prmsagnrn
444 1048 591 1082 consulat
606 1048 647 1082 de
666 1056 775 1081 recens
794 1050 889 1087 nato,
903 1049 1014 1079 utrum
1034 1044 1195 1083 mortalis,

149 1116 191 1141 aa
209 1108 400 1142 immunis
421 1108 464 1142 nt
486 1109 635 1142 miurus?
650 1108 713 1142 sed
733 1094 816 1141 ittua'
829 1108 936 1150 ponus
948 1130 958 1147 ,
971 1106 1056 1149 quoa
1074 1107 1122 1139 esi
1140 1105 1198 1138 du-

149 1163 258 1203 bium,
270 1164 372 1206 quaeri
387 1165 491 1207 solet;
506 1174 602 1207 qnam
620 1165 741 1207 prolixa
759 1164 837 1198 vitre
856 1164 960 1206 spatia
978 1162 1112 1195 sortitus
1125 1169 1198 1194 esse

87 1227 90 1230 ’
147 1221 319 1256 videatur:
335 1224 368 1256 et
384 1226 492 1256 utrum
507 1223 600 1256 dives
610 1248 620 1266 ,
634 1231 675 1256 an
689 1231 808 1265 pauper
822 1223 989 1264 :elataque
998 1246 1008 1262 ,
1021 1229 1062 1254 an
1076 1219 1197 1263 plebeia

147 1280 191 1314 sit
210 1283 309 1324 atque
327 1281 440 1315 humili
468 1282 595 1315 fortuna
619 1282 756 1315 futurus.
803 1283 886 1320 Quoe
905 1282 1022 1314 cuncta
1043 1279 1196 1313 observa-

149 1338 248 1382 tione,
265 1339 410 1381 scientia,
423 1341 596 1374 artificiosa
610 1349 740 1383 qnoque
752 1340 893 1381 solertia,
908 1339 1112 1381 colliguntur.
1133 1341 1197 1372 Aut

149 1398 238 1433 enim
253 1398 367 1433 alitum
385 1398 512 1440 volatu,
525 1402 582 1432 ant
596 1400 699 1440 extis,
719 1402 776 1432 aut
793 1398 932 1432 oraculis
951 1398 1095 1431 homiues
1115 1405 1196 1439 prae·

149 1461 351 1495 mouentum
376 1458 570 1503 praedioente
596 1460 704 1502 aliquo
737 1458 875 1501 propitio
899 1459 1065 1499 daemone,
1085 1457 1140 1499 qui
1157 1458 1199 1490 sit

147 1526 259 1553 eornm
275 1518 433 1558 munium,
448 1527 522 1561 quie
549 1518 701 1562 deinceps
724 1519 917 1560 sequuntur,
934 1518 1041 1557 scius;
1065 1516 1196 1559 perinde

147 1580 186 1614 nt
206 1579 236 1613 si
261 1579 406 1614 medicus
430 1580 524 1621 justa
551 1578 751 1622 disciplinam
782 1578 931 1613 medendi
966 1578 1119 1620 praedicat
1145 1576 1196 1610 vel

146 1637 299 1680 esitium,
316 1638 368 1672 vel
386 1637 554 1672 sanitatem
569 1651 578 1671 ε
595 1638 759 1672 autetiam
772 1637 982 1678 gubernator,
996 1636 1069 1670 coeli
1086 1635 1194 1669 condi·

148 1697 272 1732 fimum
289 1706 355 1731 non
374 1697 525 1739 ignarus,
541 1705 582 1730 ex
597 1696 704 1740 aliqua
720 1696 879 1730 nubecula
900 1695 1093 1738 praenuntiet
1113 1697 1196 1728 tem·

147 1757 307 1799 pestatesn
329 1756 482 1790 ruinam.
516 1749 597 1796 Q‘uoe
613 1759 732 1789 cuncta
750 1764 814 1789 non
835 1755 901 1789 fsto
913 1778 923 1795 ,
941 1754 997 1788 sed
1014 1753 1197 1787 artificiosis

147 1814 344 1853 sationibus.
363 1796 477 1857 nsque,
488 1818 522 1848 et
540 1814 736 1858 experientia
745 1838 757 1856 ,
769 1813 1097 1855 comprehenduntur.

187 1854 525 1915 Gufflvffflque,
539 1882 614 1907 cnm
629 1883 668 1907 ex
690 1875 779 1907 motu
798 1872 940 1907 siderum
958 1872 1125 1915 pra-dictio
1137 1871 1195 1905 ha-

147 1931 258 1975 betur,
269 1932 358 1975 stuta
378 1932 542 1967 observari
555 1932 672 1973 solent,
685 1934 854 1974 ortusque,
862 1934 896 1965 et
911 1931 1019 1965 obitus
1029 1931 1195 1965 stellarum

145 1994 180 2025 et
192 1990 530 2033 conformatione-‚sd
550 1991 707 2025 rationem
729 1990 879 2031 redactoe,
890 1990 980 2031 juxta
992 1999 1092 2032 qnam
1107 1989 1196 2023 terti-

146 2050 238 2092 litas,
254 2050 485 2092 sterilitasqne,
504 2050 660 2093 provenit.
704 2050 883 2092 omnisque
904 2049 1092 2091 hujusmodi
1115 2049 1196 2082 ratio

145 2108 224 2143 nibil
237 2111 289 2143 est
304 2107 406 2150 alind,
420 2117 520 2152 qnam
533 2110 721 2151 conjectura
739 2117 849 2142 rerum
864 2116 989 2149 earum,
1002 2116 1077 2150 quie
1091 2107 1142 2141 vel
1155 2106 1195 2140 ad

146 2175 264 2212 σοφοῦ
280 2167 452 2211 pannoni,
465 2167 515 2202 vel
528 2168 568 2202 ad
583 2177 633 2207 ea,
646 2176 720 2210 quar
732 2167 874 2210 corporis
887 2166 1015 2210 propria
1026 2168 1100 2200 sunt
1118 2177 1127 2199 :
1145 2166 1195 2200 vel

145 2224 187 2260 ad
206 2225 346 2261 animam
365 2227 445 2261 satis
461 2227 591 2269 corpori
619 2227 822 2260 servientem.
868 2226 959 2261 Unde
984 2226 1098 2268 opinor
1119 2225 1195 2259 Pla-

145 2287 256 2321 mnan
288 2286 468 2320 animarum
503 2286 635 2329 quidem
668 2285 871 2320 minutioni
910 2287 1014 2319 Deum
1047 2284 1194 2327 opificem

146 2345 317 2388 Wuiass
333 2345 458 2386 diecre3
473 2354 586 2379 eorum
615 2354 713 2386 vero,
726 2354 801 2387 quoe
829 2345 944 2378 animis
964 2345 1192 2384 subtexuntur,

145 2404 217 2438 aliis
224 2403 343 2438 divinis
352 2404 566 2448 potestatibus
577 2404 782 2439 inferioribus
790 2412 923 2445 munus,
932 2405 1028 2446 atque
1037 2402 1193 2439 officinm.

145 2471 217 2497 esse
229 2463 418 2497 mandatnm
433 2476 442 2497 ι
458 2463 503 2497 ita
517 2466 553 2497 nt
570 2472 660 2506 pura:
674 2463 806 2505 quidem
819 2463 935 2497 animm
945 2486 955 2502 ,
976 2462 1193 2503 sinceraque,

146 2524 182 2556 et
198 2521 343 2564 viantes
360 2522 574 2566 florentesque
592 2522 782 2563 rationibus,
795 2531 814 2556 a
833 2524 901 2556 Deo
918 2522 1009 2555 factae
1028 2521 1092 2554 sint
1111 2533 1119 2554 ι
1144 2521 1192 2554 vi-

152 2578 311 2616 tiosarum
326 2589 406 2615 vero
421 2582 560 2624 partium
586 2582 657 2623 eins
681 2582 830 2615 auctores
846 2580 1023 2614 habeantur
1040 2580 1091 2613 luae
1107 2584 1194 2622 pote·

145 2640 266 2681 states,
285 2639 405 2683 quibus
426 2640 468 2674 ab
487 2641 601 2683 opifice
620 2640 775 2674 Dentatis
794 2649 872 2673 cura
892 2639 1042 2673 mandata
1061 2639 1113 2672 sit.

185 2698 371 2733 CLXXXV.
394 2698 531 2734 vinosa:
557 2708 655 2742 porro
673 2701 779 2742 partes
793 2699 894 2733 animi
916 2708 991 2741 qun
1015 2698 1193 2732 subtexun-

144 2757 210 2799 tur,
224 2756 272 2791 tra
283 2758 333 2792 est
346 2757 562 2801 etcupiditas‚
576 2757 653 2792 satia
680 2758 795 2792 idonea
822 2759 897 2792 ritas
920 2757 1053 2798 agendae
1074 2758 1195 2790 instru-

144 2816 265 2851 muta
307 2815 409 2850 stutts
427 2816 548 2859 quippe
569 2818 664 2857 sunt,
678 2825 751 2860 quse
775 2826 832 2859 per
845 2817 969 2851 virilem
985 2815 1083 2850 animi
1102 2824 1193 2849 com·

38 2904 42 2914 ,
70 2883 71 2886 ’
145 2871 324 2908 nothum
340 2876 428 2908 recte
446 2875 479 2908 tn
498 2874 559 2908 bac
576 2874 641 2909 vita
657 2875 740 2910 tiunt
751 2900 761 2916 ,
774 2878 807 2910 et
824 2876 1030 2909 vindicantur
1045 2888 1053 2909 z
1067 2875 1194 2918 quoties

142 2931 232 2974 laeta
243 2932 410 2967 iracundia
420 2933 572 2968 mitem
587 2942 625 2968 as
639 2937 674 2969 et
682 2935 915 2969 auxiliatricem
931 2934 1045 2968 rationi
1061 2934 1192 2977 prmbet.

91 2997 104 3012 ’
144 2983 248 3027 atslts
268 2993 365 3027 etiam
389 3000 430 3027 es
447 2993 623 3036 eupiditate
641 2994 795 3036 honesta,
812 2995 863 3028 vel
889 2994 1039 3028 mediocri
1050 3017 1060 3034 ,
1077 2996 1193 3036 prater

13 3085 16 3090 ,
145 3048 312 3085 mm
326 3049 454 3087 sorde.
479 3052 571 3087 elcut
585 3052 680 3094 igitur
694 3061 785 3096 puro
801 3053 911 3087 mundi
929 3053 1046 3086 anima!
1059 3061 1191 3094 regnum

61 3107 78 3146 ·,’
144 3107 179 3143 in
191 3111 345 3153 perpetua
360 3109 471 3144 mnndi
483 3111 657 3154 agitauone
666 3111 859 3155 poemtssnm
873 3114 935 3152 est,
952 3112 994 3145 ita
1008 3112 1047 3144 ils
1062 3111 1191 3153 animis,

8 3204 11 3206 .
143 3176 220 3211 qn-
234 3166 382 3204 bomine·
400 3169 569 3213 inspirant,
589 3179 678 3213 opus·
690 3171 752 3205 fult
764 3171 896 3211 ratione.
910 3170 1075 3204 iracundia
1089 3172 1122 3204 et
1136 3178 1191 3204 en·

145 3223 334 3268 piditatibus
358 3226 569 3270 interpolata;
595 3232 631 3262 ut
657 3238 735 3264 eum
760 3230 892 3273 quidem
920 3238 954 3263 se
977 3228 1018 3263 ad
1038 3229 1192 3264 rationem

144 3283 251 3320 tdnm
266 3285 383 3320 animai
411 3288 644 3328 convertisset.
658 3290 802 3329 cunm,
818 3289 993 3323 intueretur
1009 3289 1107 3323 etiarn
1123 3298 1188 3323 τω·

145 3341 236 3378 lestia
247 3353 341 3379 :cnm
354 3353 430 3379 vero
439 3345 481 3379 ad
495 3348 621 3380 terrena
631 3346 820 3389 despiceret,
832 3346 1005 3390 despectus
1019 3355 1113 3390 aeque
1125 3356 1190 3381 non

144 3403 231 3436 esset
244 3404 387 3446 uiuus,
401 3404 459 3439 sed
474 3414 515 3439 ex
533 3405 646 3440 eadem
664 3405 887 3447 inclinatione.
902 3415 978 3440 cnra
995 3415 1103 3441 rerum
1125 3408 1189 3441 ter·

59 3470 66 3474 ··
146 3458 295 3494 restrium
310 3464 504 3497 assantur.

2226 249 2297 283 221

1301 338 1502 370 CLXXXVI.
1529 335 1570 368 Ut
1585 334 1680 376 igitur
1695 332 1785 366 brevi
1801 331 1903 365 multa
1921 331 2126 372 complectar,
2147 331 2241 363 istius
2258 331 2302 363 rei

1258 395 1425 437 dispositio
1442 395 1512 427 talis
1529 394 1636 427 mente
1654 391 1862 432 concipienda
1878 394 1939 424 est.
1981 389 2144 431 Origine-m
2172 389 2302 430 quidem

1259 463 1383 492 rerum,
1403 463 1442 486 ex
1468 462 1533 495 qna
1559 452 1687 485 caeteris
1718 450 1890 491 omnibus,
1905 458 1981 492 quae
2006 450 2103 490 sunt,
2123 448 2305 481 substantia

1257 515 1327 556 ejus
1350 515 1562 554 ministratur,
1592 523 1665 547 esse
1684 521 1850 546 summum
1873 514 1907 545 et
1935 510 2129 545 ineffabilem
2160 511 2263 543 Deum
2294 521 2303 540 :

1259 576 1329 615 post
1356 583 1452 615 quem
1476 573 1711 615 providentiam
1733 572 1803 613 eius
1832 570 2010 604 secundum
2033 572 2150 609 Deum,
2171 569 2303 601 latorem

1258 632 1335 674 legis
1357 634 1524 674 utriusque
1542 632 1629 672 vitae,
1652 636 1718 664 tam
1733 633 1865 665 oeternae
1882 638 1981 673 quam
2002 628 2217 671 temporariae.
2226 629 2304 660 'rer-

1259 692 1340 724 tium
1358 701 1429 724 esse
1452 701 1546 733 porro
1562 692 1789 731 substantiam,
1807 699 1881 732 quoe
1905 689 2047 724 secunda
2066 697 2158 722 mens
2182 686 2303 721 intelle-

1256 752 1403 792 ctusque,
1416 751 1549 792 dicitur;
1563 752 1654 792 quasi
1669 750 1817 792 quaedam
1836 752 1945 783 custos
1957 748 2035 790 legis
2051 749 2198 781 aeternae.
2247 746 2305 778 ilis

1255 810 1417 850 subjectas
1438 819 1510 844 esse
1535 810 1739 843 rationabiles
1758 810 1883 843 animas
1911 808 1973 850 legi
1993 807 2226 849 obsequentes;
2242 805 2304 838 mi·

1256 869 1374 902 nistrss
1400 878 1478 904 vero
1509 872 1684 912 potestates
1708 871 1876 907 Naturam,
1896 869 2091 908 Fortunam,
2109 868 2253 904 casum,
2272 866 2306 897 et

1256 931 1429 964 Daemones
1477 931 1724 973 inspectatores,
1764 929 2046 972 speculatoresque
2100 927 2303 960 meritorum.

1255 992 1340 1032 Ergo
1357 999 1505 1023 summus
1528 992 1614 1023 Deus
1630 990 1739 1030 jubet,
1758 989 1919 1022 secundus
1946 986 2092 1028 ordinat,
2108 986 2227 1019 tertius
2254 984 2303 1018 in-

1255 1048 1359 1081 timat.
1403 1048 1527 1081 Animae
1544 1057 1620 1081 vero
1634 1048 1700 1088 lege
1721 1047 1821 1087 ajunt.

1297 1109 1512 1141 cmxxxvll.
1536 1109 1603 1141 Lex
1623 1116 1718 1149 porro
1735 1106 1840 1147 ipsum
1856 1106 1957 1138 fatum
1979 1106 2048 1145 est,
2065 1105 2102 1136 nt
2116 1111 2201 1144 soepe
2220 1102 2304 1135 dixi-

1256 1173 1342 1198 mus.
1386 1165 1446 1198 cui
1464 1164 1524 1206 tegi
1537 1165 1591 1206 qui
1606 1166 1725 1206 pareat,
1739 1167 1955 1206 sequaturque
1970 1163 2122 1206 principis
2136 1163 2192 1195 Dei
2210 1171 2304 1195 venc-

1256 1224 1356 1257 randa
1384 1224 1537 1265 vestigia,
1555 1224 1682 1257 beatam
1708 1233 1834 1265 semper
1862 1223 1962 1256 vitam
1981 1223 2046 1263 agit
2076 1235 2085 1255 ε
2113 1222 2206 1263 juxta
2228 1220 2306 1261 legis

1255 1285 1421 1327 perpetuae
1439 1283 1660 1324 sanctionem,
1684 1283 1774 1325 quod
1792 1285 1842 1317 est
1868 1283 1961 1323 juxta
1989 1283 2101 1315 fatum.
2146 1282 2188 1313 At
2206 1288 2303 1320 vero,

1254 1351 1328 1384 quoe
1344 1343 1401 1376 Dei
1420 1343 1608 1376 comitatum
1631 1343 1748 1375 animae
1771 1342 1986 1382 neglexerint,
2010 1348 2140 1373 rursum
2155 1343 2188 1373 et
2211 1340 2304 1380 ipsa»,

1255 1402 1319 1446 alio
1362 1404 1522 1446 quodam.
1559 1402 1786 1443 contrarioque
1826 1410 1940 1443 genere
1978 1399 2154 1434 secundum
2202 1399 2303 1431 fatum

1256 1461 1356 1494 vitam
1385 1461 1517 1502 exigunt
1539 1473 1548 1493 ι
1568 1460 1670 1493 donec
1692 1460 1844 1502 poenitcst
1866 1468 1920 1493 eas
1939 1458 2130 1492 delictorum
2151 1467 2304 1495 snorum,

1254 1520 1459 1562 expiatisque
1487 1519 1679 1552 criminibus
1702 1519 1854 1560 deinceps
1884 1518 1925 1551 ad
1955 1517 2147 1551 immortalis
2177 1518 2254 1559 Dei,
2273 1520 2305 1551 et

1254 1580 1448 1612 aeternarum
1456 1577 1705 1619 divinarumque
1713 1578 1920 1619 potestatum,
1928 1577 2044 1609 choros
2052 1568 2265 1616 revertantur,
2273 1578 2307 1609 et

1254 1638 1307 1671 ille
1323 1638 1402 1679 legis
1415 1637 1502 1679 rigor
1519 1645 1560 1670 ex
1578 1636 1733 1670 deteriore
1749 1636 1877 1669 fortuna
1893 1635 2063 1668 transitum
2080 1635 2146 1668 lieri
2163 1636 2246 1668 sinat
2264 1636 2305 1668 ad

1255 1697 1394 1731 beatam.
1437 1696 1533 1735 Quod
1554 1695 1620 1729 lieri
1639 1697 1727 1729 certe
1745 1703 1809 1728 non
1830 1697 1950 1736 posset,
1963 1694 1989 1727 si
2008 1695 2116 1727 omnia
2134 1695 2305 1729 constricta

1254 1757 1364 1790 essent
1386 1755 1540 1789 uniformi
1558 1755 1699 1797 quadam
1719 1755 1751 1788 et
1774 1754 1874 1796 rigida
1901 1755 1999 1796 atque
2027 1754 2227 1787 irrevocabili
2247 1763 2305 1788 ue·

1253 1816 1412 1849 cessitate.
1458 1817 1506 1848 Ex
1522 1823 1588 1856 quo
1607 1817 1752 1856 apparet,
1763 1813 2025 1856 prouidentiam
2038 1814 2170 1854 quidem
2194 1813 2302 1846 omnia

1253 1874 1336 1907 intra
1361 1882 1396 1907 se
1422 1872 1675 1915 circumplexam
1684 1884 1695 1915 ς
1714 1874 1824 1906 tenere
1853 1871 1972 1914 quippe
2002 1872 2130 1913 omnia,
2153 1881 2231 1914 qua:
2252 1881 2304 1905 se-

1253 1932 1398 1967 cundum
1433 1933 1569 1966 eandem
1603 1934 1688 1965 recte
1717 1931 1993 1972 administrantur3
2019 1933 2053 1964 at
2080 1940 2157 1964 vero
2180 1931 2306 1972 satum

1255 1991 1465 2035 providentias
1490 1991 1608 2025 scitum
1634 1992 1708 2031 est,
1723 1991 1866 2023 continet
1889 1993 1998 2023 antem
2018 1998 2056 2023 ea
2068 2014 2078 2031 ‚
2097 1999 2161 2030 qne
2179 1994 2255 2023 sunt
2271 1990 2304 2023 in

1255 2054 1366 2084 nostra
1386 2051 1555 2093 potestate.
1577 2051 1614 2083 ut
1634 2048 1850 2091 praecedentis
1870 2059 1879 2079 ε
1900 2048 2044 2082 continet
2059 2049 2155 2082 etiam
2177 2049 2306 2083 merito·

1255 2119 1326 2143 rum
1345 2109 1566 2144 collationem.
1589 2110 1775 2151 Sequuntur
1787 2107 2036 2148 animadversio,
2055 2110 2089 2141 et
2101 2107 2303 2150 approbatio,

1253 2176 1327 2210 quae
1350 2169 1428 2201 sunt
1458 2166 1566 2200 tatatla
1598 2180 1606 2200 ι
1635 2175 1736 2208 eaque
1763 2166 1889 2207 omnia,
1907 2175 1982 2208 quse
2001 2175 2099 2207 casu,
2120 2167 2304 2208 fortunave,

1254 2226 1345 2261 finnt.

1295 2286 1528 2320 CLxxxvlll.
1551 2285 1636 2325 Quid
1651 2285 1746 2327 igitur
1760 2285 1821 2318 sibl
1835 2285 1937 2319 voluit
1953 2288 2110 2320 tractatus
2124 2286 2219 2328 liuius
2237 2289 2304 2321 tam

1253 2343 1339 2386 larga
1367 2343 1559 2386 prolixitas?
1576 2343 1659 2382 Quia
1685 2343 1778 2377 multi
1802 2344 1888 2377 nulla
1907 2353 1983 2377 cura
2001 2345 2069 2378 veri
2085 2345 2227 2386 sciendi,
2244 2345 2302 2380 sed

1254 2402 1360 2444 potius
1375 2402 1459 2435 veris
1475 2402 1652 2435 rationibus
1675 2402 1851 2442 renitendi,
1864 2404 1897 2436 et
1912 2403 1971 2445 ipsi
1995 2403 2164 2443 falluntur,
2182 2405 2217 2437 et
2233 2413 2300 2438 cn·

1252 2462 1339 2495 ieros
1352 2461 1384 2494 ln
1398 2463 1516 2494 erroris
1532 2460 1744 2494 ineluctabilis
1757 2460 1924 2503 implicant
1938 2461 2064 2495 lubrico
2081 2471 2090 2495 :
2110 2463 2229 2505 quippe
2245 2464 2303 2505 qui

1251 2520 1291 2553 ad
1306 2529 1404 2553 unam
1422 2520 1561 2562 aliquam
1586 2521 1708 2562 partem
1734 2519 1907 2553 mundanae
1931 2520 2220 2555 administrationis
2248 2529 2302 2556 re·

1252 2578 1435 2622 spicientes,
1445 2581 1596 2621 tanquam
1610 2578 1651 2611 de
1664 2578 1778 2620 sotida,
1790 2581 1888 2621 atque
1900 2579 2053 2612 universa
2065 2579 2304 2621 dispensatione

1253 2639 1463 2680 pronuntient
1482 2650 1491 2671 :
1509 2636 1663 2680 quodque
1683 2637 1715 2672 ln
1732 2646 1794 2671 nna
1811 2640 1900 2680 parte
1922 2638 2115 2680 invenerint,
2130 2638 2161 2672 id
2177 2648 2248 2673 esse
2269 2639 2302 2673 in

1251 2698 1402 2731 omnibus
1426 2706 1558 2740 qnoque
1574 2697 1687 2731 mundi
1700 2697 1848 2740 partibus
1859 2702 2055 2739 asseverant,
2070 2700 2303 2742 proptereaque

1251 2766 1326 2790 curn
1354 2755 1474 2798 aliquid
1498 2764 1612 2790 verum
1638 2755 1769 2797 dicunt,
1786 2756 1955 2790 veracibus
1976 2756 2096 2791 similes
2126 2757 2301 2801 habentur,

1251 2815 1403 2858 quamvis
1410 2815 1658 2858 compugnantia
1668 2814 1805 2849 invicem
1815 2815 1936 2850 dicant.
1947 2816 2029 2849 Cum
2037 2818 2145 2851 sutem
2159 2816 2199 2850 de
2210 2821 2301 2859 parte

1250 2875 1424 2909 sentientes
1445 2874 1577 2918 perinde
1599 2874 1897 2918 babent,tanquam
1907 2875 1949 2908 de
1958 2875 2061 2909 solido
2074 2876 2300 2919 universoque,

1250 2934 1650 2977 sentiant3redarguuntur
1665 2934 1816 2969 invicem.
1831 2936 1978 2977 Namque
1997 2935 2062 2969 fato
2072 2935 2222 2977 quadam
2233 2937 2301 2978 agi,

1251 3003 1362 3029 verum
1371 2997 1422 3029 est
1433 3004 1441 3028 ε
1451 2994 1576 3037 etqnod
1583 2994 1735 3037 quodam
1742 2995 1774 3028 in
1784 2996 1891 3028 noatn
1902 2997 2060 3038 potestate
2069 2997 2143 3035 sint,
2154 2995 2215 3029 troc
2222 3004 2298 3037 quo·

1249 3062 1315 3096 quo
1323 3061 1436 3089 verum
1450 3062 1522 3088 esse
1534 3055 1751 3088 monstratum
1760 3054 2012 3097 est.Quar‹·,qul
2026 3055 2134 3088 omnia
2146 3054 2214 3088 fato
2228 3054 2294 3088 neri

1249 3112 1379 3153 dicunt.
1401 3114 1515 3148 merito
1541 3113 1820 3156 reprehenduntur
1842 3112 1885 3147 ab
1913 3114 1971 3155 iis,
1989 3114 2046 3156 qui
2073 3114 2207 3155 probant
2227 3121 2298 3146 esse

1249 3172 1370 3213 aliquid
1382 3172 1416 3206 in
1427 3174 1538 3206 nostra
1557 3174 1725 3214 potestate.
1771 3174 1908 3206 Demum
1921 3196 1930 3212 ‚
1944 3173 1999 3215 qui
2017 3173 2124 3205 omnia
2139 3173 2171 3205 in
2185 3174 2297 3204 nostra

1249 3231 1411 3273 potestate
1422 3231 1647 3272 constituunt,
1659 3239 1719 3265 nec
1731 3231 1903 3273 quicquam
1923 3232 1987 3263 fato
2010 3230 2214 3271 relinquunt.
2233 3229 2296 3262 fstll

1248 3290 1452 3333 deteguntur.
1498 3290 1580 3330 Quis
1604 3291 1690 3324 enim
1723 3290 1846 3331 ignoret
1864 3299 1933 3323 esse
1953 3289 2073 3331 aliqum
2103 3290 2134 3321 in
2165 3289 2246 3327 fato,
2263 3289 2297 3321 et

1247 3351 1338 3383 extra
1359 3351 1507 3384 nostrum
1521 3350 1592 3391 ins?
1608 3350 1682 3385 sot·
1703 3350 1799 3390 igitur
1814 3357 1887 3381 vera
1910 3349 1962 3379 illa
1990 3348 2070 3379 ratio
2087 3349 2152 3384 est.
2170 3347 2295 3387 linque

1247 3410 1280 3440 et
1293 3405 1415 3441 stabilis
1427 3406 1585 3440 sententIa
1599 3415 1674 3448 (μοι
1686 3405 1778 3438 docet
1792 3405 1940 3446 qumi-nr
1954 3404 2018 3435 fato
2031 3403 2111 3443 liert,
2123 3401 2182 3435 alta
2200 3410 2296 3444 {torm

1249 3473 1288 3500 ea
1314 3464 1482 3500 bominum
1498 3464 1631 3499 arbitrio
1642 3488 1653 3506 ,
1666 3469 1699 3499 et
1718 3465 1881 3497 vuluntate
1893 3486 1902 3503 ,
1917 3460 2083 3504 proticisci.
