2638 3840
943 470 1112 569 DE
1190 466 1893 572 SOPHISTIS.

402 874 616 923 Antequam
638 871 879 921 singulorum
909 870 1169 923 soppistarum
1194 883 1256 909 res
1282 883 1391 922 sepa-

348 932 461 970 ratim
488 931 671 977 referam,
692 943 819 980 pauca·
834 929 877 967 in
896 930 1122 968 universum
1139 929 1187 967 de
1210 930 1387 969 virorum

346 991 503 1028 illorum
524 989 565 1026 in
581 988 728 1025 litteras
744 987 892 1026 meritis
911 987 1108 1039 praefanda
1128 988 1223 1026 mihi
1245 985 1388 1026 'viden-

346 1059 422 1089 tur.
479 1049 723 1099 Quamquam
758 1047 959 1086 veteribus
993 1048 1146 1086 saeculis
1175 1048 1390 1085 clarissima

344 1108 589 1157 Protagorae,
609 1106 765 1157 Gorgiae
797 1114 1102 1157 caeterorumque
1128 1106 1388 1157 sophistarum

344 1167 504 1204 nomina
532 1167 686 1204 fuerunt
713 1166 913 1216 multaque
931 1165 979 1203 de
999 1166 1049 1203 iis
1067 1166 1224 1217 scripsit
1248 1165 1358 1203 Plato
1378 1178 1386 1201 :

344 1234 470 1263 tamen
491 1225 598 1263 nulla
616 1224 876 1276 philosophiae
894 1224 1063 1275 antiquae
1081 1237 1171 1275 pars
1189 1233 1265 1262 tam
1286 1236 1388 1261 cras-

344 1285 398 1322 sis
418 1284 608 1322 occultata
632 1297 676 1322 ac
697 1276 931 1322 circumfusa
954 1283 1126 1323 tenebris
1146 1284 1255 1329 latet,
1275 1295 1388 1333 quam

344 1344 555 1395 sophistica
568 1344 792 1395 disciplina.
851 1342 979 1388 Quum
997 1343 1100 1381 enim
1115 1343 1226 1381 Plato
1240 1343 1282 1380 in
1302 1343 1389 1393 plu·

298 1440 301 1443 Δ
344 1401 454 1440 ribus
473 1402 661 1452 dialogis,
685 1402 794 1440 velut
819 1402 861 1439 in
890 1401 1057 1451 Gorgia,
1081 1402 1268 1452 Menone,
1290 1405 1388 1440 Pro-

344 1469 496 1510 tagora,
513 1460 754 1511 Euthydemo
766 1489 776 1507 ,
795 1459 990 1498 Theaeteto
1007 1473 1212 1511 perversas
1233 1460 1390 1511 opinio-

344 1533 412 1558 nes
430 1533 565 1558 corum
586 1522 653 1570 qui
670 1520 740 1558 illo
764 1528 937 1570 tempore
956 1520 1112 1557 virtutis
1126 1548 1136 1567 ,
1158 1519 1390 1570 eloquentiae

345 1587 382 1616 et
403 1577 628 1629 reipublicae
639 1577 739 1616 bene
753 1578 1071 1616 administrandae
1087 1579 1291 1627 magistros
1308 1590 1391 1615 sese

345 1637 634 1688 profitebantur
658 1637 885 1687 redarguat,
911 1637 954 1674 in
979 1649 1236 1688 personarum
1263 1645 1388 1674 autem

346 1695 525 1734 moribus
548 1696 806 1747 depingendis
825 1696 1106 1746 sententiisque
1127 1694 1389 1733 memorandis

346 1756 394 1793 ad
414 1756 555 1794 comici
573 1764 695 1807 poetae
714 1756 909 1794 licentiam
929 1756 1109 1806 proxime
1126 1754 1280 1792 accedat
1298 1766 1307 1792 :
1331 1767 1391 1791 ca-

344 1814 512 1852 vendum
553 1823 611 1853 est
644 1827 694 1852 ne
732 1814 804 1853 hos
836 1815 1010 1853 historiae
1043 1815 1167 1852 fontes
1207 1814 1390 1865 ipsosque

344 1874 454 1912 viros
483 1874 551 1924 qui
571 1874 719 1925 optime
741 1874 789 1912 de
808 1874 959 1912 Graecia
978 1882 1202 1912 meruerunt
1226 1886 1273 1911 ex
1292 1886 1390 1925 prae-

344 1941 470 1971 sumta
489 1932 677 1983 opinione
693 1932 823 1983 potius
842 1946 957 1983 quam
977 1946 1026 1970 ex
1042 1933 1205 1971 veritate
1224 1932 1388 1970 aestime-

346 2004 446 2030 mus.
505 1989 612 2029 Idem
654 1991 734 2029 sere
776 1991 824 2029 de
871 1991 1128 2043 Xenophonte
1168 1991 1388 2030 dicendum.

345 2048 583 2088 Posterioris
607 2061 702 2086 vero
733 2049 856 2088 aetatis
885 2051 1094 2102 scriptores
1125 2063 1250 2101 pauca
1269 2062 1390 2100 eaque

344 2108 430 2159 ipsa
457 2114 536 2145 no'n
569 2108 662 2146 satis
693 2109 895 2159 explorata
924 2110 972 2147 de
1002 2109 1248 2161 philosophis
1276 2106 1386 2147 istam

345 2175 485 2204 sectam
506 2166 694 2218 professis
713 2177 978 2206 narraverunt.
1054 2168 1141 2214 Quo
1165 2168 1305 2206 factum
1330 2177 1387 2206 est

345 2233 389 2262 ut
417 2225 678 2264 recentiorum
712 2226 892 2279 plerique
926 2227 1104 2265 Platonis
1141 2226 1387 2278 potissimum

347 2285 573 2323 auctoritate
589 2286 755 2336 permoti
772 2286 1034 2337 sophistarum
1049 2286 1203 2324 decreta
1215 2287 1307 2324 olim
1325 2296 1389 2325 aut

348 2342 582 2391 negligenda
601 2343 777 2394 putarint
799 2353 865 2382 aut
895 2354 997 2383 certe
1027 2358 1231 2397 perperam
1264 2345 1312 2383 de
1339 2346 1388 2384 iis

342 2399 569 2450 judicarint.
615 2400 862 2453 Quapropter
875 2412 984 2452 grato
997 2403 1126 2441 animo
1144 2403 1385 2441 eruditorum

344 2458 545 2496 hominum
569 2458 619 2511 (1)
637 2459 771 2498 laudes
792 2461 1049 2512 praedicandae
1072 2470 1162 2500 sunt
1180 2462 1248 2513 qui
1270 2462 1389 2513 primi

346 2525 477 2555 nostra
516 2518 703 2556 memoria
733 2520 817 2557 sine
853 2521 911 2558 ira
939 2530 978 2558 et
1011 2521 1140 2559 studio
1172 2521 1220 2558 de
1253 2520 1388 2572 sophi-

346 2575 414 2612 stis
435 2588 628 2626 exponere
647 2577 910 2618 instituerunt.

348 2632 427 2670 fere
453 2634 714 2684 sophistarum
737 2636 876 2674 scholae
896 2638 950 2675 ita
977 2639 1079 2676 inter
1099 2652 1139 2676 se
1159 2638 1385 2686 differrent,

347 2699 391 2727 ut
443 2692 644 2730 dialectica
702 2695 948 2745 Protagorae,
997 2697 1158 2734 Prodici
1212 2695 1386 2748 philoso—

348 2867 479 2903 munis
497 2875 623 2904 tamen
644 2869 817 2906 omnium
841 2869 913 2907 fuit
932 2871 1154 2921 eloquentia
1177 2873 1388 2911 admirabi-

347 2924 397 2962 lis
422 2938 465 2961 ac
492 2925 654 2963 deorum
684 2927 934 2977 popularium
966 2938 1195 2969 contemtus,
1254 2931 1389 2982 Itaque

346 2983 517 3034 primum
544 2983 591 3021 de
617 2985 772 3023 dicendi
801 2987 967 3024 artificio
1005 3000 1026 3024 a
1059 2989 1243 3039 sophistis
1267 2999 1304 3027 et
1330 2991 1389 3027 in-

348 3051 464 3079 vento
497 3050 534 3079 et
569 3056 692 3094 prope
720 3054 1006 3093 consummato,
1039 3046 1179 3085 deinde
1212 3048 1260 3085 de
1302 3049 1378 3087 isto

966 2579 1094 2625 Quum
1114 2592 1208 2616 vero
1225 2588 1391 2630 quatuor

1416 2697 1423 2706 “
1450 2703 1600 2734 rentur.

346 2749 439 2799 phia
464 2750 649 2798 moralis,
677 2752 830 2803 Hippiae
848 2755 1031 2804 physica,
1050 2754 1207 2804 Gorgiae
1223 2755 1391 2807 deniqne
1415 2713 1423 2810 ἒ
1448 2754 1747 2806 increbruisset,
1770 2755 1877 2792 nulla
1909 2755 1982 2793 fuit
2018 2769 2080 2794 ars
2112 2757 2295 2796 oratoria.

347 2807 539 2845 rhetorica
554 2810 721 2847 maxime
739 2812 902 2862 propria
919 2813 1038 2851 fuisse
1055 2813 1234 2851 videatur
1252 2828 1260 2851 :
1286 2829 1390 2852 com-

1451 884 1582 909 rerum
1602 870 1826 910 divinarum
1845 879 2060 919 contemtu,
2080 881 2266 924 quantum
2288 885 2359 925 per
2376 872 2496 924 hujus

1451 930 1527 967 loci
1549 930 1746 979 angustias
1766 930 1856 967 licet
1870 959 1881 980 ,
1904 931 2269 985 commentabimur.

1504 988 1769 1039 Eloquentiam
1789 1002 1868 1027 non
1890 1002 1969 1027 uno
1989 990 2131 1028 saeculo
2150 990 2348 1037 floruisse,
2370 990 2438 1029 sed
2457 991 2498 1029 in

1450 1047 1619 1085 maxima
1632 1056 1849 1100 temporum
1862 1078 1873 1099 ,
1891 1049 2064 1098 gentium
2078 1077 2089 1096 ,
2103 1049 2350 1098 ingeniorum
2367 1049 2499 1088 varie·

1451 1114 1525 1143 tate
1569 1106 1793 1157 judiciique
1840 1119 1884 1144 ac
1921 1107 2134 1144 voluntatis
2177 1106 2500 1145 dissimilitudine

1450 1165 1623 1202 omnium
1664 1165 1893 1203 sacculorum
1941 1165 2193 1216 gentiumque
2227 1173 2497 1204 ornamentum

1449 1236 1533 1261 esse
1553 1232 1716 1262 constat.
1772 1224 1871 1262 Vere
1890 1225 1995 1262 enim
2016 1224 2153 1263 Cicero
2171 1224 2226 1262 ait
2245 1238 2254 1262 z
2279 1241 2296 1259 κ
2326 1224 2403 1263 hoc
2419 1237 2499 1262 uno

1450 1290 1679 1333 praestamus
1701 1282 1763 1320 vel
1785 1283 1952 1320 maxime
1972 1283 2064 1321 feris
2078 1312 2090 1333 ,
2112 1283 2217 1334 quod
2239 1283 2500 1334 colloquimur

1451 1341 1556 1379 inter
1578 1354 1649 1380 nos
1669 1350 1707 1379 et
1724 1341 1828 1392 quod
1849 1342 2071 1393 exprimere
2089 1342 2256 1380 dicendo
2275 1355 2388 1381 sensa
2406 1355 2497 1394 pos-

1450 1413 1597 1439 sumus.
1654 1399 1920 1446 Quamobrem
1938 1401 2027 1451 quis
2046 1400 2120 1438 hoc
2136 1414 2215 1439 non
2231 1401 2499 1449 jure'miretur

1450 1473 1677 1511 summeque
1696 1461 1738 1498 in
1758 1474 1804 1498 eo
1821 1456 2098 1499 elaborandum
2117 1475 2200 1500 esse
2217 1461 2442 1510 arbitretur,
2454 1471 2499 1501 ut

1451 1527 1529 1564 quo
1550 1527 1630 1552 uno
1659 1513 1837 1552 homines
1864 1514 2032 1552 maxime
2057 1514 2195 1553 hestiis
2225 1524 2431 1567 praestent,
2455 1517 2498 1554 in

1450 1571 1524 1610 hoc
1542 1572 1772 1611 hominibus
1790 1572 1888 1624 ipsis
1908 1573 2135 1611 antecellat?
2167 1573 2218 1612 Ut
2238 1587 2332 1612 vero
2347 1573 2429 1625 jam
2447 1575 2496 1613 ad

1451 1631 1519 1670 illa
1541 1645 1693 1670 summa
1708 1633 1926 1681 veniamus,
1943 1646 2031 1684 quae
2041 1633 2103 1672 vis
2120 1633 2195 1672 alia
2210 1634 2338 1686 potuit
2351 1643 2417 1673 aut
2434 1635 2496 1674 di·

1450 1704 1604 1742 spersos
1616 1691 1796 1730 homines
1812 1706 1932 1730 unum
1952 1693 1995 1731 in
2011 1693 2140 1731 locum
2157 1706 2392 1744 congregare
2403 1723 2414 1742 ,
2432 1703 2498 1734 aut

1432 1746 1472 1788 'a
1491 1750 1570 1788 fera
1593 1751 1815 1801 agrestique
1832 1751 1913 1790 vita
1931 1752 1981 1790 ad
1996 1751 2100 1790 hunc
2119 1752 2331 1791 humanum
2350 1753 2496 1792 cultum

1451 1809 1687 1860 civilemque
1706 1809 1897 1848 deducere
1909 1840 1922 1859 ,
1940 1818 2006 1848 aut
2019 1809 2099 1860 jam
2121 1811 2343 1849 constitutis
2360 1812 2499 1850 civita-

1450 1867 1555 1906 tibus
1575 1868 1679 1917 leges
1693 1897 1705 1917 ‚
1724 1867 1878 1918 judicia
1892 1898 1902 1915 ,
1923 1868 2015 1919 jura
2038 1868 2289 1907 describere?
2308 1886 2324 1903 n
2356 1869 2496 1908 Merito

1450 1927 1570 1976 igitur
1602 1927 1683 1978 jam
1722 1928 2007 1978 antiquissimis
2043 1921 2285 1980 temporibus
2318 1927 2498 1968 homines

1451 1986 1586 2024 diserti
1608 1986 1795 2025 omnibus
1823 1987 2050 2038 placebant,
2074 1988 2167 2038 quia
2191 2000 2369 2037 magnam
2399 2000 2498 2026 sem-

1449 2058 1520 2096 per
1549 2047 1629 2084 vim
1661 2045 1798 2083 habuit
1825 2047 1966 2084 oratio.
2026 2046 2159 2099 Neque
2190 2047 2293 2085 enim
2335 2046 2497 2086 Troicis

1449 2103 1691 2156 temporibus
1712 2113 1860 2143 tantum
1880 2105 2009 2144 laudis
2029 2106 2072 2144 in
2094 2106 2261 2144 dicendo
2284 2105 2393 2144 Ulixi
2421 2107 2496 2146 tri-

1449 2164 1596 2201 buisset
1609 2163 1801 2202 Homerus
1818 2173 1855 2202 et
1865 2164 2035 2212 Nestori,
2051 2178 2217 2215 quorum
2233 2164 2395 2202 alterum
2412 2166 2494 2204 vim

1449 2222 1592 2260 habere
1606 2222 1754 2270 voluit,
1773 2223 1936 2261 alterum
1957 2223 2183 2262 suavitatem
2198 2251 2210 2270 ,
2226 2223 2303 2261 nisi
2317 2222 2399 2274 jam
2413 2233 2494 2263 tum

1450 2290 1550 2319 esset
1571 2281 1696 2319 honos
1728 2282 1962 2333 eloquentiae
1991 2297 2000 2320 :
2035 2295 2162 2333 neque
2180 2284 2245 2320 hic
2271 2283 2356 2334 ipse
2381 2293 2495 2334 poeta

1449 2353 1564 2390 quem
1586 2340 1709 2379 multo
1729 2349 1817 2392 post
1834 2340 1980 2379 bellum
1997 2340 2212 2391 Trojanum
2227 2341 2375 2380 vixisse
2391 2351 2495 2381 vete-

1449 2412 1510 2438 res
1529 2399 1768 2438 arbitrantur
1784 2408 1850 2437 aut
1863 2401 2086 2451 quicunque
2102 2401 2397 2439 Homericorum
2409 2415 2494 2440 car-

1450 2461 1602 2499 minum
1623 2470 1758 2500 auctor
1775 2461 1848 2499 fuit
1867 2470 1943 2499 tam
1962 2471 2125 2500 ornatus
2149 2463 2191 2500 in
2213 2462 2382 2512 singulis
2404 2477 2493 2502 ver-

1448 2518 1510 2557 bis
1550 2528 1666 2570 atque
1700 2520 1902 2558 sententiis
1939 2529 1978 2558 et
2015 2520 2143 2571 quoad
2175 2521 2278 2572 epici
2303 2523 2494 2561 sermonis

1449 2576 1678 2630 simplicitas
1699 2578 1846 2617 ferebat
1863 2592 1987 2630 prope
2006 2588 2136 2617 orator
2156 2579 2311 2625 fuisset,
2328 2580 2406 2618 nisi
2422 2581 2492 2619 ho-

1450 2637 1574 2675 mines
1589 2649 1774 2675 versuum
1802 2650 1845 2675 ac
1862 2637 2046 2676 dictionis
2064 2638 2359 2689 pulchritudine
2377 2652 2493 2691 cape-

1659 2695 1734 2734 Sed
1751 2705 1953 2747 antequam
1974 2697 2108 2735 solutae
2125 2697 2314 2735 orationis
2330 2698 2493 2749 scriptio

2358 2756 2492 2808 ltaque

1449 2813 1582 2851 laudes
1610 2816 1694 2851 istae
1721 2811 1865 2863 quibus
1885 2812 2020 2851 Ulixes
2039 2822 2076 2851 et
2098 2814 2237 2852 Nestor
2258 2815 2407 2869 aliique
2432 2815 2490 2853 sa·

1449 2871 1566 2910 cundi
1594 2885 1644 2909 ex
1679 2871 1819 2924 priscis
1849 2871 1929 2909 illis
1957 2872 2185 2910 mortalibus
2209 2873 2288 2911 viri
2314 2886 2336 2911 a
2363 2874 2490 2925 poetis

1448 2931 1675 2969 afficiuntur
1694 2930 1904 2968 referendae
1933 2941 2022 2969 sunt
2047 2941 2194 2970 tantum
2224 2933 2271 2970 ad
2292 2933 2485 2984 quandam

1452 2990 1593 3038 linguae
1610 2988 1893 3027 volubilitatem
1914 2989 2204 3041 verborumque
2220 2991 2362 3029 flumen
2384 2993 2488 3043 quod

1448 3049 1687 3087 audientium
1707 3061 1818 3086 aures
1835 3049 2015 3100 impleret
2028 3062 2072 3086 ac
2091 3058 2171 3087 tum
2192 3050 2389 3099 gravitatis
2408 3059 2488 3088 tum

389 3154 431 3194 (1)
445 3157 513 3186 Jac.
530 3156 633 3188 Geelii
648 3156 781 3188 historia
800 3158 911 3189 critica
934 3159 1151 3198 sophistarum
1169 3161 1223 3200 qui
1241 3162 1379 3193 socr-atis

345 3202 439 3234 aetate
452 3204 583 3235 Athonis
601 3204 786 3245 floruerunt,
805 3206 837 3237 in
858 3208 937 3238 Νον.
955 3207 1035 3238 actis
1052 3207 1113 3239 litt.
1132 3208 1243 3240 societ.
1262 3209 1387 3241 Rheno-

344 3248 520 3287 trajectinae
536 3251 578 3282 ΙΙ.
597 3252 758 3291 Ultrajecti
779 3255 869 3285 1823.
886 3255 924 3284 Η.
943 3254 1070 3293 Βοῑίεν,
1088 3254 1140 3286 die
1164 3255 1380 3294 griechischen

345 3295 514 3334 Sophisten
530 3305 567 3327 zu
584 3298 729 3330 Socrates
748 3299 812 3331 und
832 3299 935 3331 Platos
955 3300 1024 3332 Zeit
1039 3301 1104 3332 und
1119 3301 1167 3332 ihr
1185 3302 1320 3333 Einfluss
1333 3304 1386 3334 aul

339 3342 581 3376 .Bci·ed,samkeit
603 3346 667 3376 und
697 3346 912 3387 Philosophie.
937 3348 1133 3387 stutgardiae
1166 3352 1264 3388 1832;
1282 3351 1322 3381 G.
1350 3353 1385 3382 F.

347 3389 504 3420 Boselzcri
528 3391 568 3422 de
595 3391 754 3424 historicae
776 3393 932 3425 doctrinae
953 3393 1038 3433 apud
1062 3395 1222 3434 sophistas
1251 3397 1385 3435 maj01es

345 3436 486 3474 vestigiis
495 3436 675 3477 disputatio.
690 3439 846 3479 Gottingae
864 3442 939 3472 1838
952 3452 960 3480 ;
971 3442 1010 3472 G.
1024 3441 1261 3475 Baumhauerz·
1272 3444 1384 3475 dissei·-

346 3481 423 3515 tatio
438 3482 479 3514 de
491 3485 666 3523 qtioestione
690 3495 787 3526 quam
810 3487 874 3519 vim
895 3488 1047 3528 sophistae
1065 3489 1233 3523 habuerint
1250 3492 1382 3523 Athenis

1448 3162 1487 3193 ad
1502 3162 1605 3194 aetatis
1621 3170 1690 3194 suae
1713 3162 1934 3202 disciplinam,
1951 3171 2057 3194 mores
2084 3171 2122 3194 ac
2145 3162 2250 3194 studia
2276 3163 2487 3196 immutanda.

1447 3208 1580 3247 Traiecti
1603 3209 1794 3240 Batavorum
1815 3210 1913 3248 18443
1932 3210 1971 3240 H.
1993 3208 2197 3240 Scleildener
2213 3209 2254 3240 de
2281 3209 2440 3249 sophistis
2457 3209 2489 3242 in

1447 3255 1551 3286 Jahnii
1567 3255 1694 3286 Archiv.
1714 3254 1822 3296 philol.
1848 3250 1909 3286 vol.
1934 3256 2024 3286 XVII
2044 3264 2112 3295 pag.
2139 3258 2198 3288 385
2219 3264 2307 3296 seqq.
2336 3258 2433 3296 1851;
2456 3258 2486 3288 J.

1447 3303 1527 3333 F-rei
1542 3302 1696 3342 Beitraege
1712 3311 1770 3334 zur
1779 3302 1971 3345 Geschichte
1985 3302 2041 3334 der
2053 3302 2271 3342 griechischen
2286 3302 2444 3342 Sophisiik
2457 3303 2487 3334 in

1447 3351 1529 3382 MuS.
1553 3350 1695 3382 Rhenan.
1714 3351 1752 3382 N.
1772 3352 1805 3382 S.
1828 3351 1904 3388 VH,
1922 3353 2013 3389 1850,
2029 3358 2059 3390 p.
2079 3352 2219 3383 527-554
2234 3352 2267 3382 ot
2283 3351 2374 3389 Vltt,
2395 3352 2485 3387 1853,

1447 3405 1477 3435 p.
1499 3399 1658 3437 268—2793
1678 3400 1714 3429 Α.
1739 3399 1768 3429 J.
1791 3398 1958 3436 Vitrinqat
1979 3396 2018 3428 de
2037 3397 2255 3437 sophistarum
2274 3396 2392 3428 scholis
2412 3405 2488 3437 quae

1446 3444 1583 3475 Socratis
1602 3446 1695 3476 aetate
1723 3445 1855 3476 Athenis
1877 3444 2053 3476 non-nerunt
2077 3443 2307 3475 commentatio
2335 3444 2366 3475 in
2392 3445 2484 3476 Mne-

1446 3497 1524 3520 mos.
1546 3491 1589 3529 tl,
1613 3494 1702 3523 1853.

1367 3563 1470 3590 Lvttt
