2638 3840
712 243 935 292 EJUSQUE
963 243 1248 284 DISCIPULIS
1279 245 1342 297 ΕΤ
1370 242 1784 284 SUCCESSORIBUS.
2240 253 2312 281 xxi

180 332 406 381 novenario,
424 341 594 372 ternario
608 341 722 384 atque
737 333 884 371 unitate
894 333 1132 385 compositus
1146 333 1211 378 sit,

178 406 273 445 quae·
291 392 420 431 unitas
454 392 590 444 puncti
621 391 796 429 obtineat
838 391 968 429 locum
981 420 991 437 ,
1025 391 1215 429 ternarius

177 463 273 489 vero
302 452 440 502 primae
473 450 636 502 imparis
663 450 798 496 lineae,
831 451 1068 488 novenarius
1098 451 1215 501 primi

177 509 340 561 imparis
356 509 532 560 quadrati
551 523 560 547 :
576 522 624 548 ex
637 508 700 548 his
714 507 836 559 igitui-
850 509 976 548 causis
990 522 1108 558 quum
1123 508 1215 546 XIII

177 567 306 607 diesin
339 571 478 620 ponat,
511 568 617 621 quod
659 569 908 607 semitonium
953 578 1214 621 nuncupatur,

177 626 371 679 reliquam
390 625 530 664 XXVII
550 627 702 666 numeri
723 635 893 679 partem,
912 640 998 678 quae
1017 626 1102 665 XIV
1127 628 1213 666 uni·

177 685 320 724 tatibus
354 686 587 733 continetur,
615 695 820 738 apotomen
845 699 929 725 esse
958 687 1105 727 statuit.
1142 687 1215 726 Sed

177 745 360 796 quoniam
380 745 485 783 inter
515 743 608 783 XIII
630 753 668 783 et
686 744 772 783 XIV
792 745 922 783 unitas
950 744 1214 784 differentiam

178 803 291 851 facit,
321 804 509 843 unitatem
544 805 747 843 commatis
773 804 862 843 loco
881 813 1010 843 censet
1037 818 1122 843 esse
1147 819 1215 858 po-

177 862 342 901 nendam
358 891 369 910 ,
384 871 508 902 totum
527 875 623 901 vero
637 871 770 902 tonum
788 863 830 902 in
848 861 986 901 XXVII
1002 864 1217 903 unitatibus

176 919 298 970 locat,
316 921 497 972 eoquod
527 921 630 960 inter
660 921 807 960 CCXVI
843 935 886 960 ac
917 921 1126 971 CCXLIII,
1149 924 1217 974 qui

177 979 279 1018 inter
308 993 350 1019 se
385 979 530 1019 distant
568 989 660 1018 tono
673 1010 684 1028 ,
720 979 859 1019 XXVII
899 982 951 1020 sit
980 981 1214 1023 differentia.

177 1038 369 1078 Praeterea
402 1039 452 1078 de
480 1039 701 1078 minoribus
732 1041 953 1079 intervallis
984 1041 1038 1079 ita
1067 1041 1219 1092 judicat

176 1097 390 1137 Philolaus.
423 1097 550 1137 Diesis
593 1099 723 1149 (131),
757 1099 909 1150 inquit,
939 1107 996 1137 est
1026 1101 1215 1151 spatium,

177 1167 256 1205 quo
282 1155 410 1207 major
436 1164 495 1194 est
527 1156 798 1207 sesquioctava
833 1157 1038 1209 proportio
1066 1158 1217 1198 duabus

178 1213 377 1262 diesibus,
395 1214 437 1253 id
462 1223 521 1253 est
548 1214 701 1254 duobus
721 1217 941 1255 semitoniis
974 1217 1214 1266 minoribus3

177 1272 347 1312 schisma
381 1281 440 1312 est
471 1273 678 1313 dimidium
716 1275 940 1323 commatis3
985 1275 1219 1316 diaschisma

175 1344 271 1371 vero
289 1331 493 1372 dimidium
509 1331 658 1371 dieseos
670 1360 681 1379 ,
697 1332 738 1370 id
753 1341 811 1371 est
824 1334 1020 1372 semitonii
1038 1335 1214 1375 minoris.

176 1389 233 1428 Ex
251 1390 395 1443 quibus
422 1390 521 1429 illud
543 1391 758 1441 colligitur,
781 1392 964 1443 qnoniam
991 1402 1106 1432 tonus
1129 1395 1220 1446 qui-

174 1449 261 1488 dem
292 1448 487 1488 dividitur
513 1449 712 1501 praecipue
736 1449 778 1487 in
813 1450 1063 1489 semitonium
1088 1453 1218 1492 minus

175 1515 292 1559 atque
308 1515 515 1560 apotomen
529 1536 540 1555 ,
558 1506 686 1546 dividi
705 1521 792 1546 eum
811 1508 926 1547 etiam
941 1509 983 1547 in
999 1509 1078 1548 duo
1098 1512 1215 1550 semi-

174 1568 283 1606 tonia
300 1576 339 1606 et
354 1579 524 1616 comma;
541 1580 620 1619 quo
639 1568 682 1605 fit
695 1577 737 1606 ut
758 1568 959 1607 dividatur
975 1569 1015 1607 in
1036 1579 1219 1621 quattuor

174 1624 447 1664 diaschismata
473 1633 513 1664 et
543 1639 708 1666 comma.
745 1626 941 1677 Integrum
974 1641 1068 1667 vero
1100 1631 1217 1670 dimi-

174 1683 282 1722 dium
312 1684 420 1732 toni,
455 1684 560 1734 quod
590 1693 648 1723 est
681 1686 955 1734 semitonium,
985 1697 1135 1727 constat
1164 1703 1213 1728 ex

174 1743 330 1783 duobus
349 1743 693 1784 diaschismatibus
705 1774 715 1792 ,
735 1745 839 1797 quod
856 1755 913 1785 est
929 1760 1047 1785 unum
1066 1750 1219 1788 semito-

175 1802 283 1841 nium
315 1802 445 1842 minus
458 1832 469 1851 ‚
497 1811 536 1841 et
554 1803 763 1848 schismate
777 1833 787 1851 ,
807 1805 911 1855 quod
931 1814 990 1844 est
1008 1806 1216 1847 dimidium

176 1862 388 1905 commatis.
406 1862 599 1909 Quoniam
617 1877 735 1914 quum
752 1873 854 1903 totus
870 1873 982 1903 tonus
995 1878 1044 1904 ex
1062 1867 1218 1908 duobus

176 1921 396 1960 semitoniis
416 1920 636 1960 minoribus
659 1932 698 1961 et
716 1931 904 1961 commate
937 1925 1126 1965 conflatus
1147 1927 1217 1979 sit,

175 1980 209 2018 si
229 1973 319 2031 quis
336 1980 485 2030 integre
504 1979 682 2019 dividere
698 1982 819 2029 velit,
839 1981 952 2020 saciet
970 1996 1090 2022 unum
1109 1987 1219 2025 semi-

175 2038 324 2077 tonium
340 2038 469 2077 minus
479 2038 757 2090 commatisque
771 2039 995 2081 dimidium.
1009 2042 1083 2081 Sed
1098 2057 1217 2083 unum

175 2097 423 2136 semitonium
440 2098 569 2136 minus
583 2098 776 2137 dividitur
789 2100 829 2137 in
840 2098 918 2137 duo
931 2099 1216 2153 diaschismata,

175 2155 382 2195 dimidium
418 2168 512 2195 vero
545 2156 748 2194 commatis
779 2167 898 2194 unum
944 2157 1113 2198 schisma
1147 2171 1216 2203 est.

174 2213 292 2254 Recte
306 2214 427 2265 igitur
439 2213 585 2252 dictum
604 2222 662 2252 est
672 2244 683 2265 ,
699 2216 849 2264 integre
861 2214 1066 2255 dimidium
1084 2226 1218 2258 tonum

175 2272 218 2311 in
237 2272 316 2311 duo
347 2272 622 2311 diaschismata
642 2281 757 2324 atque
779 2287 898 2312 unum
919 2274 1087 2314 schisma
1106 2291 1219 2329 posse

174 2331 315 2383 partiri
340 2345 349 2369 :
372 2344 451 2383 quo
474 2331 516 2370 fit
543 2340 586 2370 ut
607 2332 802 2382 integrum
826 2333 1077 2372 semitonium
1105 2349 1127 2373 a
1147 2337 1218 2375 mi·

175 2402 273 2430 nore
288 2390 499 2430 semitonio
515 2403 596 2429 uno
615 2391 823 2430 schismate
838 2391 999 2431 differre
1017 2393 1216 2444 videatur3

174 2458 352 2502 apotome
366 2458 492 2489 autem
513 2463 536 2489 a
556 2450 708 2489 minore
724 2452 930 2490 semitonio
946 2452 1099 2493 duobus
1119 2456 1219 2494 schi-

173 2508 365 2548 smatibus
395 2508 528 2548 differt
562 2509 727 2548 :differt
757 2510 861 2549 enim
893 2520 1083 2551 commate
1117 2529 1125 2551 :
1151 2516 1217 2554 sed

173 2567 253 2607 duo
286 2567 494 2607 schismata
515 2581 636 2607 unum
663 2569 872 2620 perficiunt
891 2583 1055 2610 comma.
1080 2571 1219 2612 Excel-

173 2624 294 2665 luisse
307 2626 528 2666 Philolaum
546 2627 647 2665 inter
669 2640 736 2666 eos
751 2629 818 2679 qui
836 2628 884 2666 de
903 2628 964 2667 his
978 2628 1095 2668 rebus
1110 2645 1216 2682 quae-

173 2685 351 2724 siverunt
364 2694 500 2725 auctor
512 2695 570 2725 est
581 2685 785 2726 Vitruvius
807 2686 1013 2726 Architect.
1034 2689 1103 2728 lib.
1126 2691 1157 2737 1,
1181 2706 1213 2737 ι,

178 2741 246 2782 ubi
267 2742 384 2795 hujus
398 2744 647 2797 aliorumque
662 2745 837 2783 virorum
859 2745 1060 2784 doctorum
1084 2747 1216 2788 laudes

176 2800 358 2840 celebrat.
379 2803 445 2842 Ait
467 2803 573 2842 enim
599 2817 608 2841 ι
638 2822 654 2839 α
681 2803 835 2850 Quibus
853 2817 948 2843 vero
971 2814 1109 2844 natura
1133 2815 1216 2847 tan-

179 2867 258 2899 tum
291 2860 431 2901 tribuit
458 2861 663 2910 sollertiae,
694 2863 907 2910 acuminis,
931 2865 1150 2913 memoriae,
1175 2875 1217 2906 ut

175 2918 327 2970 possint
350 2919 601 2968 geometriam
617 2947 629 2967 ‚
653 2921 926 2971 astrologiam,
944 2923 1116 2961 musicen
1143 2938 1216 2963 cae·

176 2983 358 3027 terasque
383 2976 614 3030 disciplinas
630 2979 786 3031 penitus
805 2980 947 3019 habere
968 2989 1096 3027 notas,
1118 2996 1216 3034 prae-

174 3040 325 3072 tet-eunt
336 3032 467 3072 officia
477 3035 774 3075 architectorum
786 3046 822 3076 et
831 3039 926 3076 fiunt
941 3039 1212 3080 mathematici.

176 3088 310 3143 Itaque
332 3090 498 3132 faciliter
517 3102 652 3133 contra
670 3107 736 3134 eas
760 3096 990 3149 disciplinas
1018 3097 1216 3149 disputare

174 3158 356 3201 possunt,
375 3151 480 3202 quod
508 3152 689 3204 pluribus
706 3154 794 3193 telis
810 3155 1104 3207 disciplinarum
1126 3167 1214 3198 sunt

173 3208 324 3247 armati.
343 3208 390 3247 lii
409 3218 535 3248 autem
552 3210 806 3251 inveniuntur
820 3227 930 3260 ram,
950 3214 1215 3266 utaliquando

177 3266 332 3306 suerunt
364 3268 611 3309 Aristarchus
630 3270 808 3318 Samius,
838 3272 1037 3311 Philolaus
1067 3282 1104 3312 et
1142 3274 1215 3314 Ar·

177 3324 311 3377 chytas
340 3324 567 3379 Tarentini,
599 3330 833 3381 Apollonius
854 3330 1057 3382 pergimus,
1083 3332 1215 3374 Erato·

219 3447 307 3491 (131)
324 3450 478 3485 Boethius
499 3452 679 3487 Damastes
698 3455 756 3495 ΙΙΙ.
770 3456 802 3488 ⁸.

1281 332 1433 371 sthenes
1457 333 1687 384 Cyrenaeus,
1709 330 1959 369 Archimedes
1985 339 2022 368 et
2055 330 2242 382 Scopinas
2266 331 2315 369 ab

1276 391 1491 442 Syracusis,
1510 393 1577 443 qui
1598 391 1736 429 multas
1751 403 1814 429 res
1832 390 2034 440 organicas
2053 398 2090 428 et
2109 391 2317 440 gnomoni-

1278 463 1339 488 cas
1361 464 1521 488 nnmero
1545 449 1864 500 naturalibusque
1895 449 2112 487 rationibus
2139 449 2317 487 inventas

1277 518 1390 560 atque
1399 511 1610 561 explicatas
1620 509 1783 561 posteris
1791 508 2045 559 reliquerunt.
2059 526 2074 541 υ
2092 508 2219 546 Porro
2233 522 2318 558 quae

1276 566 1530 606 Nicomachus
1551 569 1655 619 (132)
1678 567 1843 607 Arithm.
1864 566 1918 615 lI,
1941 581 1980 619 p.
2006 581 2054 615 72
2074 567 2122 605 de
2140 566 2319 605 Philolao

1278 625 1391 673 dicit,
1408 628 1688 665 confirmantur
1706 627 1820 665 etiam
1846 639 1869 665 a
1886 626 2048 664 Boethio
2073 625 2237 664 Arithm.
2258 625 2318 674 11,

1279 690 1344 734 (09,
1367 686 1546 736 quamvis
1565 686 1718 724 sublato
1737 685 1985 737 Pythagorici
2005 684 2229 736 philosophi
2251 698 2319 722 no-

1279 744 1393 782 mine.
1419 762 1433 777 ο
1449 744 1595 783 Vocant
1614 754 1738 783 autem
1751 773 1761 791 ,
1782 746 1911 796 inquit
1923 774 1934 791 ,
1953 744 2111 796 quidam
2126 743 2320 782 harmoni-

1279 816 1360 841 cam
1386 804 1613 855 hujusmodi
1638 805 1879 843 medietatem
1898 804 2047 843 idcirco
2060 833 2072 851 ,
2089 803 2194 855 quod
2221 817 2320 842 sem·

1278 875 1351 914 per
1371 862 1451 901 haec
1478 864 1823 915 proportionalitas
1852 863 2094 914 geometricae
2108 863 2322 902 harmoniae

1278 930 1440 970 cognata
1455 930 1512 960 est
1533 935 1542 959 :
1563 922 1803 960 harmoniam
1826 931 1952 961 autem
1969 922 2241 972 geometricam
2257 936 2323 960 cu·

1278 978 1371 1018 bum
1390 980 1538 1019 dicunt.
1563 980 1620 1019 lta
1636 981 1739 1019 enim
1761 994 1809 1019 ex
1826 981 2072 1030 longitudine
2086 983 2128 1019 in
2143 980 2322 1019 latitudi-

1279 1051 1366 1076 nem
1402 1039 1592 1078 distentus
1621 1048 1679 1077 est
1712 1048 1750 1077 et
1787 1041 1828 1078 in
1859 1039 2079 1078 altitudinis
2123 1040 2320 1078 cumulum

1279 1100 1426 1147 crevit,
1447 1108 1490 1138 ut
1505 1112 1550 1137 ex
1569 1099 1784 1150 aequalibus
1803 1099 2075 1151 proficiscens,
2091 1098 2138 1136 ad
2158 1098 2323 1148 aequalia

1279 1159 1532 1209 perveniens,
1557 1159 1757 1208 aequaliter
1772 1166 1873 1196 totus
1890 1157 1967 1196 sibi
1985 1158 2223 1196 conveniens
2240 1171 2323 1196 cre-

1279 1218 1394 1258 verit.
1422 1217 1511 1256 Haec
1539 1226 1665 1255 autem
1697 1216 1883 1255 medietas
1911 1218 1952 1255 in
1976 1216 2159 1255 omnibus
2190 1216 2321 1264 cubis,

1279 1289 1365 1326 quae
1400 1285 1459 1315 est
1491 1277 1727 1326 geometrica
1766 1275 1971 1314 harmonia
1984 1304 1995 1323 ,
2035 1276 2271 1327 perspicitur
2311 1291 2321 1314 z

1279 1335 1407 1374 omnis
1438 1335 1541 1373 enim
1579 1334 1703 1373 cubus
1735 1333 1852 1372 habet
1880 1334 2001 1372 latera
2036 1333 2131 1381 XII,
2162 1334 2325 1384 angulos

1279 1402 1389 1440 octo,
1415 1394 1640 1445 superficies
1659 1407 1741 1433 sex.
1774 1393 1846 1431 Hic
1861 1401 1987 1431 autem
2013 1392 2111 1430 ordo
2131 1401 2169 1430 et
2191 1392 2325 1444 dispo-

1279 1451 1369 1490 sitio
1388 1452 1613 1491 harmonica
1631 1461 1688 1491 est
1709 1466 1719 1490 :
1741 1452 1998 1503 disponantur
2010 1452 2114 1489 enim
2130 1451 2197 1498 Vl,
2215 1451 2323 1499 VIII,

1280 1509 1370 1557 XII3
1388 1511 1451 1549 hic
1464 1524 1557 1561 ergo
1577 1510 1902 1562 quemadmodum
1917 1519 1975 1549 est
1994 1509 2119 1561 major
2136 1510 2325 1549 terminus

1279 1568 1326 1606 ad
1347 1570 1573 1618 minimum,
1591 1571 1646 1608 ita
1657 1569 1880 1608 differentia
1901 1567 2062 1619 majoris
2080 1576 2119 1606 et
2142 1569 2261 1607 medii
2277 1570 2325 1607 ad

1280 1628 1484 1666 minimum
1521 1637 1783 1680 comparatur.
1822 1644 1839 1662 n
1872 1627 2067 1666 Numerus
2101 1628 2325 1666 octonarius

1279 1699 1394 1737 quem
1408 1686 1642 1726 arithmetici
1658 1696 1745 1726 actu
1760 1687 1927 1739 primum
1948 1685 2175 1737 quadrantal
2196 1687 2326 1738 appel-

1279 1744 1428 1792 labant,
1464 1754 1558 1785 teste
1578 1746 1810 1786 Cassiodoro
1840 1745 1965 1799 (133),
1986 1759 2008 1784 a
2029 1746 2207 1784 Philolao
2237 1746 2326 1785 har-

1282 1805 1413 1843 monia
1453 1805 1687 1855 geometrica
1719 1804 1945 1851 vocabatur,
1977 1804 2083 1855 quod
2119 1817 2253 1843 omnes
2285 1806 2326 1844 in

1280 1862 1368 1915 ipso
1387 1863 1613 1902 viderentur
1639 1864 1876 1902 harmonicae
1898 1863 2111 1902 convenire
2140 1865 2323 1903 rationes.

1332 1921 1455 1960 Venio
1473 1936 1575 1961 nunc
1601 1923 1648 1961 ad
1674 1936 1718 1962 ea
1741 1935 1826 1974 quae
1843 1922 2112 1974 Pythagoricae
2127 1922 2328 1974 sapientiae

1280 1980 1415 2019 doctor
1429 1981 1477 2019 de
1497 1983 1642 2021 mundo
1658 1982 1866 2034 judicavit.
1907 1980 2093 2019 Mundum
2109 1995 2229 2019 unum
2244 1995 2327 2021 esse

1279 2038 1493 2079 arbitratur
1507 2042 1625 2092 (134).
1650 2042 1687 2080 Is
1707 2051 1833 2080 autem
1850 2054 1974 2092 usque
1992 2039 2041 2078 ad
2058 2040 2227 2079 medium
2249 2055 2327 2080 coe·

1280 2098 1339 2149 pit
1359 2100 1547 2138 exsistere
1569 2109 1606 2138 et
1626 2113 1648 2138 a
1668 2100 1799 2138 medio
1828 2099 2032 2152 superiora
2053 2108 2188 2138 exorta
2219 2110 2322 2141 suut.

1279 2157 1540 2203 Quamobrem
1573 2159 1707 2198 eodem
1738 2159 1854 2197 modo
1888 2172 1975 2210 qnae
2008 2171 2128 2210 supra
2157 2158 2325 2198 medium

1279 2223 1369 2252 sunt
1387 2215 1641 2255 inferioribus
1668 2225 1758 2255 sunt
1777 2217 1972 2268 opposita.
2007 2215 2103 2254 Nam
2125 2217 2327 2255 inferiori-

1281 2271 1354 2311 bus
1371 2273 1505 2312 infima
1533 2284 1624 2313 sunt
1646 2275 1793 2322 media,
1825 2284 1868 2313 ut
1888 2287 2090 2326 suprema,
2112 2287 2156 2313 ac
2175 2276 2327 2326 reliqua

1282 2331 1486 2382 similiter3
1510 2333 1702 2384 siquidem
1730 2333 1863 2372 eodem
1889 2342 2002 2385 pacto
2028 2346 2068 2371 se
2087 2333 2134 2371 ad
2155 2332 2325 2371 medinm

1281 2387 1424 2428 habent
1439 2399 1604 2441 utraque
1622 2391 1794 2442 exceptis
1806 2390 1983 2442 partibus
2003 2391 2043 2429 in
2060 2391 2179 2430 alium
2196 2391 2325 2430 locum

1281 2446 1493 2487 translatis.
1516 2447 1642 2486 l‘orro
1666 2449 1770 2499 (135)
1793 2449 1831 2487 id
1857 2449 1963 2500 quod
1987 2450 2115 2501 primo
2132 2450 2328 2501 composi-

1281 2512 1359 2542 tum
1380 2513 1451 2552 est,
1477 2505 1621 2554 Unum,
1637 2507 1678 2545 in
1701 2506 1828 2544 medio
1846 2519 1976 2545 rerum
1998 2515 2145 2545 naturae
2158 2520 2325 2558 corpore

1281 2563 1406 2601 focum
1438 2565 1668 2603 nominavit.
1701 2564 1903 2604 Philolaus
1925 2565 2028 2617 (136)
2063 2566 2167 2603 enim
2196 2565 2323 2614 ignem

1281 2622 1319 2660 in
1342 2622 1469 2661 medio
1484 2623 1531 2662 ad
1551 2633 1725 2663 centrum
1745 2624 1858 2676 ponit
1875 2637 1988 2676 quem
2006 2624 2178 2663 universi
2198 2624 2323 2663 focum

1277 2680 1468 2733 Jovisque
1484 2683 1727 2723 domicilium
1742 2697 1786 2722 ac
1796 2683 1956 2723 deorum
1970 2693 2128 2723 matrem
2142 2698 2325 2736 aramque

1277 2749 1314 2778 et
1333 2741 1511 2794 copulam
1531 2755 1575 2781 ac
1600 2755 1817 2782 mensuram
1845 2752 1991 2782 naturae
2017 2744 2174 2783 vocitat.
2194 2744 2322 2782 Alium

1277 2799 1417 2838 deinde
1435 2813 1660 2853 supremum
1682 2802 1809 2853 ignem
1834 2802 1924 2841 facit
1943 2807 2069 2841 a‘erem
2091 2804 2222 2841 omnia
2242 2804 2323 2841 cin-

1278 2867 1443 2908 gentem.
1479 2862 1528 2900 At
1560 2870 1695 2900 natura
1726 2862 1894 2913 primum
1924 2875 2008 2901 esse
2041 2862 2094 2900 ait
2126 2862 2294 2900 medinm
2310 2892 2322 2910 ,

1277 2921 1380 2958 circa
1400 2919 1505 2971 quod
1535 2919 1666 2959 decem
1698 2921 1869 2960 coelestia
1899 2930 2104 2961 versentur
2135 2935 2321 2973 corpora,

1277 2978 1434 3030 cossum,
1446 2979 1620 3032 plan'etae,
1640 2981 1696 3019 sol
1714 2990 1750 3019 et
1766 2981 1870 3021 luna.
1885 2980 1964 3019 Sub
1982 2981 2052 3019 hac
2068 2994 2151 3019 esse
2166 2989 2320 3027 terram,

1277 3036 1351 3075 sub
1369 3051 1491 3090 eaque
1510 3046 1649 3077 terram
1669 3039 1909 3091 oppositam,
1923 3053 1966 3078 ac
1982 3049 2176 3091 postremo
2197 3042 2320 3087 ignom

1280 3097 1319 3134 in
1338 3106 1471 3135 centro
1487 3098 1561 3136 foci
1576 3099 1698 3137 instar
1715 3099 1842 3137 situm.
1855 3099 1908 3137 Ac
1923 3111 2143 3150 supremam
2163 3097 2319 3148 quidem

1277 3156 1378 3194 aeris
1397 3169 1464 3194 nos
1483 3155 1690 3195 ambientis
1710 3166 1856 3209 partem
1874 3170 1958 3209 quoe
1978 3171 2075 3209 pura
2095 3156 2323 3207 complecta-

1278 3222 1341 3253 tur
1359 3214 1546 3254 elementa
1564 3216 1773 3269 Olympum
1804 3225 1938 3266 vocat,
1959 3216 2032 3256 sub
2063 3216 2230 3267 Olympo
2260 3229 2319 3254 ce-

1319 3319 1407 3360 (1³2)
1432 3320 1646 3354 Nicomachus
1670 3321 1808 3355 Arltlum.
1840 3324 1883 3361 11,
1905 3332 1934 3364 p.
1968 3324 2018 3356 72.
2047 3321 2119 3354 Vid.
2143 3320 2251 3352 adnot.
2280 3318 2322 3353 ad

1279 3364 1391 3406 tngm.
1406 3368 1581 3408 3.-(13³)
1595 3368 1776 3404 Cassiodm.
1795 3372 1909 3411 Expos.
1930 3371 1959 3401 in
1983 3370 2099 3402 Psalm.
2121 3370 2177 3408 tx,
2194 3369 2256 3401 vol.
2275 3371 2319 3410 ll,

1278 3420 1349 3454 pag.
1374 3416 1414 3446 ³⁶
1437 3414 1457 3447 b
1478 3414 1643 3448 etl-Garet.

1322 3462 1409 3502 (tat)
1429 3461 1503 3496 vtd.
1523 3462 1636 3506 fragm·
1655 3468 1685 3497 ὗ.
1709 3481 1748 3488 -·
1771 3466 1857 3501 (1³5)
1887 3464 1958 3497 Vid.
1983 3464 2095 3505 fugin.
2120 3465 2150 3496 ⁴.
2175 3481 2216 3491 -
2244 3462 2318 3504 (tao
