2606 3828
320 247 396 282 328

314 345 387 383 χος·
413 328 475 376 τὴν
507 329 542 368 δὲ
568 329 740 382 ψιλότητα
768 332 827 367 τοῦ
847 326 1008 378 σώματος
1044 328 1152 378 μηδὲν
1188 329 1357 381 ἐνοχλεῖν.

316 387 539 429 Ἐπεδείκνυε
559 388 594 426 δὲ
611 387 687 431 τούς
701 403 735 425 τε
755 386 964 439 βατράχους,
982 386 1042 424 καὶ
1063 386 1154 425 ἄλλα
1176 388 1240 425 οὐκ
1260 387 1362 439 ὀλίγα

314 449 407 501 ζῷα,
431 445 517 485 πολὺ
540 446 601 496 μὲν
623 445 831 496 ἁπαλώτερα
862 444 1062 496 ἀνθρώπου,
1092 445 1179 484 πολὺ
1201 445 1236 483 δὲ
1260 446 1360 499 ψιλό-

314 521 414 559 τερα,
433 505 493 544 καὶ
514 505 586 543 ἔνια
607 504 736 542 τούτων
757 502 972 555 ἀνεχόμενα,
995 503 1034 541 οὗ
1048 504 1105 542 τὸν
1121 505 1207 555 ἀέρα
1237 504 1358 554 μόνον,

315 564 405 604 ἀλλὰ
425 567 485 603 καὶ
507 566 541 603 ἐν
568 566 616 615 τῷ
640 562 850 615 ψυχροτάτῳ
872 561 971 600 ὕδατι
1003 565 1062 610 ζῆν
1096 564 1269 614 δυνάμενα
1298 568 1360 604 τοῦ

313 624 499 674 χειμῶνος.
519 621 743 661 Ἐπεδείκνυε
775 620 809 659 δὲ
830 622 899 659 τῶν
922 622 1119 674 ἀνθρώπων
1147 624 1262 661 αὐτῶν
1281 622 1360 669 τούς

312 697 349 720 τε
367 681 565 734 ὀφθαλμοὺς
585 681 643 719 καὶ
660 681 698 719 τὸ
718 680 904 732 πρόσωπον
921 681 1017 720 οὐδὲν
1033 681 1194 733 δεόμενον
1211 682 1358 730 σκέπης.

315 741 475 781 Καθόλου
499 741 533 779 δὲ
560 743 594 779 ἐν
619 741 741 791 μηδενὶ
760 741 858 794 τόπῳ
874 740 1051 792 γίγνεσθαι
1070 742 1155 793 ζῷον
1171 771 1182 792 ,
1199 742 1216 780 ὃ
1233 741 1282 791 μὴ
1302 741 1360 780 δύ-

311 815 414 839 ναται
432 801 526 846 ζῆν’
512 815 545 837 εν
569 801 674 838 αὐτῶ·
697 798 720 846 ἢ
742 802 814 843 πῶς
840 798 880 837 ἂν
902 798 1083 847 ἐσώθησαν
1099 801 1129 838 οἱ
1147 801 1278 853 πρῶτοι
1300 816 1360 852 γε-

311 858 447 925 νόμενοι
477 858 672 924 ἄνθρωποι,
707 857 795 907 μήτε
815 858 920 910 πυρὸς
948 858 1062 906 ὄντος,
1095 858 1185 908 μήτε
1215 860 1356 909 οἰκιῶν,

312 912 402 961 μήτε
417 913 578 958 ἐσθῆτος,
608 910 698 960 μήτε
719 911 827 958 ἄλλης
847 926 995 964 τροφης,
1015 909 1036 958 ἢ
1055 914 1118 959 τῆς
1137 913 1357 964 αὐτομάτους

311 968 401 1008 ἀλλὰ
420 968 482 1014 τὴν
501 970 713 1022 πανουργίαν
733 975 804 1014 τοῖς
831 969 973 1023 ὕστερον
994 970 1114 1009 καὶτὰ
1133 972 1248 1010 πολλὰ
1265 970 1360 1023 εὑρί-

309 1044 403 1067 σκειν
428 1028 485 1066 καὶ
518 1031 745 1080 μηχανᾶσθαι
762 1028 848 1082 πρὸς
867 1029 924 1067 τὸν
951 1029 1024 1081 βίον
1051 1030 1090 1068 οὔ
1112 1029 1204 1068 πάνυ
1223 1046 1258 1069 τι
1276 1045 1357 1069 συν-

310 1089 472 1138 ενεγκεῖν·
490 1089 528 1125 οὐ
545 1086 612 1139 γὰρ
623 1088 707 1140 πρὸς
720 1088 880 1141 ἀνδρείαν
892 1088 952 1127 καὶ
967 1089 1189 1138 δικαιοσύνην
1206 1093 1359 1142 χρῆσθαι

306 1153 350 1203 τῇ
372 1150 476 1204 σοφίᾳ
494 1150 572 1194 τοὺς
593 1151 812 1203 ἀνθρώπους,
833 1152 924 1191 ἀλλὰ
944 1154 1030 1205 πρὸς
1049 1153 1190 1201 ἡδονήν·
1210 1154 1358 1193 διώκον-

305 1225 368 1253 τας
382 1209 417 1248 δὲ
436 1210 475 1249 τὸ
503 1209 568 1257 ἡδὺ
590 1209 651 1249 καὶ
677 1210 711 1256 ἐξ
732 1211 884 1263 ἅπαντος
904 1211 958 1250 ἀεὶ
979 1214 1040 1259 ζῆν
1060 1211 1271 1267 ἀηδέστερον
1296 1214 1357 1253 καὶ

309 1268 575 1322 ἐπιπονώτερον·
605 1270 663 1309 καὶ
685 1271 871 1315 δοκοῦντας
899 1275 1155 1324 προμηθεῖσθαι
1173 1275 1267 1326 σφῶν
1292 1274 1359 1312 αὗ-

310 1328 395 1374 τῶν,
418 1326 569 1366 κάκιστα
590 1327 822 1379 ἀπόλλυσθαι,
848 1329 905 1369 διὰ
921 1329 984 1377 τὴν
1003 1330 1137 1378 πολλὴν
1154 1331 1358 1382 ἐπιμέλειάν

308 1401 346 1424 τε
366 1384 425 1424 καὶ
445 1386 674 1438 προμήθειαν·
703 1388 764 1427 καὶ
796 1387 887 1429 ουτω
925 1389 966 1436 δὴ
990 1405 1048 1428 τον
1081 1390 1275 1442 Προμηθέα
1307 1392 1358 1430 δι·

307 1444 414 1489 καίως
429 1444 590 1518 λέγεσθαι
611 1446 790 1498 δεδεμένον
805 1449 849 1499 τῇ
871 1447 983 1502 πέτρα
1008 1448 1184 1502 κείρεσθαι
1203 1450 1243 1489 τὸ
1259 1445 1357 1505 ἧπαρ

306 1504 375 1542 υπὸ
391 1508 451 1542 τοῦ
468 1506 581 1544 ἀετοῦ.

362 1562 870 1615 (D10Ch1ysostomusorat
881 1566 1040 1619 v1,pag.
1054 1582 1129 1616 207
1140 1569 1199 1608 ed
1213 1568 1358 1636 Reisk.)

360 1629 428 1656 289.
459 1616 624 1668 Διογένης
646 1620 664 1655 ὁ
685 1619 877 1666 Σινωπεύς,
898 1618 996 1658 ὅτε”
977 1636 1101 1673 εφυγεν
1119 1623 1159 1661 ἐκ
1178 1622 1359 1675 Σινώπης,

307 1675 515 1728 ἀφικόμενος
532 1677 578 1719 εἷς
590 1674 654 1722 τὴν
671 1676 829 1716 Ἑλλάδα
846 1679 942 1730 διῆγε
953 1679 1037 1718 ποτὲ
1052 1679 1114 1731 μὲν
1132 1683 1166 1720 ἐν
1184 1681 1356 1734 Κορίνθῳ,

307 1733 393 1773 ποτὲ
412 1734 449 1772 δὲ
467 1734 663 1785 Ἀθήνῃσιν.
681 1735 776 1789 Ἔφη
794 1737 828 1776 δὲ
846 1741 1028 1789 μιμεισθαι
1042 1755 1103 1778 του
1122 1743 1271 1794 Περσῶν
1297 1744 1357 1794 βα-

1050 240 1353 281 CYNICORUM
1381 238 1719 281 FRAGMENTA,

1422 329 1457 368 ἐν
1475 333 1548 372 τοῖς
1563 326 1822 372 εὐδιεινοτάτοις
1837 328 1897 373 τῆς
1913 324 2042 370 Ἀσίας·
2063 327 2123 365 τοῦ
2142 324 2179 365 δὲ
2197 325 2313 379 θέρους
2332 326 2368 365 ἐν
2381 326 2470 368 Ἐκ-

1423 385 1586 430 ὅατάνοις
1615 388 1678 433 τῆς
1707 386 1892 433 Μηδικῆς,
1915 384 2002 424 ὅπου
2030 383 2247 438 ψυχρότατος
2274 386 2292 423 ὁ
2320 384 2388 437 ἀὴρ
2415 385 2472 425 ἀεί

1423 443 1508 484 ποτέ
1530 446 1624 493 ἔστι,
1656 444 1717 483 καὶ
1739 446 1789 497 τῷ
1810 443 1890 495 περὶ
1912 443 2107 483 Βαὸυλῶνα
2127 446 2278 495 χειμῶνι
2304 443 2345 483 τὸ
2374 443 2471 497 θέρος

1422 504 1552 555 ὅμοιον·
1573 503 1662 543 οὕτω
1687 504 1723 542 δὲ
1751 502 1811 542 καὶ
1836 502 1937 547 αὐτὸς
1964 502 2214 554 μεταλλάττειν
2239 501 2303 551 τὴν
2336 501 2473 552 οἴκησιν

1423 562 1515 602 κατὰ
1531 561 1592 606 τὰς
1609 562 1702 614 ὥρας
1716 565 1774 601 τοῦ
1790 564 1896 605 ε’τους.

1481 622 1571 673 (Dio
1582 621 1881 672 Chrysostomus
1889 619 2058 670 01·at.v1,
2068 633 2156 672 pag.
2174 634 2246 671 197
2256 620 2316 660 ed.
2329 620 2473 670 Reisk„

1476 693 1543 721 280.
1575 678 1742 730 Διογένης
1759 678 1857 729 ἔλεγε
1875 678 1944 716 δεῖν
1959 677 2017 717 τὸν
2038 677 2204 731 φρόνιμον
2218 678 2340 733 ἄνδρα,
2353 677 2475 732 ὥσπερ

1422 738 1479 778 τὸν
1501 737 1629 791 ἀγαθὸν
1650 736 1768 790 ἰατρόν
1781 766 1791 784 ,
1813 736 1900 776 ὅπου
1919 735 2043 776 πολλοὶ
2063 740 2240 786 νοσοῦσιν,
2253 738 2365 778 ἐκεῖσε
2385 736 2473 777 ἰέναι

1424 797 1656 850 βοηθήσοντα,
1678 796 1786 840 οὕτως
1804 795 1890 836 ὅπου
1917 795 2075 851 πλεῖστοί
2094 796 2180 835 εἶσιν
2209 795 2472 850 ἀφρονέστεροι)

1423 859 1494 896 ἐκεῖ
1528 857 1683 908 μάλιστα
1705 856 1902 907 ἀποδημεῖν
1940 854 2165 909 ἐξελέγχοντα
2193 855 2253 895 καὶ
2281 854 2472 940 κολάζοντα

1421 914 1484 962 τὴν
1505 915 1622 954 ἄνοιαν
1644 915 1773 954 αὐτῶν.

1478 974 1568 1023 (Dio
1598 973 1900 1024 Chrysostomus
1922 982 2022 1012 or.at
2043 973 2148 1024 v111,
2170 987 2258 1026 pag.
2298 974 2376 1023 276
2408 973 2471 1013 ed.

1422 1033 1564 1085 Reisk.)

1475 1106 1542 1132 291.
1575 1091 1743 1144 Παρέσχε
1758 1091 1793 1130 δὲ
1808 1091 1868 1131 καὶ
1890 1091 1991 1132 αὖτον
2011 1094 2061 1146 τῷ
2085 1091 2290 1146 βουλομένῳ
2303 1091 2474 1146 ἐντυγχά-

1420 1167 1513 1199 νειν,
1538 1150 1599 1190 καὶ
1624 1151 1722 1203 ἔλεγε
1745 1152 1956 1203 θαυμάζειν,
1983 1152 2059 1200 ὅτι,
2086 1154 2115 1191 εἷ
2150 1151 2214 1203 μὲν
2247 1152 2313 1206 ἔφη
2333 1151 2476 1197 ὀδόντας

1423 1213 1562 1259 ἰᾶσθαι,
1580 1210 1709 1255 πάντες
1729 1210 1770 1250 ἂν
1790 1213 1885 1265 αὐτῷ
1899 1211 2100 1264 προσῄεσαν
2120 1212 2151 1250 οἳ
2175 1210 2332 1262 δεόμενοι
2351 1210 2476 1252 ὀδόντα
2527 1239 2533 1246 ·

1424 1268 1614 1314 ἐξελέσθαι·
1641 1269 1702 1308 καὶ
1721 1269 1763 1317 νὴ
1794 1269 1862 1309 Δία
1884 1271 1914 1308 εἷ
1938 1269 2113 1323 ὑπέσχετο
2136 1267 2336 1323 ὀφθαλμοὺς
2366 1272 2476 1322 θερα-

1423 1329 1568 1377 πεύειν,
1595 1328 1725 1372 πάντες
1755 1328 2027 1381 ἃνηγλαμυροὺς
2045 1327 2244 1383 ὀφθαλμοὺς
2268 1329 2362 1382 αὐτῷ
2393 1329 2475 1367 ἑπε-

1425 1387 1594 1427 δείκνυον·
1616 1387 1746 1438 ὁμοίως
1766 1387 1802 1426 δὲ
1824 1389 1853 1426 εἷ
1869 1387 2060 1436 σπληνὸςῆ
2083 1388 2263 1443 ποδάγρας
2287 1385 2311 1436 ἢ
2330 1385 2477 1441 κορύζης

1423 1446 1552 1487 εἰδέναι
1574 1447 1774 1502 φάρμακον·
1792 1448 1867 1487 ἐπεὶ
1883 1448 1919 1486 δὲ
1940 1447 2005 1502 ἔφη
2037 1447 2186 1487 παύσειν
2211 1446 2290 1491 τοὺς
2306 1447 2475 1498 πεισομέ-

1423 1523 1499 1551 νους
1519 1508 1615 1560 αὐτῷ
1633 1508 1774 1558 ἀγνοίας
1793 1508 1855 1548 καὶ
1873 1506 2042 1560 πονηρίας
2059 1507 2119 1545 καὶ
2140 1505 2347 1554 ἀκολασίας,
2366 1506 2477 1551 οὐδεὶς

1423 1567 1518 1618 αὐτῷ
1535 1571 1748 1618 προσεῖχεν,
1771 1565 1847 1608 οὐδὲ
1868 1564 2050 1604 ἐκέλευσεν
2067 1568 2187 1604 ἰᾶσθαι
2205 1565 2307 1605 αὐτόν
2319 1594 2331 1613 ,
2350 1565 2424 1604 οὔδ’
2445 1566 2476 1604 εἰ

1421 1624 1512 1664 πολὺ
1531 1625 1795 1678 προσλήψεσθαι
1815 1625 1977 1678 ἀργύριον
1991 1625 2151 1675 ἔμελλεν.

1478 1685 1567 1734 (Dio
1596 1684 1902 1735 Chrysostomus
1930 1693 2031 1724 orat.
2051 1684 2144 1723 Vlll
2178 1697 2268 1737 pag.
2303 1697 2379 1733 277
2412 1683 2475 1724 ed.

1427 1742 1559 1782 Reisk.
1580 1743 1752 1794 Reposui
1772 1742 1899 1787 πάντες
1914 1741 1957 1781 ἂν
1977 1741 2176 1796 γλαμυροὺς
2191 1742 2388 1796 ὀφθαλμοὺς
2402 1756 2475 1795 pro
2518 1782 2523 1786 ,

308 1793 433 1837 σιλέως
447 1793 510 1840 τὴν
528 1794 674 1833 δίαιταν·
693 1795 752 1834 καὶ
773 1795 874 1849 γὰρ’
859 1803 994 1872 εκεῖνΗος
1004 1801 1053 1850 τῷ
1073 1799 1136 1850 μὲν
1156 1803 1305 1852 χειμῶνι
1322 1803 1357 1839 ἐν
1421 1802 1734 1841 membranarum
1772 1803 1938 1841 lectione
1969 1802 2096 1846 πάντες
2132 1801 2308 1856 ἄνθρωποι
2345 1802 2476 1856 ὀφθαλι-

313 1850 500 1890 Βαὸυλῶνι
514 1851 575 1891 και
596 1852 743 1897 Σούσοις
756 1883 768 1902 ,
795 1856 942 1893 ἐνίοτε
922 1857 954 1894 ο’
979 1857 1014 1895 ἐν
1031 1857 1203 1910 Βάκτροις
1225 1859 1358 1911 διῆγεν,

309 1982 425 2021 tatem,
434 1982 466 2015 et
476 1982 552 2023 quia
563 1982 670 2015 nudus
680 1983 782 2025 foret,
798 1985 916 2027 quippe
930 1987 986 2028 qui
1007 1995 1111 2028 neque
1127 1989 1211 2020 villis
1226 1989 1361 2021 vestitus

305 2041 410 2078 esset.
431 2043 467 2073 ut
485 2040 645 2082 pleraeque
661 2041 801 2083 belluae,
821 2052 926 2085 neque
940 2045 1101 2087 penniger,
1124 2055 1229 2087 neque
1250 2056 1360 2080 crasso

306 2099 394 2132 corio
407 2100 530 2140 tectus,
549 2099 599 2132 bis
610 2101 788 2142 respondit,
807 2102 953 2136 homines
973 2104 1054 2137 adeo
1070 2106 1184 2138 molles
1201 2115 1270 2139 esse
1287 2116 1360 2148 pro·

307 2159 379 2199 pter
401 2167 495 2190 suum
513 2158 643 2191 vivendi
661 2169 782 2202 genus,
805 2162 958 2202 quoniam
979 2164 1170 2205 plerumque
1191 2166 1260 2197 tam
1282 2166 1359 2199 solis

306 2217 438 2250 ardores
470 2218 616 2258 sugerent
642 2227 742 2260 quam
781 2220 883 2261 frigus
909 2221 1066 2264 vitarent3
1096 2224 1222 2256 nudum
1251 2225 1358 2258 autem

306 2285 424 2317 corpus
449 2277 572 2309 nullam
595 2277 713 2311 habere
731 2279 923 2313 molestiam.
945 2282 1145 2315 Monstrabat
1167 2292 1245 2315 vero
1267 2292 1359 2317 ranas

306 2334 446 2375 aliasque
462 2334 581 2367 bestias
601 2335 687 2368 haud
704 2345 824 2378 paucas
848 2338 952 2371 multo
977 2340 1153 2372 teneriores
1177 2340 1360 2374 hominibus

307 2392 474 2434 multoque
490 2394 684 2434 glabriores‚
704 2405 844 2436 quarum
864 2398 973 2430 tamen
990 2399 1159 2432 nonnullae
1174 2408 1239 2432 non
1260 2400 1359 2433 modo

308 2459 415 2483 aerem
440 2454 641 2492 paterentur,
658 2453 715 2485 sed
731 2454 827 2486 etiam
851 2455 884 2487 in
901 2455 1106 2496 frigidissima
1121 2465 1205 2498 aqua
1226 2457 1360 2491 hiberno

308 2512 454 2550 tempore
467 2510 576 2543 vivere
599 2513 741 2552 possent.
754 2513 956 2546 Ostendebat
975 2514 1070 2547 etiam
1091 2515 1236 2556 ipsorum
1253 2517 1359 2549 homi-

308 2574 385 2602 num
405 2568 516 2600 oculos
542 2571 573 2601 et
592 2570 705 2603 faciem
729 2571 818 2603 nullo
834 2573 1022 2612 tegumento
1042 2573 1192 2615 indigere.
1220 2576 1360 2608 Omnino

308 2626 396 2658 nullo
415 2626 486 2659 loco
500 2629 585 2659 nasci
603 2629 720 2661 animal
739 2631 971 2671 contendebat,
990 2632 1077 2673 quod
1100 2641 1164 2665 non
1190 2636 1297 2675 posset
1313 2635 1358 2668 ibi

308 2684 438 2724 vivere3
461 2687 518 2716 aut
540 2687 704 2726 quomodo
732 2688 787 2729 qui
810 2689 904 2730 primi
922 2690 984 2723 orti
1004 2695 1081 2723 sunt
1098 2692 1247 2725 homines
1274 2693 1359 2726 inco·

308 2742 412 2774 lumes
439 2744 556 2776 servati
581 2744 704 2786 forent,
728 2755 831 2787 quum
856 2756 962 2790 neque
987 2749 1069 2790 ignis
1095 2759 1163 2791 quo
1193 2753 1361 2785 uterentur

308 2803 412 2840 esset,
427 2809 530 2842 neque
547 2803 650 2844 tecta,
674 2813 778 2846 neque
791 2806 989 2839 vestimenta
1000 2817 1132 2849 ,neque
1151 2809 1234 2842 alius
1253 2811 1360 2844 victus

309 2868 406 2900 quam
430 2860 577 2892 nativus?
603 2870 717 2894 verum
743 2863 955 2897 calliditatem
983 2867 1018 2899 'et
1039 2867 1259 2901 inventionem
1285 2879 1358 2902 con-

309 2918 543 2959 sectionemque
563 2928 671 2953 rerum
698 2922 921 2964 plerarumque
946 2924 985 2955 ad
1006 2925 1082 2957 vitae
1100 2928 1360 2962 commoditatem

310 2976 539 3018 pertinentium
566 2979 702 3019 posteris
724 2989 838 3021 parum
866 2982 1021 3022 profuisse
1036 2984 1225 3019 affirmabat.
1250 2989 1360 3028 Neque

309 3037 396 3068 enim
423 3036 463 3068 ad
492 3036 710 3070 fortitudinem
727 3039 762 3072 et
774 3039 932 3080 justitiam
952 3041 1118 3075 colendam
1138 3044 1283 3078 homines
1310 3055 1356 3079 sa-

305 3096 425 3138 pientia
453 3096 518 3138 uti‚
549 3097 605 3129 sed
631 3097 671 3129 ad
694 3098 893 3139 voluptatem
919 3102 1188 3144 comparandam3
1217 3108 1250 3137 at
1277 3105 1357 3149 dum

304 3155 502 3188 amoenitates
530 3156 681 3189 omnibus
706 3157 810 3190 modis
827 3163 1025 3201 quaererent,
1044 3161 1143 3194 nihilo
1166 3163 1271 3196 secius
1303 3174 1359 3198 eos

303 3222 429 3256 semper
442 3215 606 3249 duriorem
622 3217 722 3250 vitam
735 3217 908 3260 minusque
923 3219 1101 3260 jucundam
1118 3230 1222 3262 agere,
1234 3225 1267 3255 et
1281 3224 1355 3257 lieet

306 3271 368 3304 sibi
399 3273 476 3314 ipsis
509 3274 688 3316 prospicere
713 3276 909 3318 viderentur,
942 3279 1049 3311 tamen
1077 3280 1215 3321 pessime
1254 3283 1358 3322 perire

309 3334 436 3372 propter
466 3333 602 3366 multam
635 3334 849 3376 diligentiam
858 3345 990 3379 suaeque
1016 3339 1129 3371 salutis
1163 3340 1354 3375 custodiam.

308 3389 523 3426 Quamobrem
563 3394 678 3442 merito
711 3396 744 3427 et
772 3391 999 3429 Prometheum
1029 3396 1092 3429 dici
1120 3397 1253 3431 affixum
1282 3409 1353 3434 esse

309 3444 393 3487 rupi,
407 3448 541 3488 aquila
529 3458 621 3489 Jecur
637 3449 706 3490 eius
722 3451 888 3486 exedente.

1425 1862 1524 1912 im&-
1529 1865 1538 1910 )

1464 1994 1535 2021 289.
1560 1990 1718 2030 Diogenes
1737 1990 1923 2031 Sinopensis
1940 1998 2043 2031 quum
2059 1998 2097 2022 ex
2116 1989 2219 2031 patria
2238 1989 2317 2022 urbe
2334 1989 2474 2032 rugaret,

1419 2048 1452 2080 in
1466 2049 1626 2081 Graeciam
1644 2049 1731 2082 venit
1745 2049 1853 2090 ibique
1871 2057 1958 2081 nunc
1971 2049 2118 2081 Corinthi
2134 2057 2220 2082 nunc
2234 2049 2369 2083 Athenis
2383 2049 2475 2083 vive-

1422 2106 1487 2140 bat.
1515 2108 1629 2148 AJebat
1657 2111 1766 2141 autem
1792 2116 1862 2140 sese
1887 2108 2006 2140 imitari
2029 2109 2202 2141 Persarum
2233 2108 2315 2150 regis
2342 2107 2472 2142 vivendi

1419 2175 1544 2207 genus3
1562 2167 1617 2208 qui
1649 2167 1755 2198 hieme
1779 2165 1939 2206 Babylone
1960 2166 1994 2198 et
2011 2166 2121 2207 Susis,
2153 2165 2318 2206 interdum
2346 2166 2473 2200 Bactris

1418 2227 1530 2267 etiam,
1547 2226 1758 2268 tepidissimis
1772 2225 1858 2258 Asiae
1870 2225 1961 2263 locis,
1976 2227 2089 2258 aestate
2103 2228 2211 2258 autem
2219 2225 2391 2260 Ecbatanis
2402 2228 2472 2260 Me-

1418 2285 1533 2317 dorum
1546 2285 1690 2325 viveret‚
1707 2284 1762 2317 ubi
1781 2293 1836 2316 aer
1849 2292 1975 2324 semper
1998 2283 2225 2324 frigidissimus
2245 2287 2295 2319 est
2311 2286 2472 2328 measque

1418 2344 1513 2377 hiemi
1533 2344 1698 2384 Babylone
1724 2344 1892 2375 transactae
1917 2342 2093 2376 simillima.
2115 2343 2168 2376 Sic
2191 2346 2225 2377 et
2242 2345 2347 2385 ipsum
2363 2345 2403 2376 ad
2421 2344 2472 2377 di·

1417 2411 1512 2435 versa
1529 2402 1606 2435 anni
1634 2404 1780 2444 tempora
1808 2399 2052 2433 accommodate
2075 2402 2200 2434 mutare
2216 2410 2250 2434 se
2270 2400 2472 2435 domicilium

1419 2461 1559 2495 dicebat.

1461 2525 1532 2554 290.
1555 2521 1712 2562 Diogenes
1722 2520 1851 2553 dicebat
1863 2521 2013 2562 oportere
2031 2520 2137 2552 virum
2151 2519 2341 2561 sapientem,
2361 2528 2473 2561 qnem—

1419 2579 1595 2612 admodum
1626 2579 1731 2611 bonus
1751 2579 1899 2612 medicus
1919 2579 2031 2611 auxilii
2060 2578 2182 2611 serendi
2207 2586 2306 2611 causa
2323 2578 2376 2611 illa
2403 2578 2472 2611 10oe

1419 2639 1554 2680 peteret,
1575 2638 1631 2670 ubi
1650 2638 1743 2671 multi
1766 2639 1988 2679 aegrotarent:
2015 2637 2060 2670 sie
2073 2646 2112 2670 eo
2131 2637 2272 2670 maxime
2290 2637 2447 2679 proticisci
2459 2661 2471 2677 ,

1390 2697 1475 2730 ubi
1496 2697 1625 2738 plurimi
1642 2700 1748 2729 essent
1762 2697 1966 2737 insipientes,
1984 2697 2020 2728 ut
2039 2705 2150 2728 eorum
2173 2695 2341 2729 stultitiam
2359 2695 2471 2728 redar-

1419 2759 1529 2798 gueret
1546 2757 1580 2789 et
1595 2755 1780 2796 castigaret.

1462 2818 1534 2849 291.
1555 2816 1642 2853 Quin
1661 2815 1758 2848 etiam
1788 2814 1911 2848 facilem
1931 2823 1966 2847 se
1985 2814 2122 2856 praebuit
2141 2814 2294 2847 omnibus
2311 2813 2368 2856 qni
2395 2822 2470 2847 cum

1417 2875 1489 2916 ipso
1502 2875 1644 2916 colloqui
1666 2875 1804 2915 vellent,
1820 2874 1967 2915 dixitque
1986 2883 2058 2907 sese
2072 2874 2198 2913 mirari,
2213 2873 2299 2914 quod
2316 2873 2343 2906 si
2363 2872 2470 2906 medi·

1419 2943 1494 2967 cum
1511 2934 1691 2967 demarium
1705 2942 1740 2967 se
1763 2932 1979 2975 profiteretur,
2002 2933 2162 2966 accessuri
2179 2932 2220 2965 ad
2243 2932 2348 2974 ipsum
2362 2933 2471 2966 essent

1419 2992 1667 3034 quibuscunque
1677 2995 1807 3025 exemto
1829 2991 1926 3024 dente
1937 3000 2019 3032 opus
2036 2991 2135 3032 soret;
2149 2990 2176 3023 si
2193 2989 2382 3031 ocularium,
2399 2998 2471 3032 pro-

1419 3051 1503 3085 fecto
1523 3060 1637 3084 omnes
1655 3051 1716 3092 ipsi
1732 3051 1837 3092 lippos
1856 3050 1965 3083 oculos
1984 3049 2144 3083 ostensuri
2164 3052 2288 3091 essent,
2307 3048 2470 3082 similiter-

1418 3119 1482 3152 que
1495 3111 1522 3143 si
1539 3110 1630 3143 lienis
1646 3109 1697 3143 vel
1713 3110 1864 3151 podagrae
1881 3109 1930 3142 vel
1945 3108 2127 3150 gravedinis
2143 3107 2417 3141 medicamentum
2431 3115 2467 3140 se

1417 3170 1526 3202 tenere
1545 3168 1740 3209 affirmaret;
1758 3177 1860 3210 quum
1886 3176 1963 3200 vero
1986 3167 2188 3209 ignorantia,
2209 3165 2415 3208 improbitate
2433 3167 2468 3198 et

1417 3228 1665 3269 intemperantia
1692 3227 1840 3260 homines
1867 3227 1929 3259 sibi
1947 3227 2206 3268 obtemperantes
2235 3224 2404 3257 liberatum
2428 3223 2468 3256 iri

1417 3295 1485 3327 prae
1501 3295 1536 3319 se
1548 3286 1644 3319 ferret
1656 3310 1665 3326 ‚
1684 3295 1780 3318 nemo
1798 3294 1903 3327 neque
1920 3285 1981 3327 ipsi
1995 3284 2190 3318 auscultaret
2211 3290 2317 3324 neque
2333 3280 2466 3314 medici-

1417 3353 1492 3376 nam
1508 3345 1635 3387 abipso
1651 3346 1796 3387 peteret,
1813 3345 1941 3379 etiamsi
1961 3344 2114 3386 grandem
2131 3342 2299 3385 pecuniam
2312 3342 2468 3384 praeterea

1415 3406 1602 3445 accepturus
1624 3406 1718 3437 esset.
