2638 3840
229 912 248 936 ιι
259 906 269 930 “,
274 911 287 920 r'
296 892 308 925 ἦ

231 1861 281 1905 Ἡ
316 1864 402 1909 ὅλως
428 1882 489 1913 της
516 1865 595 1918 περὶ
621 1864 683 1912 τὴν
716 1864 817 1917 βάσιν
844 1863 1045 1916 ὑπηρεσίας.

321 255 393 288 162
1255 239 1513 278 CHALCIDH

315 334 521 366 coercebatur
549 333 679 374 spiritus
707 331 907 364 intrinsecus.
953 331 1018 361 Nec
1048 327 1198 359 membris
1224 325 1352 366 quidem

316 393 442 433 talibus,
460 402 512 434 per
538 402 611 434 qum
637 401 721 424 novo
747 390 886 422 admisso
908 388 979 419 cibo
1000 387 1090 419 vetus
1111 386 1232 426 liquore
1252 384 1354 425 posito

318 452 497 493 pelleretur.
543 453 651 492 Neque
675 450 757 483 enim
782 448 954 489 quicquam
975 455 1013 478 ex
1032 454 1070 476 eo
1093 443 1276 483 recedebat;
1296 452 1355 475 nec

316 516 383 545 etat
403 510 573 543 accedendi
595 509 725 542 facultas
743 507 864 539 cunctis
892 504 1035 537 coercitis
1059 516 1066 535 :
1095 503 1150 535 sed
1175 501 1354 543 corruptela

316 572 466 612 partium,
485 570 566 602 intra
580 578 612 601 se
627 568 872 604 senescentium,
887 565 990 596 vicem
1005 561 1166 604 quandam
1187 561 1355 594 obtinebat

272 610 461 669 Dcibatus,
483 629 631 669 idemque
660 628 695 659 ut
720 627 824 666 ageret
857 624 1078 664 patereturque
1109 620 1208 653 etiam
1246 620 1354 653 omnia

317 690 426 722 mundi
449 688 573 729 globus,
590 686 730 727 partibus
746 685 810 715 suis
826 684 907 715 intra
930 690 964 714 se
982 680 1168 721 agentibuS,
1186 688 1224 711 ac
1242 688 1353 721 perpe·

316 748 478 780 tientibus.
525 749 590 779 Nee
605 754 679 778 vero
694 752 804 775 manus
820 743 847 774 ei
864 740 1056 774 necessarias
1069 748 1139 772 esse
1152 739 1258 780 duxit,
1273 748 1348 771 cum

273 816 281 839 t
315 807 392 839 nibil
410 808 589 847 superesset
602 801 946 843 comprehendendum.
961 801 1023 832 Nec
1035 799 1140 840 pedes,
1151 798 1301 839 quoniam
1314 807 1353 831 ex

318 867 439 905 septem
455 863 592 896 motibus
605 871 668 894 non
682 860 828 893 locularis
839 860 868 892 ei
881 860 1063 901 quisquam,
1075 858 1131 891 sed
1146 858 1353 899 rationabilis,

282 919 297 939 ¹
316 923 528 964 competebat,
547 921 600 962 qui
616 920 792 952 animarum
806 919 950 960 proprius
969 922 1016 951 est
1030 918 1196 950 circuitus.
1243 919 1355 958 Neque

317 982 415 1014 ullum
437 982 541 1012 locum
557 990 595 1012 ex
614 980 682 1011 loco
700 982 826 1010 mutans
854 990 862 1010 ε
892 977 1027 1018 ideoque
1044 977 1076 1009 in
1101 976 1213 1008 orbem
1241 975 1353 1015 fertur,

314 1043 345 1072 et
376 1040 463 1072 velut
500 1040 563 1071 fixo
598 1038 807 1070 circumvolat
833 1036 961 1068 cardine
993 1049 1002 1068 ι
1034 1037 1264 1077 proptereaque
1287 1036 1354 1066 rata

314 1101 489 1134 inerrabilis
503 1101 571 1140 eJ'us
589 1099 718 1140 agitatio
737 1099 795 1130 est.

355 1160 373 1202 §
400 1163 450 1192 12.
482 1160 559 1191 Haec
581 1157 674 1199 igitur
693 1156 803 1189 aeterni
829 1155 886 1188 Dei
911 1155 1154 1197 prospicientia,
1171 1154 1265 1195 juxta
1297 1162 1354 1186 na-

312 1219 413 1251 tivum
433 1219 465 1250 et
484 1225 623 1258 unquam
643 1215 785 1248 futurum
812 1215 929 1254 deum,
949 1214 1062 1246 laevem
1083 1222 1177 1253 eum,
1194 1214 1227 1246 et
1250 1213 1353 1254 aequi·

314 1286 435 1310 remum
468 1275 733 1315 indeclivemque;
751 1275 791 1306 -et
820 1283 837 1305 a
866 1273 1035 1305 medietate
1083 1272 1354 1313 undiqueversum

312 1335 488 1376 aequalem,
511 1343 614 1374 exque
635 1332 783 1374 perfectis
806 1331 1027 1372 universisque
1048 1332 1150 1363 totum
1180 1331 1354 1372 perfectum

313 1394 487 1436 progenuit.
534 1393 684 1425 Animam
702 1401 778 1423 vero
796 1391 827 1422 in
847 1391 916 1431 ejus
934 1387 1104 1423 medietate
1123 1390 1259 1430 locavit,
1280 1398 1355 1422 ean-

312 1454 449 1494 demque
467 1462 522 1494 per
541 1461 666 1484 omnem
682 1451 808 1491 globum
822 1450 1020 1491 aequabiliter
1033 1449 1149 1491 porrigi
1163 1449 1254 1489 jussit
1269 1459 1277 1480 :
1293 1458 1357 1489 quo

1413 325 1508 358 tectis
1528 324 1732 357 interioribus
1748 324 1910 365 partibus,
1924 325 2044 357 extima
2060 334 2188 368 quoque
2202 327 2301 361 totius
2317 329 2462 370 corporis

1414 383 1537 416 ambitu
1557 383 1673 415 animae
1690 383 1976 415 circumdarentur.
2021 385 2127 425 Atque
2144 384 2189 417 ita
2203 384 2313 419 orbem
2326 387 2461 419 teretem

1414 444 1446 475 in
1465 444 1577 476 orbem
1596 447 1692 484 atque
1710 443 1743 475 in
1762 451 1857 475 suum
1876 442 2034 475 ambitum
2058 443 2159 477 voluit
2175 446 2319 479 converti
2339 449 2372 480 et
2390 454 2463 480 mo-

1416 503 1494 535 veri.
1540 503 1670 544 sotum,
1687 502 1884 544 praecipuum
1904 502 1959 543 qui
1985 502 2141 536 virtutum
2166 506 2351 545 praestantia
2368 506 2463 539 autli-

1415 563 1503 595 ceret
1533 562 1746 595 conciliationi
1783 561 1921 603 propriae
1948 574 1957 594 ι
1987 570 2047 594 nec
2067 563 2319 598 extraordinario
2346 565 2457 607 cuius-

1414 630 1513 662 quam
1530 621 1686 661 indigeret
1699 620 1816 653 auxilio
1837 633 1845 653 ε
1869 620 2075 662 amicumque
2089 630 2217 664 semper
2229 622 2290 656 sibi
2305 623 2464 667 :ideoque

1414 689 1540 713 summe
1558 681 1704 721 beatum,
1724 679 1832 712 divina
1852 680 1994 721 potentia
2014 680 2184 721 praeditum
2200 683 2321 723 genuit.

1455 741 1520 772 Nec
1543 740 1651 771 tamen
1679 747 1718 771 eo
1748 747 1813 780 quo
1843 747 1904 771 nos
1923 739 2126 781 ad·proesens
2154 740 2318 782 loquimur
2332 740 2465 783 ordine,
2480 730 2523 777 C

1414 801 1522 832 ortum
1553 798 1672 831 animae
1702 797 1782 830 deus
1810 797 1948 835 annuit:
1966 798 2189 841 junioremque
2205 799 2238 833 et
2252 799 2464 842 posteriorem

1414 857 1601 899 corporibus
1620 865 1690 889 eam
1709 856 1794 889 fecit.
1838 859 1950 898 Neque
1967 857 2054 890 enim
2070 857 2203 890 decebat
2218 867 2286 891 rem
2305 858 2466 899 antiquio·

1414 926 1481 950 rem
1504 925 1523 948 a
1546 915 1725 957 postgenita
1746 915 1823 956 regi.
1885 915 1947 948 Sed
1975 915 2160 949 hominibus
2182 925 2254 949 mos
2276 918 2326 950 est
2346 917 2465 958 passim

1415 979 1675 1017 praepostereque
1696 976 1729 1007 et
1746 974 1815 1007 sine
1835 974 2060 1008 observatione
2076 975 2199 1009 ordinis
2217 975 2287 1013 tari.
2326 968 2372 1009 'At
2389 985 2467 1011 vero

1413 1035 1495 1068 deus
1525 1036 1590 1067 tam
1619 1034 1810 1075 antiquitate
1842 1022 1939 1076 quam
1971 1034 2146 1068 virtutibus
2177 1035 2292 1077 praeire
2322 1035 2464 1068 animam

1413 1094 1556 1135 corporis
1587 1095 1714 1126 naturae
1732 1092 1828 1132 jussit
1851 1106 1860 1126 ε
1885 1092 2115 1134 dominamque
2142 1101 2214 1126 eam
2240 1094 2272 1126 et
2298 1092 2467 1136 principali

1410 1153 1484 1194 jure
1504 1153 1605 1185 voluit
1632 1161 1703 1184 esse
1730 1152 1815 1184 circa
1844 1151 1877 1184 id
1903 1151 1990 1192 quod
2024 1153 2148 1186 tuetur.
2197 1154 2308 1194 ltaque
2336 1152 2465 1186 tertium

1413 1222 1512 1255 genus
1528 1213 1644 1245 animae
1660 1211 1842 1253 composuit
1860 1212 1921 1244 boc
1937 1214 2041 1254 pacto.
2068 1213 2114 1245 Ex
2138 1212 2304 1245 individua
2321 1204 2465 1254 semper-

1416 1281 1479 1313 que
1502 1272 1534 1303 in
1556 1279 1615 1302 suo
1643 1271 1729 1302 statu
1761 1271 1984 1311 perseverante
2010 1269 2211 1311 substantia,
2238 1270 2380 1311 itemque
2405 1268 2467 1302 alia

1416 1339 1488 1370 quae
1516 1329 1736 1370 inseparabilis
1766 1338 1938 1370 corporum
1972 1338 2082 1362 comes
2115 1331 2171 1370 per'
2194 1329 2308 1363 eadem
2333 1337 2466 1371 corpora

1416 1388 1560 1421 scindere
1581 1397 1616 1421 se
1634 1390 1777 1429 putatur,
1793 1389 1923 1421 tertium
1945 1388 2133 1420 substantiae
2151 1397 2251 1429 genus
2270 1387 2408 1434 mixtum
2423 1387 2469 1430 lo·

1419 1448 1530 1480 cavit.
1559 1447 1701 1480 medium
1718 1436 1800 1480 inter
1816 1449 1985 1489 utramque
2009 1447 2236 1480 substantiam.
2280 1447 2468 1506 Eodemque

250 1570 278 1606 d
314 1574 426 1611 ἑαυτῶ
444 1571 534 1610 καὶ(
523 1573 578 1624 υφ’
597 1574 725 1610 ἑαυτοῦ
746 1570 882 1622 πάσχον
900 1586 960 1608 και
982 1570 1108 1622 δρῶν’
1093 1586 1132 1608 εκ
1150 1569 1278 1621 τέχνης
1294 1568 1354 1620 γε’-

313 1647 424 1682 γονεν·
440 1630 596 1682 ἡγήσατο
607 1630 765 1681 γὰραῦτο
776 1633 793 1668 ὃ
806 1628 964 1674 ξυντιθεις
975 1628 1145 1681 αὔταρκες
1160 1627 1196 1666 ὂν
1212 1628 1353 1678 ἄμεινον

319 1689 458 1728 ἔσεσθαι
476 1689 640 1739 μᾶλλον
622 1707 644 1736 η
662 1688 805 1741 προσδεὲ
793 1706 825 1733 ς
840 1688 970 1728 ἄλλων.
989 1689 1125 1741 Χειρῶν
1141 1686 1189 1735 δε,
1199 1691 1251 1731 αἱς
1272 1686 1350 1725 οὔτε

314 1748 435 1787 λαὸεῖν
457 1748 534 1788 οὔτε
556 1751 598 1786 αὖ
621 1763 697 1786 τινα
721 1747 918 1798 ἀμυνασθαι
946 1745 1047 1800 χρεία
1079 1763 1130 1791 τις
1157 1750 1215 1794 ἠν,
1238 1745 1352 1795 μάτην

317 1806 378 1844 οὐκ
411 1804 497 1859 ὤετο
528 1807 597 1844 δεῖν
635 1807 728 1844 αὐτῶ
760 1805 983 1858 προσάπτειν·
1014 1805 1092 1843 ουδὲ
1128 1806 1244 1843 ποδῶν
1278 1803 1354 1843 οὐδὲ

1111 1863 1260 1910 Κίνησιν
1288 1861 1354 1938 γὰρ

317 1924 500 1975 ἀπένειμεν
527 1923 707 1976 αὐτῷτὴν
735 1939 794 1962 του
824 1923 985 1974 σώματος
1011 1922 1156 1973 οἰκείαν,
1177 1925 1246 1961 τῶν
1267 1921 1356 1960 ἑπτὰ

313 1980 376 2028 τὴν
396 1997 475 2034 περι
494 1985 569 2019 νοῦν
597 1997 656 2020 και
681 1981 845 2034 φρόνησιν
868 1981 1026 2032 μάλιστα
1047 1984 1167 2020 οὖσαν.
1226 1979 1289 2019 Διὸ
1313 1978 1353 2026 δὴ

314 2039 405 2078 κατὰ
421 2039 530 2079 ταύτὰ
547 2042 580 2078 ἐν
598 2057 646 2078 τω
664 2042 758 2079 αὗτω
774 2057 833 2079 και
849 2043 882 2078 ἐν
901 2042 1015 2093 ἑαυτῳ
1030 2038 1254 2093 περιαγαγὼν
1272 2038 1356 2077 αὐτὸ

317 2098 458 2145 ἐποίησε
507 2098 624 2151 κύκλῳ
663 2104 830 2138 κινεῖσθαι
870 2099 1116 2152 στρεφόμενον,
1153 2098 1215 2143 τὰς
1250 2097 1286 2136 δὲ
1320 2097 1356 2143 ἓξ

316 2156 454 2200 ἁπάσας
487 2157 637 2204 κινήσεις
679 2160 796 2213 ἀφεῖλε
830 2157 890 2196 καὶ
927 2158 1079 2202 ἀπλανὲς
1116 2157 1355 2209 ἀπειργάσατο

316 2215 468 2256 ἐκείνων.
526 2216 609 2256 Ἐπὶ
644 2216 677 2255 δὲ
711 2217 773 2265 τὴν
811 2217 970 2269 περίοδον
1011 2216 1140 2264 ταύτην
1179 2216 1232 2254 ἅτ’
1257 2215 1354 2254 οὐδὲν

315 2275 428 2313 ποδῶν
450 2274 523 2313 δέον
544 2275 684 2319 ἀσκελὲς
703 2276 763 2313 καὶ
787 2275 895 2313 ἄπουν
923 2275 1006 2313 αὐτὸ
1026 2275 1220 2327 ἐγέννησεν.

368 2335 518 2375 XVIII.
545 2336 566 2385 §
603 2342 664 2376 12.
689 2329 799 2378 Οὗτος
829 2335 870 2382 δὴ
899 2341 967 2378 πἰἷς
987 2333 1093 2378 ὄντως
1117 2334 1168 2372 ἀεὶ
1190 2334 1355 2386 λογισμὸς

316 2396 391 2432 θεοῦ
420 2393 499 2447 περὶ
518 2395 574 2434 τὸν
594 2394 678 2433 ποτὲ
699 2394 859 2446 ἐσόμενον
881 2393 955 2433 Οεὸν
983 2393 1152 2445 λογισθεὶς
1172 2395 1262 2432 λεῖον
1291 2393 1351 2431 καὶ

315 2535 470 2566 mundum
491 2545 594 2576 neque
618 2545 710 2576 egere
735 2537 849 2569 altero.
897 2538 1012 2577 ltaque
1034 2535 1062 2568 ei
1090 2544 1149 2567 nec
1175 2543 1290 2566 manus
1313 2534 1356 2565 at-

316 2594 424 2634 fluxit,
443 2595 520 2635 quia
538 2604 594 2627 nec
610 2595 801 2636 capiendum
818 2595 994 2636 quidquam
1011 2597 1101 2634 erat,
1120 2603 1178 2626 nec
1203 2593 1356 2634 repellen-

315 2652 391 2684 dum
415 2667 422 2684 :
445 2662 503 2685 nec
530 2654 624 2694 pedes
653 2662 714 2686 nec
742 2654 803 2686 alia
834 2654 997 2695 membra,
1019 2653 1136 2694 quibus
1180 2653 1357 2693 ingressum

316 2709 458 2749 corporis
490 2710 669 2743 sustineret.
714 2713 838 2744 Motum
860 2712 946 2744 enim
976 2712 1064 2743 dedit
1092 2711 1170 2744 caelo
1198 2710 1358 2751 eu1n‚qui

317 2767 424 2807 figurae
441 2768 508 2808 ejus
526 2771 610 2801 esset
627 2770 814 2810 aptissimus
826 2794 835 2811 ,
852 2770 907 2811 qui
925 2780 1007 2810 unus
1027 2779 1064 2802 ex
1084 2772 1205 2811 septem
1220 2770 1358 2802 motibus

317 2828 455 2858 mentem
473 2830 569 2867 atque
595 2827 833 2868 intelligentiam
849 2828 946 2860 cieret
965 2829 1115 2861 maxime.
1161 2831 1274 2870 Itaque
1297 2837 1359 2860 una

318 2887 524 2918 conversione
540 2890 635 2927 atque
654 2887 764 2920 eadem
778 2888 847 2928 ipse
866 2888 988 2919 circum
1004 2897 1038 2920 se
1054 2881 1223 2928 torquetur
1242 2891 1272 2920 et
1290 2897 1359 2920 ver-

317 2945 408 2977 titur.
453 2947 514 2978 Sex
534 2948 642 2978 autem
661 2947 804 2987 reliquos
818 2948 925 2978 motus
943 2947 983 2978 ab
999 2956 1035 2979 eo
1054 2947 1223 2988 separavit.
1249 2949 1360 2988 ltaque

318 3013 390 3035 eum
414 3005 453 3036 ab
475 3007 560 3037 omui
585 3007 742 3038 erratione
773 3006 936 3039 liberavit.
983 3007 1030 3038 Ad
1060 3007 1140 3038 lianc
1162 3007 1256 3047 igitur
1282 3017 1359 3039 con—

318 3061 510 3101 versionem,
531 3072 603 3103 quae
620 3063 754 3103 pedibus
771 3065 801 3095 et
822 3063 922 3103 gradu
945 3073 1008 3095 nou
1030 3065 1150 3104 egeret,
1165 3064 1359 3104 ingrediendi

218 3116 264 3153 3&
274 3118 298 3143 (ὁ
319 3120 461 3151 membra
472 3129 534 3151 non
544 3121 641 3159 dedit.
655 3121 686 3162 [ὃ
702 3121 763 3162 12,]
774 3123 848 3153 tioec
857 3121 934 3152 deus
944 3122 981 3162 is,
989 3122 1132 3162 quierat,
1141 3122 1180 3154 de
1190 3122 1360 3163 aliquando

319 3176 378 3207 deo
395 3177 502 3209 suturo
525 3178 667 3218 cogitans
680 3203 689 3218 ,
708 3179 809 3210 levem
830 3188 902 3210 cum
922 3180 1028 3211 effecit
1049 3181 1080 3211 et
1094 3179 1233 3219 undique
1251 3185 1360 3221 aequa·

320 3234 414 3266 bilem
429 3238 460 3267 et
476 3245 494 3267 a
514 3237 621 3268 medio
647 3237 686 3267 ad
711 3246 874 3268 summum
893 3246 998 3278 parem
1020 3239 1050 3269 et
1074 3238 1248 3278 perfeetum
1265 3240 1362 3280 atque

321 3292 504 3325 absolutum
529 3304 569 3326 ex
593 3295 748 3326 absolutis
770 3297 866 3335 atque
882 3296 1040 3335 perfectis
1086 3296 1237 3327 Animum
1254 3300 1359 3328 autem

322 3352 357 3381 ut
382 3351 413 3382 in
433 3361 471 3383 eo
494 3353 597 3384 medio
618 3353 810 3394 collocavit,
831 3354 874 3384 ita
888 3362 942 3393 per
960 3355 1062 3385 totum
1077 3354 1211 3386 tetendit
1227 3368 1234 3387 ε
1250 3355 1361 3387 deinde

324 3417 396 3439 euin
420 3410 630 3443 circumdedit
648 3421 780 3452 corpore
792 3415 824 3443 et
837 3412 966 3444 vestivit
978 3413 1190 3445 exstrinsecus
1203 3423 1210 3444 :
1223 3414 1362 3454 caeloque

324 3466 466 3508 solivago
491 3470 522 3501 et
544 3470 674 3502 volubili
693 3472 723 3503 et
748 3471 780 3502 in
803 3470 912 3504 orbem
933 3471 1061 3505 incitato
1084 3473 1268 3519 complexus
1296 3475 1362 3509 est.

1420 1569 1554 1620 ὁμαλὸν
1565 1571 1731 1622 πανταχῇ
1741 1583 1776 1606 τε
1792 1568 1831 1606 ἐκ
1842 1567 1950 1618 μέσου
1962 1568 2034 1606 ἴσον
2050 1567 2111 1606 καὶ
2122 1567 2201 1607 ὅλον
2220 1566 2282 1606 καὶ
2297 1566 2413 1606 τέλεον
2426 1567 2466 1605 ἐκ

1418 1628 1543 1668 τελέων
1555 1628 1730 1679 σωμάτιον
1745 1629 1848 1677 σῶμα
1863 1626 2018 1674 ἐποίησε·
2035 1626 2151 1680 ψυχὴν
2175 1625 2212 1666 δὲ
2239 1627 2287 1670 εἷς
2301 1626 2341 1665 τὸ
2355 1624 2463 1676 μέσον

1418 1688 1521 1726 αὐτοῦ
1539 1688 1606 1731 θεὶς
1622 1687 1677 1726 διὰ
1692 1686 1823 1730 παντός
1836 1701 1874 1724 τε
1889 1685 1996 1724 ἔτεινε
2011 1685 2071 1723 καὶ
2090 1683 2143 1724 ἔτι
2158 1684 2282 1729 ἔξωθεν
2301 1684 2342 1724 τὸ
2360 1686 2465 1736 σῶμα

1420 1748 1508 1799 αὐτῇ
1529 1746 1763 1799 περιεκάλυψε
1782 1744 1913 1798 ταύτῃ,
1930 1744 1990 1783 καὶ
2009 1745 2130 1798 κύκλῳ
2150 1743 2191 1791 δὴ
2214 1743 2342 1783 κύκλον
2363 1757 2465 1795 στρε-

1421 1805 1569 1858 φόμενον
1597 1804 1741 1857 οὐρανὸν
1777 1804 1837 1844 ἕνα
1854 1803 1971 1873 mpo'vov
2012 1803 2141 1858 ἔρημον
2171 1803 2391 1850 κατέστησε,
2418 1801 2463 1840 δι’

1420 1863 1546 1916 ἀρετὴν
1581 1863 1617 1902 δὲ
1647 1863 1749 1902 αὐτὸν
1784 1864 1879 1915 αὓτῳ
1912 1862 2100 1913 δυνάμενον
2138 1861 2377 1918 ξυγγίγνεσθαι
2403 1859 2464 1900 καὶ

1419 1922 1552 1968 οὐδενὸς
1573 1922 1690 1997 ἑτέρου
1721 1901 1990 1975 προσδεόμενον,
2009 1920 2183 1974 γνώριμον
2214 1919 2250 1959 δὲ
2279 1919 2340 1959 καὶ
2366 1918 2464 1973 φίλον

1419 1983 1547 2026 ἱκανως
1567 1981 1669 2020 αὐτὸν
1692 1983 1800 2034 αυτῶ.
1857 1980 1925 2020 Διὰ
1946 1979 2064 2018 πάντα
2081 1979 2124 2028 δὴ
2148 1995 2263 2018 ταυτα
2279 1978 2467 2031 εὗδαίμονα

1420 2041 1494 2079 θεὸν
1515 2041 1617 2080 αὐτὸν
1637 2039 1860 2092 ἐγεννήσατο.

1474 2098 1549 2146 Τὴν
1567 2098 1603 2138 δὲ
1624 2098 1665 2145 δὴ
1687 2097 1805 2151 ψυχὴν
1826 2099 1893 2150 οὐχ
1910 2098 1957 2142 ὡς
1973 2112 2032 2135 νυν
2052 2095 2202 2149 ὑστέραν
2222 2097 2466 2149 ἐπιχειροῦμεν

1422 2157 1548 2209 λέγειν,
1573 2156 1682 2200 οὕτως
1707 2156 1963 2209 ἐμηχανήσατο
1991 2155 2051 2194 καὶ
2078 2158 2097 2194 ὁ
2121 2154 2195 2200 θεὸς
2222 2153 2408 2207 νεωτέραν·
2426 2154 2465 2192 αὖ

1423 2216 1490 2269 γὰρ
1510 2215 1552 2254 ἂν
1574 2216 1746 2269 ἄρχεσθαι
1769 2214 2003 2268 πρεσὸύτερον
2024 2213 2090 2253 ὑπὸ
2114 2213 2295 2284 νεωτέρου
2310 2210 2470 2266 ξυνέρξας

1423 2275 1549 2314 εἴασεν·
1571 2274 1662 2314 ἀλλά
1682 2291 1756 2319 πως
1774 2276 1876 2325 ἡμεῖς
1901 2273 1990 2312 πολυ
2013 2272 2215 2326 μετέχοντες
2233 2275 2295 2311 τοῦ
2314 2286 2466 2325 προστυ-

1422 2338 1545 2386 χόντος
1559 2349 1596 2372 τε
1617 2333 1677 2372 καὶ
1694 2335 1771 2385 εἰκῇ
1791 2332 1903 2390 ταύτῃ
1921 2348 1970 2385 πῃ
1988 2332 2047 2371 και
2065 2333 2226 2383 λέγομεν,
2248 2332 2266 2369 ὁ
2285 2329 2322 2369 δὲ
2338 2329 2398 2369 καὶ
2414 2345 2468 2381 γε·

1418 2409 1453 2431 νε
1445 2393 1510 2430 ’σει
1540 2408 1601 2431 και
1629 2395 1735 2445 ἀρετῃ
1772 2390 1943 2444 προτέραν
1979 2406 2038 2428 και
2076 2388 2318 2442 πρεσὸυτέραν
2342 2387 2460 2441 ψυχὴν

1418 2535 1506 2576 quod
1525 2544 1634 2567 secum
1654 2534 1759 2575 ipsum
1782 2535 1909 2575 propter
1929 2533 2080 2565 virtutem
2098 2531 2190 2564 facile
2201 2539 2272 2564 esse
2286 2532 2394 2572 posset
2406 2538 2467 2563 nec

1422 2594 1618 2634 desideraret
1635 2593 1770 2625 alterum
1782 2615 1792 2632 ‚
1810 2592 1886 2624 satis
1912 2592 1972 2624 sibi
1996 2592 2101 2633 ipsum
2119 2592 2232 2623 notum
2251 2591 2285 2623 et
2301 2588 2467 2622 familiare.

1420 2654 1473 2686 Sic
1496 2653 1576 2685 deus
1602 2653 1653 2684 ille
1675 2654 1817 2684 aeternus
1842 2652 1928 2683 bunc
1954 2651 2092 2692 perfecte
2123 2650 2252 2682 beatum
2276 2648 2373 2681 deum
2390 2655 2469 2689 pro-

1419 2712 1554 2744 creavit.
1598 2711 1659 2743 Sed
1679 2711 1822 2742 animum
1842 2710 1925 2741 haud
1944 2711 2009 2750 ita,
2030 2710 2067 2741 ut
2089 2708 2186 2741 modo
2207 2706 2307 2740 locuti
2328 2714 2465 2746 snmus,

1418 2771 1487 2802 tum
1504 2769 1654 2810 denique,
1669 2778 1771 2810 quum
1793 2777 1913 2809 corpus
1926 2769 1954 2800 ei
1969 2768 2148 2808 effecisset,
2163 2765 2338 2799 inchoavit.
2357 2766 2468 2806 Neque

1419 2830 1504 2862 enim
1533 2831 1615 2862 esset
1641 2831 1783 2870 rectum,
1813 2828 1928 2860 minori
1956 2837 2064 2868 parere
2095 2826 2260 2867 majorem.

1420 2891 1521 2923 multa
1551 2890 1786 2923 inconsiderate
1816 2898 1854 2921 ac
1885 2891 2006 2921 temere
2042 2888 2190 2921 dicimus.
2241 2888 2328 2920 Deus
2360 2888 2468 2918 autem

1419 2953 1451 2985 et
1470 2952 1545 2984 ortu
1573 2952 1606 2984 et
1633 2950 1753 2983 virtute
1785 2949 1996 2990 antiquiorem
2024 2949 2134 2989 genuit
2159 2948 2304 2981 animum
2324 2953 2469 2987 eumque

1422 3013 1456 3041 ut
1471 3010 1640 3041 dominum
1654 3010 1750 3050 atque
1764 3008 1974 3049 imperantem
1986 3007 2147 3039 obedienti
2161 3004 2302 3047 praet'ecit
2311 3002 2466 3047 corpori:
2491 3014 2495 3019 ·

1419 3063 1515 3106 idque
1533 3065 1663 3098 molitus
1676 3065 1732 3104 tali
1749 3064 1889 3106 quodam
1908 3066 1956 3096 est
1972 3063 2079 3095 modo.
2090 3047 2173 3105 s—Ex
2187 3071 2224 3095 ea
2238 3061 2381 3100 materia,
2393 3067 2468 3102 qum

1419 3124 1583 3157 individua
1599 3127 1649 3157 est
1665 3126 1698 3157 et
1714 3133 1788 3166 quae
1805 3132 1932 3164 semper
1949 3122 2046 3154 unius
2066 3122 2152 3154 modi
2175 3121 2289 3162 suique
2308 3119 2420 3152 similis
2434 3119 2468 3151 et

1420 3192 1457 3214 ex
1473 3192 1526 3224 ea,
1539 3192 1611 3224 quoe
1626 3182 1657 3214 in
1674 3182 1862 3224 corporibus
1879 3181 2008 3213 dividua
2019 3180 2171 3221 gignitur,
2185 3180 2312 3212 tertium
2325 3176 2467 3223 materjm

1421 3251 1519 3282 genus
1534 3252 1573 3274 ex
1586 3242 1712 3275 duobus
1729 3242 1761 3274 in
1779 3241 1920 3274 medium
1940 3227 2122 3279 admiscuit,
2133 3237 2217 3279 quod
2229 3238 2313 3270 esset
2325 3235 2468 3277 ejusdem

1421 3304 1542 3333 naturae
1552 3326 1560 3341 ‚
1573 3302 1605 3333 et
1619 3302 1703 3342 quod
1716 3300 1847 3333 alterius
1862 3300 1980 3341 :idque
1993 3298 2148 3338 interjecit
2165 3297 2248 3328 inter
2265 3294 2467 3327 individuum

1423 3360 1518 3399 atque
1537 3359 1567 3391 id
1579 3385 1587 3399 ,
1604 3359 1687 3400 quod
1707 3359 1875 3391 dividuum
1894 3359 1979 3392 esset
1995 3357 2029 3390 in
2045 3365 2188 3398 corpore.
2232 3357 2277 3386 Ea
2291 3362 2393 3395 quum
2407 3353 2468 3385 tria

1424 3417 1630 3457 sumpsisset,
1658 3425 1755 3449 unam
1785 3417 1816 3448 in
1843 3417 1982 3458 speciem
2008 3414 2199 3456 temperavit
2221 3422 2230 3444 :
2253 3415 2468 3458 naturamque

1425 3474 1532 3514 illam,
1550 3484 1646 3516 quam
1672 3476 1802 3509 alterius
1820 3475 1973 3516 diximus,
1994 3474 2025 3507 vi
2051 3483 2125 3506 cum
2153 3472 2262 3505 eadem
2283 3469 2466 3511 conjunxit,

2481 1138 2558 1196 33

2320 2824 2383 2858 Sed
2409 2831 2468 2856 nos
2512 2848 2515 2851 .

2537 959 2551 970 ὴ

2537 1065 2559 1106 3
