2606 3828
933 238 987 279 IN
1021 239 1250 279 TlMAEtJM
1279 238 1550 280 PLATOMS.

164 326 432 373 daignauonciu,
449 335 512 360 non
526 328 577 360 est
602 325 798 367 putandum,
816 325 920 359 labem
946 325 1207 359 dissolutionem·

2233 252 2309 285 20⁰

1269 328 1367 360 timus
1396 337 1494 370 supra
1519 329 1705 361 memorata:
1729 329 1972 362 circumactioui
2002 330 2133 369 similis,
2161 331 2216 372 qui
2249 334 2312 365 lixo

165 399 228 431 qne
246 388 361 422 aii'erre
387 386 530 427 mundo,
547 386 628 427 quin
650 386 759 428 potius
787 385 1038 426 recreationem,
1054 388 1088 417 et
1114 386 1208 426 quasi
1266 386 1476 420 circumvolat
1496 386 1634 422 cardine.
1667 388 1749 427 Quia
1777 397 1852 429 ergo
1881 397 1922 421 ex
1950 387 1989 420 ils
2015 394 2141 430 septem
2168 393 2312 424 motibus

164 447 323 480 novellam
351 445 563 483 viriditatem,
581 445 718 486 positam
742 444 775 477 in
800 443 943 485 auspicio
970 446 1080 476 motus
1107 444 1206 476 nori:
1234 416 1238 471 Ι
1270 445 1409 477 duorum
1442 446 1670 479 tantummodo
1692 446 1824 488 singuiis
1847 448 1927 480 ratis
1950 447 2051 480 stellis
2078 457 2171 481 usum
2202 450 2314 482 tribuit

164 505 250 539 liand
260 505 361 539 sciam
372 528 383 545 ,
398 513 441 537 nn
454 504 487 537 in
502 503 695 546 quibusdam
709 502 891 544 regionibus
903 505 999 535 terrae
1015 504 1208 542 proventura

165 564 210 599 sit
223 562 289 597 ulia
307 571 351 596 ex
364 562 573 596 innovatione
590 562 728 604 jactura.
772 563 936 596 nactenus
954 561 995 594 de
1010 560 1122 594 mundi
1138 570 1208 593 sen-

162 621 264 656 sibifls
275 621 508 656 constitutione
526 620 689 655 tractavit.

202 681 354 716 cxvui.
374 680 488 716 nundi
505 679 603 714 totius
629 679 869 720 perfectionem,
885 678 927 711 ab
952 677 1066 720 opifice
1082 676 1209 709 absolu·

163 743 232 775 tam
259 741 347 781 Deo,
366 739 523 782 preteriti
549 738 655 781 operis
671 739 762 772 textu
788 737 1006 778 secrevimus,
1037 736 1209 769 Platonicis

162 798 381 842 dogmatibus,
394 797 502 841 quoad
514 797 721 831 mediocritas
733 796 852 839 ingenii
867 804 960 838 passa
974 797 1036 835 est,
1051 795 1209 828 inhoeren-

163 860 232 899 tes,
255 859 348 900 iuxta
368 859 492 891 nature
525 856 828 899 contemplationem
852 854 1084 897 generationis,
1106 854 1207 887 attiti-

163 917 333 960 denasque
352 917 503 950 rationes.
547 915 670 949 Deinde
685 916 760 948 ante
778 923 894 948 omues
910 923 960 947 res
980 914 1116 956 primam
1139 922 1208 955 per-

163 977 279 1010 tractat
291 975 469 1009 eoeiestium
482 974 622 1016 orbium,
638 974 693 1015 qni
710 977 786 1008 suut
804 973 895 1006 iniixi
908 974 999 1015 tergo
1015 974 1094 1007 ratae
1112 973 1210 1013 atque

163 1035 343 1071 inerrabiiis
357 1035 577 1070 conversionis
588 1059 598 1075 ,
612 1035 850 1077 generationem
860 1058 871 1075 ,
884 1042 996 1068 eorum
1009 1033 1120 1074 etiam,
1137 1042 1210 1075 quae

164 1094 306 1129 mundus
324 1095 565 1138 complectitur.

205 1154 276 1187 Ἵνα
293 1153 359 1188 τόδ’
375 1155 418 1191 ὥς
437 1154 623 1195 semem-ov
637 1153 659 1195 ἦ
676 1157 722 1196 τῷ
737 1154 832 1196 reliq»
850 1154 903 1186 zai
923 1155 1030 1194 νοητῷ
1051 1152 1121 1195 ζῴῳ
1136 1152 1211 1193 πρὸς

167 1215 222 1252 τὴν
238 1217 293 1253 τῆς
305 1213 463 1251 manvia:
483 1212 615 1255 μίμησιν
631 1214 765 1255 punem:-

207 1275 281 1312 Quo
298 1274 346 1306 sit
373 1272 482 1315 plena
499 1271 735 1315 perfectaque
754 1274 922 1306 universa
949 1280 1025 1312 res,
1049 1270 1208 1304 animal-

166 1340 233 1375 que
250 1332 395 1366 sensilis
415 1330 539 1365 muudi
562 1334 766 1374 proximam
790 1330 1065 1364 similitudinem
1087 1331 1210 1364 nanci-

163 1389 466 1434 scetur-,perlecto
478 1389 765 1433 intellimbitique
776 1391 810 1424 et
827 1389 1028 1432 exemplari
1043 1397 1088 1422 ex
1102 1397 1139 1423 se
1152 1396 1209 1431 qe·

164 1451 241 1484 mo
257 1441 409 1486 manao}

204 1499 416 1551 Qnatuorque
421 1507 585 1542 sensilium
595 1507 783 1542 animalium
791 1508 928 1550 species,
938 1508 1005 1540 tam
1017 1506 1212 1547 coelestium,

164 1575 264 1611 qnam
287 1569 515 1608 terrenorum,
536 1566 675 1601 naturali
703 1566 972 1609 contemplatione
1000 1565 1182 1598 dinumerat
1201 1576 1210 1596 z

164 1630 342 1664 mutim
365 1629 495 1675 quidun
519 1628 647 1671 stellas,
671 1631 871 1663 terrenorum
889 1636 967 1661 vcro
992 1627 1158 1667 volatilia,
1180 1628 1213 1660 et

166 1688 244 1722 item
261 1687 424 1729 natantia,
448 1696 587 1730 quaque
613 1696 670 1730 per
694 1690 813 1721 terram
839 1687 999 1727 teruntur,
1029 1685 1100 1727 jure
1127 1685 1213 1737 dicta

165 1750 291 1782 terrena
305 1771 316 1789 ,
330 1747 449 1789 quippe
459 1755 535 1789 quo
554 1748 640 1781 terra
653 1746 848 1787 nutriantur,
862 1746 938 1779 etin
958 1745 1103 1787 ejusdem
1118 1747 1213 1778 terrai

166 1805 291 1849 gremio
315 1806 480 1848 quieseant
498 1818 507 1839 ε
524 1805 678 1848 quodque
699 1813 833 1847 corpora
861 1813 988 1845 eorum,
1019 1813 1061 1837 ex
1092 1803 1214 1844 majore

167 1866 258 1908 parte
273 1863 421 1904 terens.
439 1873 480 1898 ex
502 1864 676 1898 obtinentis
705 1863 849 1897 materiae
873 1862 1032 1896 vocabulo
1046 1862 1212 1905 cognomi·

165 1926 284 1958 nantnr
300 1937 310 1958 ι
329 1923 460 1966 perinde
478 1924 516 1957 ut
534 1923 672 1957 eoelestia
685 1947 695 1963 ‚
714 1931 789 1966 quai
813 1931 855 1955 ex
874 1921 995 1963 majore
1016 1923 1107 1964 parte
1127 1921 1210 1964 iguis

169 1982 240 2025 puri
251 1981 431 2024 liquidique
449 1983 598 2015 concreta
611 2005 622 2023 ,
642 1981 754 2015 eterni
771 1979 974 2022 appellantur
989 1980 1089 2022 ignes.

208 2041 320 2075 cxlx.
336 2041 403 2075 nee
418 2041 588 2073 contentus
604 2037 862 2081 supradictorum
882 2038 1068 2072 animalium
1086 2039 1215 2072 demon·

168 2099 344 2141 stnuone,
367 2098 499 2142 porrigit
517 2097 715 2140 diligentiam
731 2105 834 2138 usque
852 2096 893 2129 ad
911 2097 1063 2137 angelicae
1079 2098 1214 2138 naturai,

169 2167 251 2203 qnos
269 2157 436 2192 dnmonas
452 2159 567 2198 vocat,
589 2156 844 2190 extricationem.
890 2158 1037 2195 Quorum
1064 2155 1151 2198 quod
1168 2157 1217 2190 est

169 2217 281 2262 purius
297 2217 328 2251 in
341 2217 463 2251 nuum
479 2216 572 2250 sedes
585 2216 701 2257 habet,
718 2216 855 2250 alterum
872 2215 906 2248 iu
923 2223 1018 2256 aere,
1033 2214 1165 2248 tertium
1183 2214 1215 2248 in

171 2277 300 2320 regione
314 2284 367 2317 ea,
385 2284 460 2318 quae
477 2276 628 2310 humecta
641 2274 783 2309 essentia
797 2274 995 2315 nominatur,
1012 2281 1078 2315 quo
1093 2273 1217 2307 interna

173 2334 287 2371 mnndi
297 2336 449 2378 congesta
468 2334 534 2368 sint
550 2332 743 2367 animalibus
758 2333 882 2367 ratione
907 2332 1082 2374 utentibus,
1099 2340 1158 2366 nee
1176 2333 1218 2366 sit

171 2393 236 2429 uus
251 2394 323 2436 eius
350 2393 438 2435 regio
452 2392 590 2427 deserta.
634 2395 739 2432 Quem
762 2391 893 2435 quidem
920 2393 1113 2432 tractatum,
1129 2390 1216 2433 quod

171 2453 214 2487 sit
228 2452 355 2492 elatior,
375 2453 406 2486 et
436 2450 521 2486 nitra
549 2452 674 2485 natum
697 2450 1020 2493 contemplationem,
1038 2449 1218 2483 necessario

170 2511 278 2546 differi
288 2534 298 2549 .
315 2515 349 2545 et
363 2510 407 2545 ait
420 2512 523 2545 Deum
539 2512 613 2553 post
629 2509 868 2552 generationem
882 2509 1047 2543 stellarum
1064 2510 1216 2551 ratarum,

171 2577 247 2605 enm
263 2578 467 2613 unaquoque
487 2578 598 2604 earum
620 2569 767 2603 divinum
783 2568 901 2602 animai
914 2570 1013 2610 esset,
1035 2570 1130 2602 utens
1145 2577 1215 2601 cor·

172 2639 251 2675 pore
271 2630 375 2664 misto
393 2637 433 2664 ex
452 2628 678 2663 sincerissimis
692 2627 836 2662 materiis
854 2629 1009 2670 quatuor,
1030 2630 1062 2661 et
1078 2637 1120 2662 ex
1148 2636 1218 2660 ma·

171 2690 240 2732 iore
260 2690 350 2732 parte
381 2688 462 2730 ignis
491 2686 616 2729 sereni,
642 2695 814 2721 coruscum
840 2686 1003 2729 quoddam
1023 2686 1159 2727 animai,
1188 2687 1221 2719 et

173 2746 352 2782 formatum
368 2746 400 2780 in
419 2745 554 2780 modum
572 2746 709 2789 spinam
733 2745 876 2779 iniixisse
897 2753 1027 2778 summo
1048 2754 1122 2778 cum
1147 2754 1217 2778 mo-

172 2805 336 2840 dulamine
351 2804 459 2847 apiani
475 2805 591 2848 giobo,
614 2813 755 2848 eumque
772 2813 901 2838 omnem
923 2803 1106 2845 huiusmodi
1128 2802 1220 2837 iumi-

174 2864 272 2900 nibua
287 2872 471 2899 ηοω-ιε.
514 2863 574 2898 Ubi
599 2872 677 2898 vero
698 2862 850 2898 movendi
874 2872 931 2897 sus
954 2865 1003 2897 est
1021 2863 1221 2896 necessarius

174 2923 283 2964 visus,
313 2930 354 2957 ex
378 2921 530 2956 omnibus
555 2921 700 2956 motibus
726 2922 812 2956 duos
838 2920 900 2955 lios
927 2921 1079 2954 tribuisse
1108 2921 1221 2963 praeci·

175 2989 279 3026 pnes,
302 2989 406 3015 unum
427 2989 470 3016 ex
486 2970 666 3024 accidenti,
681 2990 748 3024 quo
778 2981 862 3023 rapit
888 2980 998 3014 stelias
1019 2979 1150 3022 aplanes
1179 2979 1220 3012 ad

175 3040 330 3080 oeddna.
349 3048 446 3083 qnam
462 3044 587 3075 motum
610 3048 697 3075 nnnc
716 3042 811 3074 vocat
829 3040 861 3073 in
874 3038 1095 3072 antecedentia
1112 3047 1121 3071 ε
1141 3037 1222 3072 aite-

178 3107 251 3133 rum
272 3106 349 3133 vern
366 3099 592 3142 principalem,
610 3099 667 3143 qui
689 3099 741 3133 sat
757 3098 980 3139 eirwmactio,
998 3097 1148 3139 circaque
1169 3105 1222 3131 se·

177 3157 244 3190 met
258 3155 405 3198 vertitur.
424 3146 561 3190 similem
573 3155 791 3191 deliberativa
806 3157 924 3191 auium
939 3156 1039 3190 motui
1052 3179 1062 3197 ,
1079 3156 1223 3198 quinque

177 3215 303 3249 castam
317 3214 517 3249 enatantibus
533 3215 687 3250 motibus.

220 3273 346 3307 ccxx.
366 3273 491 3308 Etenim
520 3273 677 3308 wentam
694 3278 805 3308 motus
827 3276 951 3316 septem
970 3275 1059 3316 aunt,
1078 3273 1195 3316 opinor
1212 3286 1221 3308 κ

180 3330 247 3365 duo
263 3330 393 3374 quidem
402 3330 495 3372 insta
515 3330 745 3374 longitudinem
756 3355 766 3371 ,
781 3331 813 3364 id
830 3334 892 3370 est.
911 3333 986 3364 ante
998 3334 1030 3365 et
1049 3336 1141 3374 post,
1158 3332 1224 3366 dno

181 3387 258 3422 item
274 3389 327 3423 aiii
344 3398 401 3432 per
417 3388 631 3430 latitudinem,
655 3391 687 3424 lu
704 3389 884 3431 desieram,
900 3389 1105 3424 etalniatram
1117 3402 1127 3434 ς
1141 3390 1220 3426 dno·

181 3454 248 3487 qua
261 3446 315 3480 atii
331 3446 422 3490 juata
439 3441 708 3490 prniundidatem.
723 3456 852 3482 sursum
872 3450 903 3483 et
922 3448 1075 3483 deorsum
1097 3461 1106 3484 z
1126 3452 1159 3485 et
1174 3450 1224 3484 ui·

290 3508 411 3535 tauns.
436 3510 533 3536 nanc.
550 3511 584 3537 u.

1268 505 1373 544 Deus,
1403 505 1610 547 principalem
1623 505 1754 548 quidem
1772 506 2054 539 circumactionem
2066 531 2075 546 ,
2100 516 2138 539 ex
2157 508 2314 541 accidenti

1269 572 1344 596 vero
1364 565 1416 604 qui
1435 564 1532 596 fertur
1550 566 1581 596 in
1597 564 1763 597 dexteram
1775 575 1785 606 ς
1799 568 1885 599 recte
1898 565 1980 598 dixit
1992 565 2135 607 quinquo·
2157 570 2315 607 praeterea

1269 624 1376 654 motus
1407 623 1486 654 aiios
1518 631 1644 656 vacare.
1694 624 1818 657 Deinde
1846 624 2009 658 concludit
2035 633 2315 667 commemorans,

1267 688 1301 711 se
1315 680 1482 714 stellarum
1498 681 1539 714 de
1562 683 1703 715 motibus
1721 683 1898 716 errantium
1918 684 1951 717 in
1969 684 2190 726 superioribus
2208 686 2316 727 dispu-

1269 742 1364 772 tasse.
1399 741 1439 772 m
1461 740 1578 773 coelum
1598 741 1727 782 quidem
1744 742 1787 775 ita
1804 746 2000 776 exornatum
2019 746 2071 778 est
2093 743 2292 785 sapientibus
2305 768 2315 785 ,

1267 798 1299 830 et
1313 799 1443 831 aeternis
1456 799 1651 832 animalibus
1666 799 1840 843 inquilinis.

1309 860 1421 893 cxxi.
1444 859 1538 898 Quod
1555 869 1630 893 vero
1638 870 1838 903 consequens
1853 862 2017 896 videretur
2032 864 2218 898 mortalium
2237 874 2316 906 quo·

1268 926 1350 958 que,
1367 920 1399 951 et
1415 919 1630 952 obnoxiorum
1644 921 1847 962 passionibus
1859 946 1868 960 .
1890 922 2079 956 animalium
2097 923 2317 957 demonstrari

1268 973 1465 1014 genituram,
1498 974 1566 1007 inec
1607 978 1682 1008 sunt
1713 985 1806 1017 porro
1835 979 1962 1010 terrena
1996 991 2005 1011 ε
2034 979 2107 1019 jure
2136 980 2319 1021 meritoque

1268 1034 1380 1075 prius,
1398 1043 1474 1076 quae
1493 1035 1534 1068 de
1561 1037 1643 1068 terra
1671 1036 1740 1077 ipsa
1765 1036 1899 1070 dicenda
1921 1037 2140 1077 existimabat,
2169 1039 2314 1080 exponit.

1269 1093 1353 1126 Dicit
1372 1096 1480 1127 autem
1506 1094 1593 1135 quod
1613 1095 1694 1127 lianc
1712 1104 1845 1138 quoque
1874 1098 1964 1130 Deus
1987 1099 2214 1131 constrictam
2228 1097 2319 1131 limi-

1268 1152 1414 1185 mitlbus
1438 1161 1502 1194 per
1528 1156 1649 1187 omnia
1676 1154 1851 1194 vadentes,
1875 1158 1910 1187 et
1937 1157 2067 1189 cuncta
2088 1158 2317 1198 continentis,

1268 1211 1361 1254 poli,
1380 1214 1603 1246 constituerit
1621 1215 1733 1246 noctis
1751 1213 1894 1256 dieique
1914 1214 2102 1247 custodem.
2174 1215 2238 1249 Sed
2254 1224 2315 1257 po-

1270 1270 1344 1303 lum
1366 1273 1534 1313 nuncupat
1551 1281 1645 1305 axem
1664 1282 1757 1313 eum,
1778 1273 1833 1314 qui
1855 1282 1953 1307 omne
1972 1274 2087 1307 mundi
2107 1283 2227 1316 corpus
2244 1284 2318 1316 per·

1270 1329 1370 1362 vadit.
1427 1332 1662 1363 constrictam
1689 1339 1765 1364 vero
1789 1331 1957 1373 dupliciter
1983 1331 2244 1374 intelligendum,
2270 1332 2320 1365 vel

1267 1387 1360 1429 juxta
1387 1388 1601 1430 Pythagoram
1631 1392 1809 1422 vertentem
1838 1398 1874 1422 se
1906 1390 2031 1422 circum
2063 1399 2157 1423 axem
2169 1413 2180 1431 ,
2216 1390 2321 1431 piacet

1270 1446 1391 1488 quippe
1418 1447 1627 1488 Pythagoreis
1651 1447 1775 1488 ignem,
1803 1449 1915 1489 utpote
1934 1448 2142 1481 materiarum
2169 1448 2318 1481 omnium

1271 1504 1466 1546 prinoipem,
1481 1504 1686 1538 medietatem
1709 1505 1823 1538 mundi
1844 1506 2009 1546 obtinere,
2034 1515 2130 1547 quem
2151 1508 2246 1540 Jovis
2263 1514 2322 1539 cu·

1270 1563 1404 1597 stadem
1422 1563 1584 1606 appeliant
1603 1572 1612 1595 ε
1633 1572 1689 1605 per
1705 1564 1791 1597 hune
1806 1572 1902 1605 porro
1923 1565 2043 1597 moveri
2057 1565 2270 1598 circumactae
2287 1565 2321 1597 in

1271 1631 1399 1666 gyrum,
1409 1624 1562 1664 tanquam
1573 1622 1696 1661 stellas.
1710 1624 1840 1664 terram,
1848 1625 1881 1656 et
1898 1623 2065 1666 ἀντίχθονα
2078 1637 2087 1657 2
2099 1633 2199 1666 quare
2210 1624 2260 1657 vel
2276 1623 2324 1656 sic

1272 1680 1525 1723 intelligendum,
1541 1680 1592 1714 vel
1608 1680 1773 1722 aliquanto
1789 1681 1993 1715 verisimilius
2004 1707 2014 1723 ,
2029 1682 2191 1716 medietati
2209 1682 2323 1715 mundi

1272 1739 1493 1774 adhoerentem
1512 1740 1679 1782 quiescere
1695 1742 1814 1773 terram
1827 1765 1837 1782 ,
1853 1745 2084 1786 proptereaque
2098 1743 2161 1776 eta
2175 1741 2322 1781 Platone,

1273 1800 1306 1832 et
1332 1808 1351 1832 a
1377 1798 1490 1832 multis
1525 1799 1617 1839 aliis,
1647 1800 1781 1832 Vestam
1820 1799 2053 1842 cognominari.
2113 1801 2260 1842 Denique
2291 1800 2324 1833 in

1273 1860 1412 1895 Phoedro
1427 1861 1513 1894 idem
1525 1861 1572 1894 ait
1588 1870 1598 1894 z
1614 1873 1631 1891 σι
1646 1863 1755 1896 Manet
1769 1861 1856 1896 enim
1868 1862 1967 1895 Vesta
1981 1861 2014 1895 in
2028 1861 2141 1911 div-ino
2158 1861 2324 1896 domicilio

1273 1921 1353 1954 8018.
1371 1933 1389 1950 ι

1314 1980 1444 2013 cxxii.
1467 1979 1657 2014 custodem
1688 1989 1778 2022 vero,
1806 1983 1843 2015 et
1863 1980 2022 2024 opificem
2052 1980 2122 2015 diei
2149 1984 2185 2016 et
2214 1984 2323 2015 noctis

1275 2039 1443 2081 propterea
1462 2038 1540 2073 dicit
1559 2048 1629 2073 esse
1639 2063 1650 2081 ,
1666 2039 1743 2081 quia
1759 2048 1815 2082 per
1828 2039 1962 2073 eandem
1973 2064 1982 2080 ,
1999 2039 2031 2072 id
2045 2042 2095 2074 est
2110 2043 2228 2077 terram
2238 2065 2247 2081 ,
2269 2050 2324 2074 ve·

1275 2098 1346 2130 ctus
1355 2097 1408 2130 Sol
1424 2098 1530 2139 partes
1539 2097 1611 2140 eius
1625 2097 1787 2139 subjectas
1803 2098 1934 2131 sibimet
1948 2097 2114 2132 illustrans
2132 2099 2218 2133 diem
2235 2100 2324 2133 tacit.

1275 2157 1357 2189 Cum
1376 2165 1452 2189 vero
1476 2156 1629 2197 objecerit
1652 2165 1687 2190 se
1705 2166 1745 2190 ex
1766 2156 1873 2199 aliqua
1902 2159 1992 2199 parte
2015 2158 2102 2193 Solis
2127 2158 2325 2192 anfractibus

1275 2216 1359 2248 terra
1377 2214 1459 2257 ipsa,
1478 2214 1692 2248 obumbratur
1720 2228 1728 2249 ε
1760 2216 1867 2257 itaque
1886 2225 1923 2249 ex
1953 2216 2079 2249 umbris
2094 2226 2206 2250 crassa
2225 2217 2327 2251 noctis

1275 2273 1378 2315 caligo
1395 2273 1550 2307 succedit.
1594 2275 1698 2307 Simul
1722 2274 1799 2316 quia
1814 2274 1988 2308 immobilis
2007 2279 2091 2309 terra
2116 2278 2165 2309 eat
2179 2301 2189 2318 ,
2204 2276 2325 2318 signiti-

1275 2333 1386 2366 oanter
1400 2340 1472 2366 eam
1486 2332 1665 2366 custodem
1683 2335 1794 2366 noctis
1813 2335 1847 2366 ee
1861 2332 1932 2366 diei
1949 2333 2201 2374 cognominavit.
2216 2336 2327 2376 Neque

1276 2390 1362 2424 mim
1382 2393 1535 2432 pereunte
1553 2390 1605 2424 die
1620 2400 1684 2423 nox
1706 2391 1863 2432 nascitur,
1883 2390 1933 2425 vel
1947 2392 2052 2425 noctis
2067 2391 2242 2426 amissione
2257 2393 2328 2426 dies

1278 2450 1395 2491 oritur,
1417 2450 1472 2483 aed
1491 2454 1626 2493 utraque
1643 2451 1731 2483 saiva
1745 2452 1893 2484 suceedit
1915 2452 2028 2485 altera.
2073 2450 2155 2491 Quia
2173 2460 2250 2485 vero
2266 2451 2328 2485 boo

1278 2508 1314 2542 iit
1328 2518 1386 2551 per
1398 2518 1469 2542 eam
1481 2533 1491 2550 ,
1521 2509 1677 2543 indefesse
1703 2510 1771 2551 ipsa
1787 2511 1940 2543 manente
1953 2519 2081 2552 semper
2098 2509 2130 2543 in
2149 2519 2208 2543 aua
2228 2510 2326 2552 Ἀόος
2376 2544 2383 2552 ,

1278 2566 1452 2610 spectatrix
1469 2569 1531 2608 est,
1545 2566 1674 2608 opinor,
1693 2575 1820 2607 eorum,
1838 2576 1911 2610 qum
1924 2567 2013 2601 reiut
2027 2568 2102 2601 ante
2115 2569 2326 2610 conspectum

1277 2634 1372 2659 suum
1397 2628 1563 2667 geruntur,
1592 2628 1771 2667 meritoque
1786 2627 1905 2659 custos.
1961 2626 2225 2668 antiquissimam
2252 2633 2327 2659 vero

1277 2682 1412 2716 deorum
1425 2683 1487 2716 dici
1504 2683 1644 2726 opinor,
1660 2684 1710 2717 vei
1725 2685 1803 2727 qula
1821 2684 1911 2718 locus
1934 2685 1982 2717 est
2005 2684 2192 2718 animalium
2212 2693 2327 2726 capas,

1280 2742 1367 2784 regio
1380 2751 1494 2784 porro,
1510 2746 1543 2775 et
1555 2741 1663 2784 locus,
1688 2743 1912 2785 praecogitetur
1929 2742 1970 2776 iia
1981 2767 1991 2784 ,
2005 2751 2081 2786 qum
2097 2743 2129 2776 in
2145 2744 2218 2777 ioco
2239 2746 2327 2784 sunt,

1280 2809 1408 2835 neccsse
1427 2803 1495 2842 est,
1511 2799 1560 2834 vel
1582 2801 1658 2843 qula
1678 2801 1790 2844 puncti
1812 2802 1970 2836 rationem
1991 2802 2127 2836 obtinet.
2145 2803 2215 2835 lioc
2233 2812 2328 2844 porro

1278 2859 1442 2902 antiquius
1458 2869 1529 2894 esse
1545 2860 1634 2894 omni
1658 2860 1877 2903 magnitudine
1889 2885 1899 2902 ,
1915 2863 2013 2903 atque
2030 2861 2182 2895 omnibus
2198 2862 2327 2903 quanti·

1280 2918 1411 2959 tatibus,
1429 2918 1719 2963 naturaiinquadam
1736 2919 1853 2954 meniis
1868 2919 2079 2962 conceptione
2097 2920 2326 2962 proenoscitur,

1282 2977 1369 3012 velut
1388 2979 1434 3011 ait
1451 2977 1625 3021 Hesiodus,

1353 3100 1454 3132 Prima
1467 3099 1533 3131 lucc
1549 3102 1596 3132 est
1609 3101 1722 3139 eaiigo,
1742 3100 1856 3133 debinc
1873 3103 1942 3141 post
1956 3102 2037 3133 terra
2049 3104 2151 3133 ereata
2165 3104 2211 3132 ost

1354 3153 1532 3193 Spirat-inm
1551 3155 1637 3185 sedes
1652 3155 1830 3186 tirmissima
1843 3156 1965 3193 pectore
1979 3157 2078 3186 vasto.

1282 3274 1358 3308 Post
1376 3274 1476 3308 cluana
1491 3275 1591 3315 enim.
1611 3284 1708 3318 quam
1721 3277 1825 3309 Groeci
1842 3277 1919 3317 ὕλην
1930 3301 1939 3316 ,
1954 3285 2012 3309 nos
2029 3276 2143 3308 aiii-am
2166 3283 2327 3314 vocamus,

1282 3334 1466 3370 nasutum
1485 3338 1604 3370 terram
1627 3336 1721 3371 docet
1750 3337 1783 3370 in
1809 3337 1979 3370 medietate
1999 3335 2153 3369 mundani
2175 3336 2328 3376 ambitus,

1283 3394 1320 3428 ut
1341 3393 1569 3431 fundamenta.
1586 3395 1682 3430 lixam
1708 3397 1742 3429 et
1766 3396 1977 3429 immobilem.
2024 3394 2122 3428 Nobis
2141 3396 2250 3427 autem
2270 3402 2328 3427 na·

1282 3453 1354 3486 tera
1377 3453 1536 3487 tributum
1556 3456 1619 3496 eat,
1632 3453 1663 3487 id
1678 3454 1763 3496 quod
1781 3456 1856 3495 stat,
1876 3453 1914 3487 lis
1930 3462 2005 3495 qum
2024 3455 2207 3492 moventur,
2222 3453 2330 3486 mente

2187 3509 2222 3540 ts
