2606 3828
302 274 378 308 414

303 372 413 407 μνειν,
436 354 525 406 μήτε
547 356 614 392 τῶν
634 351 801 391 ἐπιόντων
831 346 1054 401 προκάμνειν·
1080 344 1244 395 εὐθυμίας
1272 342 1339 396 γὰρ

302 417 428 466 δεῖγμα
448 414 486 452 τὸ
502 416 651 460 τοιοῦτο,
666 411 726 451 καὶ
745 409 829 447 ἵλεω
847 407 999 448 διανοίας
1018 403 1202 448 ἀπόδειξις.
1219 404 1340 455 Προσ-

304 474 423 512 έταττε
451 472 487 512 δὲ
513 472 566 525 ἐφ’
581 471 695 524 ἡμέρᾳ
719 469 782 515 τὴν
802 465 945 518 γνώμην
966 464 1075 516 ἔχειν,
1094 461 1154 501 καὶ
1176 455 1221 500 αῧ
1236 461 1342 501 πάλιν

303 537 365 581 τῆς
397 532 531 585 ἡμέρας
561 531 615 571 ἐπ’
638 529 758 580 ἐκείνῳ
785 528 836 579 τῷ
865 523 984 577 μέρει,
1002 522 1079 562 καθ’
1101 521 1120 561 ὃ
1145 522 1290 566 ἕκαστος
1320 520 1342 568 ἢ

303 591 450 644 πράττει
484 607 517 630 τι
545 589 567 636 ἢ
599 590 716 627 ἐννοεῖ.
744 584 859 625 Μόνον
891 584 958 635 γὰρ
987 581 1138 636 ἔφασκεν
1174 580 1343 634 ἡμέτερον

306 644 394 688 εἶναι
421 649 459 688 τὸ
485 647 613 700 παρόν,
630 646 718 697 μήτε
737 643 772 682 δὲ
793 642 832 681 τὸ
852 641 1003 696 φθάσαν,
1025 639 1115 690 μήτε
1133 640 1172 679 τὸ
1190 641 1344 694 προσδο-

304 709 471 759 κώμενον·
489 708 529 746 τὸ
550 705 610 758 μὲν
631 704 698 758 γὰρ
714 702 955 750 ἀπολωλέναι,
972 700 1012 739 τὸ
1031 698 1067 739 δὲ
1084 699 1212 747 ἄδηλον
1234 693 1343 751 εἶναι,

306 768 401 818 εἴπερ
421 766 532 805 ἔσται.

359 827 544 878 (AElianus
573 836 656 861 var.
689 823 779 860 hist.
814 821 884 859 lib.
919 819 1006 858 XIV
1041 832 1126 871 cap.
1162 834 1198 867 7.
1228 818 1347 857 Posui

307 887 440 939 φθάσαν
460 898 546 922 cum
570 883 716 930 Corae3
735 882 847 932 vulg.¹
862 879 1020 934 φθάνον.)

359 957 407 983 67.
440 942 663 995 Ἀρίστιππος
702 943 720 979 ὃ
762 939 947 993 φιλόσοφος
978 937 1188 991 χρισάμενος
1222 937 1346 990 μύρῳ,

305 1003 431 1047 κακοὺς
465 1003 581 1045 κακῶς
595 999 845 1051 ῑῃᾶπολωλέναι
892 1001 1022 1052 χρῆναι
1065 996 1143 1042 τοὺς
1177 996 1350 1041 κιναίδους

306 1062 454 1116 ἔφασκεν
474 1063 533 1099 τοῦ
557 1059 666 1112 μύρου
687 1057 750 1106 τὴν
770 1057 941 1111 ὠφέλειαν
964 1058 1012 1101 εἷς
1030 1055 1203 1109 λοιδορίαν
1224 1055 1346 1094 διαδε-

306 1121 491 1169 ὃληκότας.

359 1179 551 1231 (Clemens
567 1176 857 1215 Alexandrinus
871 1177 1072 1225 Paedagog.
1085 1174 1156 1213 lib.
1170 1173 1208 1211 11
1221 1188 1259 1226 p.
1278 1188 1351 1224 179

305 1238 365 1276 ed.
383 1228 492 1289 sylb.
510 1237 579 1288 qui
595 1237 677 1274 haec
691 1235 969 1288 explicationis
986 1247 1102 1272 causa
1120 1234 1322 1285 praemittit
1341 1248 1350 1271 ε

307 1295 465 1350 διαφέρει
486 1295 522 1334 δὲ
543 1295 630 1339 ὅλως
659 1294 698 1334 τὸ
720 1296 946 1347 μυραλοιφεῖν
974 1296 1035 1333 τοῦ
1056 1292 1156 1345 μύρῳ
1175 1291 1354 1345 χρίεσθαι·

306 1356 346 1395 τὸ
362 1355 429 1408 ’μὲν
445 1354 513 1407 γὰρ
530 1354 780 1407 θηλυδριῶδες,
799 1353 837 1392 τὸ
856 1352 892 1391 δὲ
910 1353 1071 1406 χρίεσθαι
1093 1356 1143 1407 τῷ
1170 1353 1270 1406 μύρῳ
1288 1353 1354 1390 λυ·-

306 1419 433 1454 σιτελεῖ
464 1414 535 1453 ἔσθ’
557 1413 626 1453 ὅτε.
656 1414 848 1451 Similiter
871 1413 1066 1463 Diogenes
1096 1412 1273 1450 Laertius
1311 1412 1353 1449 in

307 1474 500 1525 Aristippi
514 1474 594 1512 vita
612 1474 684 1512 lib.
698 1471 752 1524 ΙΙ,
773 1474 821 1520 76
844 1486 853 1510 ε
873 1471 958 1525 πρὸς
972 1472 1170 1525 Χαρώνδαν
1188 1470 1330 1510 εἰπόντα
1344 1498 1354 1518 ,

311 1533 374 1577 Τίς
399 1537 418 1572 ὃ
445 1531 747 1585 μεμοριασμένος;
774 1530 890 1583 Ἐγώ,
924 1530 1044 1581 φησίν,
1067 1533 1084 1568 ὁ
1113 1529 1355 1579 κακοδαίμων,

308 1595 424 1644 κάμοῦ
455 1590 813 1642 κακοδαιμονέστερος
839 1592 858 1628 ὁ
889 1592 1037 1642 Περσῶν
1068 1589 1238 1642 βασιλεύς.
1262 1589 1356 1628 Ἀλλ’

312 1652 375 1702 ὅρα
411 1649 483 1700 μή,
513 1651 559 1693 ὡς
590 1648 688 1688 οὐδὲν
718 1651 787 1686 τῶν
816 1649 931 1687 ἄλλων
954 1647 1053 1701 ζῴων
1078 1647 1177 1701 παρὰ
1198 1651 1300 1685 τοῦτο
1325 1647 1358 1686 τὶ

315 1710 545 1755 ἐλαττοῦται,
576 1706 683 1750 οὕτως
715 1706 786 1744 οὐδ’
807 1706 848 1744 ἂν
870 1706 1064 1757 ἅνθρωπος.
1097 1708 1227 1748 Κακῶς
1258 1705 1360 1744 κακοὶ

314 1768 344 1805 δ’
368 1766 555 1805 ἀπόλοιντο
575 1768 606 1804 οἱ
628 1765 795 1813 κίναιδοι,
816 1764 938 1809 οἵτινες
958 1764 1064 1803 καλὸν
1085 1766 1169 1815 ἡμῖν
1202 1763 1359 1814 ἄλειμμα

311 1824 574 1864 διαὸάλλουσιν.
598 1824 743 1862 Seneca
761 1823 809 1861 de
824 1823 957 1862 Benef.
978 1822 1049 1862 lib.
1072 1822 1145 1860 Vll
1166 1835 1253 1874 cap.
1278 1823 1326 1859 25
1349 1836 1357 1860 t

316 1884 542 1935 Aristippus
557 1883 769 1933 aliquando
786 1882 998 1920 delectatus
1012 1890 1227 1931 unguento,
1244 1880 1357 1928 Male,

315 1943 466 1994 inquit,
496 1942 580 1980 istis
607 1941 840 1979 effeminatis
872 1942 1049 1988 eveniat,
1074 1941 1139 1990 qui
1171 1953 1250 1977 rem
1283 1949 1358 1978 tam

315 2002 455 2040 bellam
478 1999 797 2051 infamaverunt.)

368 2058 592 2112 Ἀρίστιππος
612 2057 827 2098 Ἀντισθένει.

976 255 1393 297 CYRENAICORUM
1421 245 1759 295 FRAGMENTA.

1455 358 1505 385 aa.
1537 345 1888 396 Κακοδαιμονοῦμεν,
1907 335 1937 382 ὦ
1956 342 2188 392 Ἀντίσθενες,
2210 345 2249 383 οὗ
2282 342 2444 398 μετρίως.

1402 405 1486 449 Πῶς
1518 403 1586 457 γὰρ
1617 405 1655 443 οὗ
1691 401 1866 454 μέλλομεν
1903 403 2189 455 κακοδαιμονεῖν,
2223 402 2316 448 ὄντες
2347 402 2447 456 παρὰ

1402 463 1560 517 τυράννῳ
1573 493 1584 512 ,
1607 463 1667 503 καὶ
1686 461 1860 515 ὁσημέραι
1881 461 2053 506 ἐσθίοντες
2077 462 2138 502 καὶ
2155 461 2311 507 πίνοντες
2337 463 2450 502 πολυ·

1403 522 1507 561 τελέα
1539 521 1600 562 καὶ
1621 521 1843 575 ἅλειφόμενοί
1862 536 1931 560 τινι
1949 523 2020 560 τῶν
2042 520 2292 560 εὗωδεστάτων
2311 520 2447 575 μύρων,

1406 581 1464 620 καὶ
1487 582 1649 635 σύροντες
1670 583 1818 629 ἐσθῆτας
1837 578 2004 632 μαλακὰς
2023 581 2063 620 ἐκ
2081 579 2278 632 Τάραντος.
2302 580 2376 620 Καὶ
2395 580 2453 620 αὖ·

1406 639 1474 684 δείς
1510 656 1554 692 με
1589 639 1810 693 ἐξαιρήσεται
1841 642 1904 686 τῆς
1933 638 2114 678 Διονυσίου
2139 637 2455 691 ὠμότητος,8στις

1407 698 1452 750 μέ
1469 714 1522 738 τοι
1539 697 1585 744 ὥς
1601 715 1679 738 τινα
1694 698 1871 752 ἐνεχύριον
1892 699 1955 738 οὔκ
1976 700 2118 751 ἀγνῶτα
2130 727 2142 749 ,
2158 697 2250 737 ἀλλὰ
2265 696 2326 737 καὶ
2340 697 2454 750 λόγων

1407 757 1623 809 ἐπιμελητὰν
1649 760 1720 797 τῶν
1751 759 1991 811 Σωκρατικῶν
2009 757 2178 810 κατέχει,
2201 755 2319 810 ὥσπερ
2351 755 2453 811 ιφην,

1409 816 1546 862 σιτίζων
1563 816 1624 856 καὶ
1645 816 1808 870 ἀλείφων,
1822 817 1884 857 καὶ
1904 816 2094 872 ἀμφιεννὺς
2110 819 2268 856 τοιαῦτα.
2286 815 2360 857 Καὶ
2376 814 2457 855 οὔτε

1410 876 1509 916 δίκαν
1537 876 1699 929 φοὸεῖται
1731 878 1800 914 τῶν
1833 879 1933 924 θεῶν,
1962 876 2033 916 οὔτ’
2065 875 2247 929 ἄνθρωπον
2284 875 2458 927 αἰδεῖται,

1409 936 1504 979 ὅστις
1523 951 1567 986 με
1586 939 1735 974 τοιαῦτα
1755 933 1961 975 διατίθεται.
1983 936 2060 975 Νῦν
2083 935 2114 973 δ’
2134 928 2179 974 aii
2200 934 2261 974 καὶ
2283 928 2324 974 τὸ
2349 933 2457 974 κακὸν

1411 997 1458 1039 εἷς
1490 993 1530 1032 τὸ
1558 994 1748 1046 δεινότερον
1776 993 1933 1047 οἴχεται,
1954 993 2040 1033 ὅπου
2070 993 2266 1050 δεδώρηται
2294 998 2461 1046 γυναῖκας

1411 1053 1601 1096 Σικελικὰς
1622 1053 1833 1096 ἀναλέκτους
1861 1053 1901 1091 τὸ
1930 1052 2061 1098 κάλλος
2076 1083 2086 1104 ,
2103 1052 2165 1092 καὶ
2186 1052 2335 1107 ἀργύρια
2356 1053 2462 1105 πάμ-

1411 1115 1541 1153 πολλα.
1565 1112 1639 1152 Καὶ
1665 1112 1752 1152 πότε
1782 1111 1957 1152 παύσεται
1989 1113 2171 1165 ἄνθρωπος
2199 1107 2298 1157 οἶτος
2317 1116 2462 1152 τοιαῦτα

1413 1173 1555 1224 ποιέων,
1579 1173 1642 1211 οὐκ
1673 1165 1763 1213 οἶδα.
1795 1166 1846 1211 Εὖ
1880 1165 1939 1210 οῦν
1972 1177 2083 1216 ποιεῖς
2115 1170 2309 1224 ἀχθόμενος
2334 1170 2394 1211 ἐπὶ
2417 1176 2464 1224 τᾷ

1417 1230 1671 1285 κακοδαιμονίᾳ
1699 1233 1769 1270 τῶν
1792 1231 1920 1270 ἄλλων·
1942 1225 2042 1282 κάγὼ
2062 1230 2099 1269 δὲ
2119 1230 2177 1270 ἐπὶ
2203 1235 2249 1284 τᾷ
2270 1235 2317 1284 σᾷ
2348 1229 2465 1268 εὔδαι-

1416 1291 1520 1345 μονία
1553 1290 1703 1342 ἅδομαι,
1733 1289 1790 1328 ἵνα
1818 1306 1873 1330 σοι
1904 1290 1949 1328 τὰ
1977 1289 2067 1329 αὐτὰ
2088 1289 2176 1336 δόξω
2195 1291 2308 1329 ποιεῖν
2337 1303 2375 1328 τε
2402 1284 2465 1327 καὶ

1417 1349 1592 1388 ἀποτίνειν
1625 1349 1688 1394 τὰς
1716 1348 1880 1402 χάριτας.
1912 1346 2097 1402 Ἔρῤωσο.
2127 1350 2210 1388 Τῶν
2240 1364 2280 1388 τε
2307 1347 2466 1401 ἰσχάδων

1417 1409 1605 1449 ἀποτίθεσο
1636 1403 1684 1447 ὧν
1721 1408 1812 1460 ἔχεις
1843 1409 1890 1452 εἷς
1914 1406 1953 1446 τὸ
1981 1413 2112 1461 χεῖμα,
2131 1406 2194 1446 καὶ
2219 1409 2291 1447 τῶν
2311 1405 2467 1460 ἀλφίτων

1417 1469 1499 1522 ἔχου
1530 1471 1600 1507 τῶν
1641 1469 1843 1520 Κρητικῶν·
1865 1470 1977 1506 ταῦτα
2009 1466 2078 1519 γὰρ
2113 1465 2225 1506 δοκέει
2245 1465 2380 1518 ἀμείνω
2405 1466 2468 1503 τοῦ

1417 1529 1602 1583 χράματος
1626 1520 1736 1566 εἶναι·
1758 1527 1818 1565 καὶ
1842 1526 1913 1566 ἀπὸ
1934 1533 1997 1571 τᾶς
2015 1525 2280 1580 Ἐννεακρούνω
2306 1523 2412 1563 λούου
2430 1537 2468 1562 τε

1418 1589 1479 1629 καὶ
1499 1594 1579 1626 πῖνε
1610 1587 1670 1626 καὶ
1692 1586 1750 1625 τὸν
1773 1586 1877 1626 αὐτὸν
1907 1585 2082 1639 τρίὸωνα,
2101 1584 2222 1639 θέρους
2249 1599 2289 1623 τε
2308 1583 2369 1623 καὶ
2391 1597 2470 1636 χει-

1421 1650 1532 1699 μῶνος
1566 1648 1626 1700 ἔχε
1659 1645 1863 1700 ῥυπόωντα,
1885 1647 1931 1690 ὡς
1961 1645 2088 1700 πρέπει
2118 1647 2168 1698 τῷ
2201 1642 2371 1697 ἐλευθέρῳ
2408 1641 2470 1682 καὶ

1421 1710 1523 1752 ζῶντι
1543 1708 1577 1745 ἐν
1599 1705 1758 1753 Ἀθήναις
1783 1706 2066 1757 δαμοκρατικῶς.
2090 1702 2188 1755 Ἐγὼ
2220 1702 2284 1753 μὲν
2317 1702 2403 1757 γάρ,
2433 1701 2469 1748 ἐξ

1421 1761 1460 1805 οἷ
1482 1767 1530 1810 εἷς
1550 1764 1830 1816 τυραννουμένην
1847 1759 1932 1812 ἧκον
1948 1764 2050 1803 πόλιν
2068 1779 2106 1801 τε
2131 1762 2192 1801 καὶ
2212 1767 2333 1810 νᾶσον,
2352 1761 2468 1814 ᾔδειν,

1421 1824 1474 1863 ὅτι
1495 1823 1794 1874 κακοδαιμονήσω
1823 1826 1937 1861 ταῦτα
1957 1821 2123 1875 πάσχων,
2145 1820 2306 1874 καθάπερ
2338 1819 2381 1860 σύ
2411 1834 2472 1872 μοι

1423 1883 1577 1936 γράφεις.
1591 1885 1665 1923 Νῦν
1676 1882 1711 1920 δὲ
1727 1880 1902 1926 ἐλεοῦντές
1921 1897 1964 1932 με
1974 1881 2226 1934 περιὸλέποντι
2239 1877 2473 1932 Συρακούσιοι

1424 1941 1485 1980 καὶ
1501 1941 1780 1994 Ἀκραγαντίνων
1801 1942 1832 1979 οἱ
1853 1941 2121 1991 ἐπιδημοῦντες,
2145 1939 2205 1977 καὶ
2224 1937 2391 1980 Γελώων.
2411 1937 2473 1977 καὶ

1424 2002 1456 2040 οἱ
1491 2000 1592 2053 ἄλλοι
1613 2002 1844 2040 Σικελιῶται.
1869 2002 1945 2043 Τᾶς
1968 1998 2005 2038 δὲ
2034 1997 2161 2050 μανίας
2191 1991 2234 2042 εἷς
2262 1997 2398 2048 ἐμάνην
2426 1999 2474 2042 εἷς

1425 2064 1538 2098 ταῦτα
1561 2059 1671 2099 ἐλθὼν
1693 2059 1854 2103 ἀὸούλως
1872 2057 1917 2097 τὰ
1934 2058 2165 2110 ἀτοπήματα,
2183 2058 2372 2109 ἐπαρῶμαι
2385 2055 2475 2110 ἄρδιν

1423 2211 1548 2244 naverit
1570 2209 1721 2243 mulieres
1737 2209 1977 2252 pulchritudine
1993 2209 2132 2250 insignes
2148 2210 2180 2241 et
2197 2207 2351 2249 grandem
2375 2216 2474 2249 pecu-

314 2213 443 2246 solliciti
468 2213 577 2245 essent
592 2221 601 2244 2
616 2211 648 2244 id
670 2211 755 2244 enim
783 2209 967 2243 securitatis
984 2218 1053 2242 esse
1073 2209 1304 2242 documentum
1330 2210 1365 2241 et

316 2272 427 2304 hilaris
444 2271 542 2303 animi
559 2271 735 2312 specimen.
754 2269 894 2302 Jubebat
911 2272 1019 2301 autem
1045 2268 1076 2300 in
1100 2267 1184 2300 diem
1206 2268 1364 2300 duntaxat

316 2331 460 2363 viventes
474 2329 620 2362 meditari
642 2329 684 2361 de
699 2329 796 2361 rebus
810 2328 877 2359 suis
890 2336 1064 2367 rursusque
1078 2336 1149 2359 eam
1163 2327 1225 2358 diei
1243 2328 1364 2368 partem

318 2391 472 2430 spectare,
483 2397 545 2428 qua
558 2387 693 2428 quisque
707 2387 783 2428 quid
800 2387 906 2426 ageret
918 2388 972 2417 aut
985 2386 1146 2426 cogitaret.
1160 2386 1268 2417 Solum
1280 2385 1365 2417 enim

321 2447 407 2489 quod
428 2455 572 2488 praesens
597 2446 678 2478 soret
706 2447 853 2478 nostrum
874 2453 944 2477 esse
963 2444 1087 2485 ajebat,
1105 2445 1139 2476 at
1158 2453 1265 2485 neque
1280 2452 1361 2484 prae-

320 2507 450 2538 teritum
468 2529 476 2544 ‚
496 2514 554 2537 nec
577 2508 738 2545 speratum
767 2504 968 2545 quidquam;
998 2504 1115 2544 quippe
1137 2503 1271 2535 alterum
1299 2503 1365 2543 ,iam

318 2565 453 2604 abiisse,
470 2565 608 2596 alterum
626 2567 749 2596 essetne
762 2565 953 2595 eventurum
966 2586 976 2604 ‚
995 2563 1229 2604 incompertum
1242 2562 1365 2595 haberi.

362 2627 412 2656 67.
438 2623 618 2663 Aristippus
631 2623 839 2663 philosophus
853 2631 954 2663 quum
967 2623 1132 2663 unguento
1143 2624 1259 2654 unctus
1269 2623 1366 2661 esset,

322 2683 450 2713 (licebat
466 2681 566 2713 malos
586 2681 669 2713 male
687 2683 786 2721 perire
800 2683 949 2722 oportere
962 2681 1103 2714 cinaedos
1114 2706 1124 2721 ,
1140 2682 1194 2723 qui
1212 2681 1367 2722 unguenti

322 2740 494 2772 utilitatem
513 2740 757 2773 infamaverunt.

642 2828 821 2869 Aristippus
841 2829 1031 2861 Antistheni.

365 2917 417 2946 68.
441 2914 510 2945 Non
543 2921 654 2954 parum
687 2914 901 2946 infortunatus
929 2924 1020 2954 sum,
1050 2915 1270 2948 Antisthenes.
1298 2917 1364 2953 Qui

325 2972 412 3005 enim
438 2981 502 3004 non
527 2972 607 3012 sim,
627 2981 729 3012 quum
759 2973 791 3004 in
820 2973 893 3004 aula
917 2974 1043 3013 tyranni
1074 2983 1194 3014 verser,
1223 2975 1366 3016 quotidie

326 3040 403 3064 vero
422 3031 552 3071 opipare
574 3031 607 3062 et
628 3030 719 3062 edam
732 3054 742 3069 ‚
760 3032 791 3063 et
809 3031 933 3072 bibam,
951 3041 1046 3073 porro
1064 3034 1231 3072 unguentis
1251 3034 1367 3066 odora·

323 3089 455 3124 tissimis
468 3089 585 3121 niteam
597 3089 770 3129 deminum,
783 3089 919 3130 denique
933 3091 1118 3122 Tarentinas
1131 3094 1234 3124 vestes
1247 3102 1368 3134 easque

326 3150 438 3189 longas
470 3147 646 3188 mollesque
676 3148 813 3179 traham.
838 3150 949 3189 Neque
978 3152 1026 3181 est
1057 3151 1195 3189 protecto
1227 3150 1281 3192 qui
1318 3161 1369 3184 me

327 3207 471 3248 Dionysii
487 3206 675 3239 erudelitate
692 3206 828 3239 liberare
846 3207 933 3248 velit,
949 3207 1003 3247 qui
1021 3217 1072 3239 me
1088 3217 1152 3240 non
1173 3210 1295 3251 rudem,
1314 3212 1368 3244 sed

327 3266 497 3298 Socraticae
510 3265 675 3306 sapientiae
688 3265 864 3298 antistitem
883 3265 1022 3306 pignoris
1037 3267 1106 3298 loco
1123 3267 1253 3309 detinet,
1267 3270 1367 3310 cibos,

330 3326 365 3357 ut
382 3324 466 3364 dixi,
488 3325 664 3364 unguenta,
693 3326 798 3356 vestes
825 3334 954 3365 quoque
989 3325 1173 3364 hujusmodi
1213 3327 1369 3360 submini—

328 3383 445 3414 strans.
467 3382 551 3419 Quin
570 3382 664 3413 etiam
687 3391 790 3423 neque
806 3382 948 3415 divinam
969 3384 1082 3414 metuit
1100 3393 1249 3426 poeunm,
1266 3395 1370 3426 neque

331 3439 476 3471 homines
488 3443 629 3479 veretur,
642 3441 696 3480 qui
712 3441 755 3472 ita
771 3450 899 3473 mecum
914 3442 988 3482 agit.
1000 3444 1120 3473 Verum
1136 3451 1220 3473 nunc
1236 3451 1369 3483 magnus

1425 2271 1524 2303 niam.
1569 2272 1681 2311 Neque
1695 2269 1780 2310 scio,
1794 2271 1923 2310 quando
1940 2268 2038 2300 homo
2055 2267 2110 2302 hic
2123 2266 2198 2300 talia
2210 2266 2355 2308 patrandi
2380 2266 2477 2300 tinem

1427 2330 1576 2361 tacturus
1596 2329 1648 2362 sit.
1666 2330 1750 2361 Bene
1769 2328 1866 2369 igitur
1880 2327 1975 2367 sacis,
1993 2326 2080 2368 quod
2099 2326 2237 2358 aliorum
2258 2325 2476 2358 infelicitatem

1426 2389 1562 2421 moleste
1582 2388 1645 2421 fers
1664 2397 1673 2420 :
1693 2387 1843 2429 equidem
1861 2395 1938 2419 vero
1957 2387 2015 2419 tua
2030 2386 2182 2418 felicitate
2197 2385 2300 2426 laetor,
2315 2386 2351 2418 ut
2363 2385 2476 2418 eadem

1428 2457 1501 2490 quae
1527 2450 1560 2480 tu
1581 2449 1686 2481 facere
1703 2449 1736 2480 et
1755 2447 1889 2488 gratiam
1914 2445 2035 2478 reterre
2057 2445 2181 2478 videar.
2210 2445 2300 2478 Vale.
2325 2445 2475 2486 caricas,

1426 2517 1505 2551 quas
1521 2507 1637 2547 habes,
1654 2507 1687 2539 in
1707 2506 1844 2539 hiemem
1860 2505 2035 2538 instantem
2053 2504 2158 2537 conde
2182 2505 2216 2537 et
2240 2493 2380 2545 repone,
2400 2504 2476 2545 sarie

1427 2576 1566 2608 namque
1596 2567 1756 2600 Creticam
1798 2573 1949 2606 capessez
1978 2563 2129 2597 omnibus
2157 2556 2244 2596 enim
2272 2563 2335 2596 ista
2359 2563 2477 2604 opibus

1431 2629 1583 2667 praestare
1601 2625 1751 2658 arbitror.
1773 2623 1920 2657 Praebeat
1938 2623 1996 2655 tibi
2022 2625 2236 2655 Ennecrunus
2248 2621 2316 2654 sons
2333 2621 2367 2654 et
2387 2621 2477 2654 lava-

1432 2686 1552 2717 tionem
1568 2685 1600 2716 et
1621 2686 1746 2725 potum.
1767 2683 1817 2715 stt
1842 2682 1926 2714 idem
1945 2681 2006 2714 tibi
2026 2682 2139 2713 oestate
2158 2681 2191 2713 et
2219 2679 2322 2712 hieme
2347 2679 2477 2721 pallium

1428 2743 1609 2782 sordidum,
1627 2743 1662 2774 ut
1675 2741 1766 2774 decet
1775 2740 1937 2773 hominem
1952 2739 2128 2779 ingenuum
2139 2738 2172 2770 in
2189 2737 2290 2770 libera
2302 2736 2473 2770 Athenien·

1428 2802 1512 2834 sium
1534 2801 1669 2833 civitate
1686 2799 1883 2841 populariter
1899 2798 2074 2831 viventem.
2099 2799 2165 2837 Ego
2186 2796 2290 2835 enim,
2307 2804 2348 2828 ex
2363 2804 2429 2837 quo
2445 2795 2477 2828 in

1429 2860 1544 2892 urbem
1552 2862 1586 2892 et
1599 2859 1737 2891 insulam
1744 2867 1763 2890 a
1773 2859 1908 2899 tyranno
1921 2864 2107 2898 oppressam
2115 2856 2202 2895 veni,
2210 2854 2410 2896 exploratum
2419 2854 2479 2887 ha-

1429 2919 1558 2959 bebam,
1571 2927 1621 2951 me
1629 2917 1788 2950 infelicem
1799 2916 1867 2949 rore
1873 2916 1943 2948 haec
1951 2914 2194 2956 perpetientem,
2203 2913 2478 2956 quemadmodum

1431 2979 1462 3010 et
1480 2981 1513 3009 tu
1529 2978 1607 3009 mihi
1618 2977 1745 3010 scribis.
1755 2978 1828 3009 Jam
1841 2983 1918 3007 vero
1938 2983 1990 3007 me
2009 2972 2199 3015 Syracusani
2214 2974 2311 3014 atque
2328 2981 2367 3006 ex
2384 2972 2477 3013 Agri·

1408 3078 1410 3080 Ι
1431 3038 1571 3078 gentinis
1598 3038 1629 3069 et
1654 3035 1846 3069 Gelensibus
1873 3034 2059 3076 quicunque
2081 3033 2134 3066 hic
2156 3033 2396 3074 peregrinantur
2413 3041 2477 3065 cae-

1429 3095 1554 3136 terique
1578 3094 1675 3127 Siculi
1705 3094 1893 3126 miserantes
1914 3092 2084 3133 aspiciunt.
2109 3093 2278 3124 Detestans
2298 3095 2407 3125 autem
2426 3091 2477 3124 in·

1430 3154 1553 3200 saniam
1582 3161 1710 3192 meam,
1729 3157 1860 3194 propter
1886 3159 1985 3192 quam
2011 3152 2133 3183 temere
2155 3149 2197 3182 ad
2219 3150 2316 3182 hasce
2342 3149 2478 3190 ineptias

1430 3211 1514 3251 abii,
1537 3212 1605 3252 ipse
1623 3211 1701 3243 mihi
1715 3211 1828 3242 merito
1844 3209 1931 3241 diras
1950 3209 2122 3250 imprecor,
2138 3217 2178 3240 ne
2196 3216 2338 3248 unquam
2354 3207 2477 3240 existis
2527 3241 2532 3243 .

1431 3270 1524 3301 malis
1543 3279 1723 3310 emergam;
1742 3269 1817 3310 quia
1837 3277 1939 3310 quum
1957 3269 2007 3299 tot
2029 3276 2130 3299 annos
2153 3266 2289 3299 habeam
2312 3274 2350 3298 ac
2365 3274 2478 3307 sapere

1429 3329 1552 3368 videar,
1566 3338 1670 3369 neque
1686 3329 1822 3367 esurire,
1837 3327 1969 3367 frigere,
1982 3326 2064 3358 male
2082 3325 2214 3364 audire,
2226 3333 2330 3366 neque
2343 3324 2474 3358 barbam
2507 3358 2510 3359 γ

1432 3388 1620 3428 promittere
1635 3387 1737 3419 volui.
1765 3389 1863 3419 Porro
1884 3386 2010 3418 mittam
2031 3385 2089 3417 tibi
2106 3384 2240 3425 grandes
2258 3383 2475 3426 candirlosque

1432 3446 1580 3486 lupinos,
1598 3449 1633 3477 ut
1654 3446 1707 3478 ubi
1728 3445 1985 3477 adolescentibus
2013 3444 2182 3476 Herculem
2203 3442 2404 3484 praelegeris,
2418 3444 2474 3476 ha-

332 3498 467 3529 miseriae
488 3507 568 3529 more
588 3499 736 3530 cumulus
758 3500 908 3540 accessit,
929 3509 1029 3541 quum
1062 3500 1183 3532 Siculas
1214 3501 1290 3533 mihi
1310 3503 1369 3535 do·
1394 3502 1400 3536 Ι
1431 3504 1506 3535 beas
1536 3504 1623 3544 quod
1651 3504 1837 3536 manduces.
1854 3505 1926 3535 Jam
1951 3502 2053 3543 enirn,
2074 3506 2107 3534 ul
2138 3501 2244 3542 aiunt,
2267 3510 2471 3543 nequaquam
