2638 3840
1028 254 1082 295 IN
1109 253 1346 295 TlMAEUM
1375 251 1647 296 PLATONJS.

249 349 320 382 Boe
340 350 408 388 est,
422 345 459 380 ut
485 345 572 380 idem
589 353 654 378 non
676 344 782 378 solum
798 342 883 377 idem
900 342 1080 383 esset,aed
1095 343 1193 376 etiam
1214 342 1293 375 sub-

248 406 365 440 stantia
376 429 387 447 ‚
399 404 574 439 etbaberet
588 403 707 446 aliquid
721 412 761 436 ex
778 402 966 436 diversitate
985 415 994 435 z
1010 402 1148 435 essentia
1165 411 1295 444 quoque

248 469 282 500 et
300 465 438 499 essenus
452 465 556 504 esset,
577 467 612 497 et
628 463 735 503 idem,
759 464 793 496 et
811 461 976 495 diversum
1001 474 1010 493 ι
1031 460 1198 494 diversum
1217 470 1294 502 qno·

248 532 334 568 qne,
354 524 388 557 et
405 523 570 556 diversum
595 524 701 562 esset,
717 523 750 554 et
775 520 936 562 essentia,
957 521 990 553 et
1012 519 1145 552 liaberet
1174 519 1294 561 aliquid

249 591 289 616 es
306 590 346 614 eo
362 580 450 622 quod
466 580 550 613 idem
571 583 716 612 vocatur.

290 641 411 675 XXlX.
442 639 666 681 Disceptaturn
698 640 749 671 est
774 641 883 671 tamen
910 646 930 670 a
951 637 1135 677 veteribus,
1159 646 1231 678 quoe
1257 637 1298 670 sit

248 708 322 742 qun
339 708 359 732 a
380 698 511 733 Platone
533 697 652 731 dieitur
670 696 855 737 individua,
879 705 954 739 quse
973 696 1050 731 item
1067 695 1201 729 dividua
1218 696 1295 728 sub-

249 758 391 799 stantia,
406 766 446 792 es
466 756 584 799 quibus
604 755 716 790 mundi
729 756 856 789 sensilis
876 755 1046 789 fabricator
1065 757 1151 788 Deus
1166 755 1295 787 tertium

248 816 438 851 antistantiae
460 824 583 858 genus,
599 824 738 857 quamve
758 814 801 848 ob
819 823 952 848 causam
968 814 1167 848 conflaverit.
1210 816 1295 848 Num

249 874 390 918 speeiem
407 873 614 916 intelligibilis
632 873 766 915 mundi,
789 874 829 906 ad
855 874 948 915 cujus
966 873 1211 907 similitudinem
1229 874 1294 907 t'or-

249 942 319 968 mas
333 935 442 968 mente
457 935 629 975 conceptas
643 933 685 966 ad
697 942 831 975 corpora
849 933 1078 973 transferebat,
1099 931 1296 965 individuam

249 993 465 1028 substantiam
483 992 742 1035 nuncupaverit?
767 992 938 1026 Dividuam
966 1001 1063 1033 vero,
1081 990 1196 1024 silvam
1221 999 1297 1033 qum

249 1052 338 1087 vetut
354 1051 524 1086 exordium
540 1053 574 1085 et
592 1051 664 1084 fons
680 1054 731 1084 est
746 1060 918 1094 corporum
929 1075 939 1092 ,
959 1052 1002 1084 ita
1020 1056 1056 1084 ut
1072 1051 1203 1083 tertium
1220 1049 1296 1082 illud

251 1109 389 1143 mistum
413 1109 601 1143 subsuuuae
617 1118 737 1150 genus,
755 1109 892 1142 sormam
912 1118 983 1142 esse
999 1108 1240 1148 intelligendum
1258 1108 1299 1140 sit

252 1177 318 1212 qna
334 1169 507 1203 intortum
521 1168 587 1202 sint
601 1171 668 1201 tam
695 1168 805 1201 mundi
819 1177 916 1210 quam
938 1170 1044 1200 cetera
1065 1176 1138 1208 qum
1159 1168 1299 1199 mundus

251 1228 487 1271 complectitur,
509 1230 668 1270 corpora?
686 1237 727 1260 an
754 1228 861 1269 potius
889 1227 1088 1260 individuam
1111 1226 1199 1259 t’lato
1217 1226 1295 1258 sul)-

251 1287 406 1321 stantiam
430 1289 580 1328 censeat,
600 1286 842 1331 eminentiorem
864 1286 1033 1330 animatust
1050 1293 1124 1325 quoe
1153 1283 1232 1316 nulli
1256 1284 1298 1316 sit

251 1346 464 1389 corporationi
492 1345 659 1386 obnoxia,
683 1345 839 1386 cujusque
867 1343 1051 1377 veneranda
1074 1342 1194 1385 puritas
1213 1342 1299 1375 nulia

251 1405 397 1447 corporis
408 1404 596 1446 contagione
609 1404 771 1436 violetur?
789 1403 961 1436 Dividuam
982 1411 1059 1434 vero
1072 1400 1298 1440 substantiam,

251 1464 340 1498 illam
359 1463 501 1496 animam
522 1462 626 1503 dicat,
649 1471 723 1504 qum
740 1471 804 1495 uon
830 1461 937 1494 solum
958 1461 1084 1494 cunctis
1099 1459 1295 1493 animalibus

250 1522 308 1557 sed
326 1521 424 1555 etlam
441 1522 597 1563 stirpibus
613 1523 645 1555 et
659 1520 828 1554 arboribus
848 1520 904 1552 dat
922 1519 1239 1564 {uigilem-vitalem?
1258 1519 1299 1550 tJt

250 1582 349 1616 sites
364 1580 492 1616 duabus
506 1580 678 1613 conflatum
695 1579 826 1613 tertium
842 1579 960 1612 animm
976 1586 1078 1620 genus
1090 1576 1295 1621 rationabile,

251 1639 393 1681 idcirco,
409 1648 451 1674 ne
470 1640 580 1673 omnia
593 1641 682 1673 muta
702 1641 826 1679 essent,
844 1625 877 1671 et
892 1639 1015 1671 ratione
1034 1639 1203 1677 carerent,
1225 1645 1299 1678 qum

251 1699 351 1733 vitam
374 1698 567 1733 sortirentur
586 1706 724 1740 corpora
737 1722 747 1738 ,
768 1698 918 1731 videlicet
941 1697 1094 1730 animalia
1107 1721 1116 1737 ,
1139 1695 1195 1729 sed
1213 1697 1299 1728 esset

251 1759 406 1802 preterea
437 1766 539 1800 genus
565 1757 779 1791 animantium
813 1755 997 1798 huiusmodi
1010 1779 1020 1796 ,
1046 1754 1133 1797 quod
1165 1755 1299 1788 rationis

250 1817 495 1860 disciplineque
508 1818 541 1850 et
555 1816 736 1850 intellectus
756 1824 856 1858 capax
869 1840 878 1856 ,
895 1815 997 1848 «livini
1013 1814 1120 1857 operis
1138 1813 1300 1847 admiran-

251 1874 328 1910 dam
349 1876 507 1909 rationem
533 1875 845 1918 dispositionemque
868 1873 1071 1914 intelligens,
1094 1877 1300 1905 veneraretur

253 1934 407 1969 mundani
430 1934 539 1977 operis
556 1936 737 1968 auctorem.

294 1995 396 2029 XXX.
417 1993 514 2033 Quod
533 1994 643 2036 ltaque
660 1994 681 2027 ii
700 1993 758 2037 qui
781 1993 922 2035 speciem
939 1991 1149 2034 intelligibilis
1163 1991 1276 2024 mundi
1289 2015 1298 2031 ,

251 2056 339 2099 quod
357 2064 486 2097 semper
508 2054 622 2088 eadem
648 2054 710 2096 sit,
733 2063 792 2087 nec
811 2054 1000 2087 immutetur
1025 2061 1187 2095 unquam,
1210 2054 1302 2094 puta·

253 2113 333 2148 bant
360 2122 381 2146 a
405 2113 536 2147 Platone
562 2112 764 2146 individuam
782 2112 995 2145 substantiam
1021 2111 1108 2152 dici;
1134 2110 1301 2144 dividuam

253 2181 348 2215 porro
365 2171 494 2212 silvam,
509 2172 668 2214 negabant
683 2171 803 2204 habere
826 2171 1000 2211 rationem,
1016 2179 1092 2203 cum
1117 2169 1230 2203 mundi
1247 2179 1301 2203 es·

252 2234 301 2265 set
333 2231 480 2265 instituta
511 2230 934 2272 generatio,animantique
961 2230 1054 2272 quasi
1082 2236 1159 2262 mox
1193 2228 1303 2261 tuturo

254 2290 455 2332 quaereretur
472 2292 661 2331 contpetens
685 2288 791 2321 anima
804 2313 812 2327 ,
834 2287 923 2321 illam
951 2287 1093 2320 animam
1107 2311 1116 2327 ,
1140 2295 1214 2328 qum
1235 2289 1302 2319 tam

252 2348 352 2382 mutis
370 2347 582 2388 animalibus,
600 2356 699 2390 quam
723 2346 899 2389 stirpibus,
923 2348 955 2380 et
980 2346 1174 2383 arboribus,
1201 2346 1302 2379 vitam

252 2406 363 2459 daret,
390 2415 463 2441 ease
484 2406 611 2449 uspiam
638 2406 703 2440 dici
730 2415 749 2439 a
774 2406 928 2448 Platone,
950 2405 1095 2439 nondum
1121 2405 1207 2438 natis
1234 2405 1303 2438 ani-

253 2466 412 2508 malibus,
433 2474 494 2500 nec
520 2474 596 2499 vero
621 2465 810 2505 arboribus,
833 2467 867 2499 et
900 2466 1016 2498 ceteris
1043 2464 1163 2507 quibus
1188 2464 1303 2498 datura

252 2525 338 2559 vitas
363 2524 458 2563 toret.
503 2526 741 2568 Proptereaque
762 2523 963 2558 individuam
987 2525 1116 2566 quictem
1146 2524 1299 2557 substan-

253 2584 332 2621 tiam
342 2607 354 2627 ,
372 2584 485 2618 mundi
500 2583 708 2626 intelligibilis
722 2584 861 2627 speciem
873 2608 883 2624 ,
899 2583 940 2616 ad
956 2584 1047 2624 cujus
1062 2583 1304 2617 similitudinem

254 2644 413 2679 iot-inatus
445 2643 489 2679 sit
518 2643 646 2678 sensilis
671 2644 832 2686 mundus,
868 2645 1036 2678 Platonem
1061 2645 1305 2686 cognominasse

254 2703 405 2738 dicebant
426 2716 434 2736 ι
458 2703 626 2737 dividuam
644 2712 760 2745 porro,
778 2703 908 2736 silvam.

295 2764 413 2798 xxxi.
431 2764 472 2798 At
490 2770 568 2796 vero
583 2761 627 2803 ll,
640 2763 695 2805 qui
711 2762 882 2796 individua
902 2762 1106 2803 substantia,
1125 2763 1155 2795 id
1179 2764 1227 2795 est
1247 2763 1305 2796 im-

256 2822 346 2873 muni
378 2821 421 2855 ab
454 2822 713 2864 incorporatione
740 2821 873 2863 anima,
900 2821 978 2854 item
1005 2821 1066 2854 alta
1098 2820 1304 2864 inseparabili

255 2889 426 2924 mpetum
443 2880 579 2923 comite,
597 2879 630 2915 id
645 2882 698 2915 est
715 2880 838 2928 ‘EQ
862 2880 1040 2913 conflatum
1061 2880 1164 2914 tertiae
1189 2881 1306 2914 animer·

256 2950 372 2984 genus,
389 2940 423 2975 id
444 2942 495 2975 est
514 2940 699 2975 rationabile
717 2940 924 2981 asserebant,
945 2941 992 2973 sic
1015 2940 1208 2974 assistebant
1232 2950 1305 2973 sen-

257 2999 366 3035 tenu·
385 2999 540 3044 proprie.
587 3000 696 3034 l’rlmo
713 2999 858 3034 omnium
875 3001 1109 3042 praeposterum
1123 3008 1213 3042 esse,
1229 3009 1306 3033 cum

256 3058 298 3093 de
312 3059 545 3093 constitutione
561 3058 717 3093 mundani
734 3060 881 3102 corporis
897 3059 930 3092 ln
955 3058 1174 3099 superioribus
1191 3061 1307 3093 tracta-

257 3117 327 3151 tum
347 3119 443 3159 esset,
458 3116 611 3161 linitque
626 3125 666 3151 eo
678 3120 815 3152 tractatu
832 3118 1024 3160 perventum
1041 3118 1124 3150 t'oret
1137 3117 1178 3151 sd
1190 3118 1307 3153 aalma:

260 3174 441 3217 genituram
452 3166 551 3219 ,ηοω
569 3175 746 3210 vivificaret
760 3176 909 3209 sensilem
923 3175 1079 3209 mundum
1098 3188 1107 3209 ι
1123 3184 1250 3211 rursum
1266 3178 1306 3212 ad

259 3235 397 3278 priorem
409 3237 582 3271 tractatum
597 3238 772 3271 retrorsum
785 3237 837 3277 iri,
855 3238 890 3270 ut
902 3236 942 3269 de
957 3236 1038 3270 silva
1048 3261 1058 3276 ,
1073 3238 1105 3271 et
1118 3238 1307 3280 corporibus

259 3294 390 3336 mundi,
404 3295 571 3338 formaque
587 3304 719 3337 eornm,
739 3298 899 3329 tractatus
913 3295 954 3329 de
973 3297 1097 3337 integro
1117 3297 1224 3339 tieret,
1240 3299 1272 3331 el
1288 3307 1307 3331 a

259 3352 405 3394 mltum
431 3354 549 3388 animae
575 3354 739 3388 recederet
765 3367 773 3387 ε
802 3355 918 3388 deinde
935 3355 1053 3388 trustra
1075 3354 1140 3389 dici
1163 3359 1304 3390 animam

259 3411 413 3455 stirpeam
432 3412 546 3448 mundl
563 3422 635 3447 esse
657 3422 772 3456 posse,
796 3413 941 3447 nondum
956 3423 1027 3448 esse
1043 3423 1137 3457 posse
1158 3417 1304 3459 propter·

260 3479 320 3512 ea.
343 3471 420 3515 quia
434 3481 509 3515 qna
533 3472 733 3507 vivificatore
760 3474 828 3507 erat
845 3473 1015 3515 animatia,
1030 3475 1174 3509 nonduin
1190 3477 1307 3510 essent.

2327 256 2400 290 ¹8⁴1

1356 342 1469 376 Fuisse
1501 340 1587 375 enim
1614 348 1740 382 semper
1766 340 1833 373 tam
1858 337 1995 379 animoe,
2016 345 2114 379 quam
2139 337 2282 379 corporis
2309 338 2399 379 vim;

1355 412 1413 435 nec
1430 404 1534 435 Deum
1555 411 1594 435 ex
1613 402 1683 442 liis,
1705 409 1782 443 quae
1800 409 1863 433 non
1884 401 1998 438 erant,
2014 399 2126 431 iecisse
2146 398 2304 431 mundum
2317 422 2326 437 ,
2347 398 2403 431 sed

1354 471 1391 495 ea
1412 471 1485 503 qum
1511 463 1604 495 erant
1637 461 1707 494 sine
1733 459 1847 493 ordine
1865 468 1903 493 ac
1927 458 2047 499 modo,
2070 457 2248 491 ordinasse.
2294 460 2405 499 ltaque

1356 521 1460 563 potius
1477 529 1535 559 ea,
1563 528 1637 562 quae
1665 518 1882 559 exsistebant,
1897 525 2092 557 exornasse,
2115 524 2215 558 quam
2237 524 2405 557 generasse

1355 588 1392 612 ea
1411 589 1484 621 qum
1501 588 1565 612 non
1580 579 1684 612 erant.
1728 577 1933 612 lnordinatos
1948 575 2072 618 quippe
2087 574 2190 607 animi
2207 583 2333 607 errores
2345 599 2354 615 ‚
2375 576 2407 607 et

1357 639 1562 678 agitationem
1591 637 1743 670 nttctibus
1784 636 1940 677 similem,
1970 635 2135 668 intellectu
2169 634 2330 676 assignato
2365 643 2406 666 ex

1356 697 1537 731 inordinata
1547 697 1720 737 jactatione
1733 695 1773 728 ad
1789 695 1937 729 ordinem
1953 694 2125 736 redegisse.
2140 692 2292 735 Corporis
2310 694 2406 726 etiam

1357 757 1482 789 motum
1510 755 1692 788 instabilem
1725 754 1847 788 salubri
1864 754 2096 795 moderataque
2126 752 2300 794 agitatione
2332 753 2407 785 srae-

1356 825 1470 856 nasse,
1491 818 1524 849 et
1537 816 1643 849 eidem
1667 816 1806 848 sormam
1824 817 1857 848 et
1883 814 2020 856 liguram
2038 822 2215 854 congruam
2236 814 2269 846 et
2284 822 2406 846 conre-

1355 875 1499 909 nientem
1521 876 1674 907 ornatum
1690 874 1835 915 dedisse,
1852 877 1887 906 ut
1908 874 1976 916 ipse
1996 873 2028 905 in
2051 871 2275 914 superioribus
2301 872 2406 913 dixit,

1356 934 1532 968 meliorem
1573 933 1817 967 ordinatorum
1858 932 2011 973 sormam
2051 931 2264 965 inordinatis
2305 933 2407 964 ratus.

1357 995 1465 1032 Quare
1486 1002 1561 1027 cum
1584 993 1693 1025 sensili
1713 991 1837 1024 mundo
1864 991 2060 1024 conveniens
2076 991 2182 1023 anima
2206 990 2408 1029 instituatur,

1356 1055 1463 1086 ortum
1491 1052 1561 1093 ejus
1592 1060 1633 1084 ex
1657 1051 1827 1084 individua
1850 1060 1931 1086 una.
1950 1060 2025 1092 qum
2052 1050 2410 1093 Qnsssinlellectttfflue

1357 1113 1424 1150 est,
1439 1112 1470 1144 et
1487 1110 1548 1143 alia
1567 1119 1641 1152 quse
1660 1119 1715 1152 per
1735 1111 1889 1143 universa
1905 1118 2041 1150 corpora
2059 1109 2218 1142 dividitur
2242 1110 2275 1142 et
2292 1109 2408 1141 scindi-

1360 1174 1424 1210 tur,
1451 1169 1625 1212 provenire
1652 1181 1660 1202 ε
1680 1178 1818 1211 eamque
1843 1169 1927 1202 inter
1946 1168 2147 1201 individuam
2174 1170 2207 1201 et
2223 1167 2409 1208 dividuam,

1358 1229 1497 1262 mediam
1515 1229 1658 1262 animam
1677 1229 1834 1270 locatam,
1853 1228 1973 1261 scilicet
1989 1230 2025 1260 ut
2043 1227 2200 1260 immunis
2215 1226 2347 1268 quidem
2365 1227 2408 1259 ab

1358 1289 1616 1330 incorporatione
1635 1288 1668 1321 in
1689 1288 1813 1321 mundo
1839 1290 1925 1320 esset
1950 1286 2139 1327 intelligibili
2164 1295 2305 1328 semper,
2331 1286 2410 1327 {tir-,-

1352 1357 1416 1393 Qu
1435 1348 1532 1380 mutis
1553 1349 1585 1380 et
1607 1347 1685 1380 item
1712 1347 1790 1379 nihii
1815 1346 2030 1379 sentientibus
2056 1346 2285 1387 opitularetur.
2333 1348 2410 1379 ila-c

1359 1415 1434 1438 vero
1454 1406 1571 1446 media,
1588 1407 1664 1447 quia
1690 1415 1822 1439 necesse
1842 1407 1910 1438 erat
1929 1405 1962 1437 in
1982 1404 2104 1438 mundo
2123 1405 2191 1438 t'ore
2208 1414 2310 1446 genus
2336 1405 2407 1438 ani·

1358 1465 1490 1498 matium
1509 1464 1595 1506 quod
1617 1464 1746 1507 ratique
1757 1466 1906 1496 uteretur
1923 1476 1932 1496 z
1950 1463 2028 1495 ltuic
2042 1462 2147 1495 eidem
2174 1463 2282 1503 generi
2306 1462 2406 1495 vitam

1357 1524 1390 1556 et
1402 1523 1551 1565 spiritum
1567 1523 1782 1563 ministraret,
1803 1522 1950 1563 interque
1969 1521 2052 1554 duas
2070 1521 2174 1563 posita
2187 1523 2318 1554 naturas
2333 1530 2410 1555 ean-

1357 1582 1431 1614 dem
1451 1582 1679 1623 diversamque
1707 1581 1804 1613 modo
1822 1580 1968 1621 ejusdem
1997 1581 2121 1613 naturoe
2140 1579 2412 1622 contemplaretur

1358 1640 1557 1674 divinitatem
1570 1664 1580 1682 ,
1602 1640 1752 1674 attollens
1771 1639 1872 1672 aciem
1891 1639 1932 1671 ad
1953 1638 2115 1679 subilmia,
2132 1639 2232 1672 modo
2258 1639 2299 1671 ad
2322 1640 2385 1671 ima
2398 1663 2408 1679 ,

1358 1703 1531 1745 sedemque
1554 1702 1692 1735 diversae
1711 1703 1837 1735 naturae
1853 1709 1986 1742 vergens
2004 1714 2013 1734 ε
2032 1700 2102 1733 inec
2120 1701 2217 1734 etiam
2232 1700 2326 1741 justa
2342 1700 2412 1742 opi·

1361 1763 1429 1795 ficis
1454 1763 1535 1795 scita
1553 1761 1771 1804 dispensaret,
1796 1761 1997 1803 terrenisque
2030 1760 2210 1803 impertiret
2236 1760 2410 1802 providen-

1360 1822 1449 1855 liam.

1399 1882 1533 1914 XXXII.
1569 1879 1691 1913 Deinde
1729 1878 1936 1921 progrediens
1969 1878 2052 1911 ultra
2092 1877 2182 1911 Plato
2213 1878 2413 1912 demonstrat

1362 1939 1464 1979 ipsam
1483 1938 1703 1981 partitionem.

1402 1999 1486 2032 Μίαν
1500 1998 1604 2040 ἀφεῖλε
1614 1999 1648 2030 τὸ
1661 2001 1784 2040 πρῶτον
1801 1997 1864 2030 ἀπὸ
1879 1998 1993 2034 παντὸς
2010 1999 2121 2038 μοῖραν
2134 1992 2146 2013 ·’
2159 1995 2237 2036 μετὰ
2252 1995 2284 2028 δὲ
2298 1995 2414 2034 ταύτην

1362 2058 1470 2100 &Pium
1490 2057 1658 2091 διπλασίαν
1674 2057 1803 2095 ταύτης·
1820 2057 1875 2095 τὴν
1888 2056 1915 2089 δ’
1930 2056 1970 2089 αὗ
1982 2056 2088 2098 τρίτην
2098 2079 2107 2094 ,
2126 2054 2275 2095 ἡμιολίαν
2289 2054 2344 2095 μὶν
2360 2059 2414 2094 τῆς

1360 2118 1520 2159 δευτέρας,
1542 2117 1726 2158 τριπλασίαν
1743 2116 1775 2149 δὲ
1798 2119 1853 2155 τῆς
1868 2115 1993 2156 πρώτης
2008 2138 2017 2153 ,
2040 2114 2188 2156 τετὶρτην
2206 2114 2239 2146 δὲ
2263 2117 2317 2152 τῆς
2342 2113 2414 2146 διυ-

1360 2177 1448 2218 τὲρας
1463 2177 1574 2215 διπλῆν
1586 2200 1595 2215 ,
1613 2175 1758 2216 uiis-mm
1778 2175 1811 2207 δὲ
1826 2174 1953 2215 τριπλῆν
1974 2177 2029 2211 τῆς
2051 2174 2153 2216 τρίτης
2166 2197 2175 2213 ,
2198 2173 2255 2212 τὴν
2272 2172 2299 2204 δ’
2319 2173 2415 2211 [arm

1360 2239 1415 2273 τῆς
1431 2236 1554 2277 πρώτης
1572 2235 1805 2273 ὀκταπλασίαν,
1824 2232 1958 2274 ίδόὁμην
1979 2234 2011 2266 δὲ
2031 2232 2413 2266 ἐπταιαιιιιοσαπὶασίαν

1361 2298 1415 2333 τῆς
1430 2295 1564 2337 πρώτης.

1410 2356 1519 2387 υηωη
1533 2376 1542 2394 ,
1559 2353 1676 2395 lnquit,
1689 2354 1835 2394 sumpsit
1856 2359 1901 2384 ea:
1918 2353 2080 2385 universo
2095 2352 2266 2393 primum
2277 2352 2414 2393 portlo-

1364 2421 1442 2446 nem
1470 2422 1482 2444 .-
1502 2414 1583 2455 pose
1607 2420 1714 2455 quam
1744 2411 1920 2453 duplicem
1949 2411 2026 2451 ejus
2054 2418 2162 2453 quum
2184 2411 2382 2452 sumpserat
2405 2420 2417 2444 .·

1363 2473 1506 2505 seruam
1524 2479 1601 2504 vero
1616 2470 1813 2513 sescuplam
1824 2468 1966 2512 quidem
1978 2468 2140 2502 secund-t
2149 2493 2158 2509 ,
2172 2468 2323 2511 triplum
2335 2477 2416 2503 vero

1361 2532 1526 2573 primum
1542 2532 1690 2572 sumpta:
1706 2539 1718 2563 .·
1732 2531 1772 2562 ae
1789 2537 1872 2562 vero
1887 2530 2056 2571 quartam
2069 2529 2220 2570 sumpsit
2239 2526 2417 2570 duplicem

1363 2587 1521 2622 secunda:
1544 2599 1555 2622 .-
1574 2590 1754 2631 qulntam,
1782 2587 1931 2629 triplam
1952 2587 2068 2621 ser-elce
2089 2597 2100 2620 .·
2129 2587 2232 2619 sexta
2258 2585 2332 2620 tute
2353 2594 2414 2620 us·

1363 2652 1513 2692 sumptio
1540 2648 1704 2692 partibus
1724 2650 1799 2682 octo
1819 2655 1929 2691 quam
1951 2648 2070 2690 prima
2095 2649 2303 2690 propensior
2328 2651 2341 2679 .’
2364 2654 2416 2680 se·

1361 2710 1477 2752 ptimo
1489 2709 1616 2750 septem
1631 2709 1664 2741 et
1680 2708 1805 2749 vlqinel
1825 2706 1986 2749 partibus
2006 2713 2116 2749 qnam
2130 2707 2247 2748 prima
2259 2705 2387 2747 major.

1413 2769 1447 2801 ln
1465 2768 1526 2801 bac
1543 2767 1647 2800 forma
1662 2766 1780 2799 virium
1797 2766 1916 2799 animae
1931 2767 2085 2808 tanquam
2104 2773 2123 2798 e
2138 2763 2271 2807 speculo
2287 2764 2417 2797 simula·

1365 2834 1457 2858 crum
1479 2824 1623 2858 resultat.
1669 2823 1803 2857 Partitio
1829 2823 1951 2866 quippe
1978 2821 2195 2856 consideratio
2224 2823 2274 2855 est
2300 2821 2417 2855 virium

1366 2883 1588 2927 ordinatioque
1629 2883 1725 2917 veluti
1768 2883 2013 2924 membrorum,
2045 2884 2176 2915 actuum
2194 2881 2264 2922 ejus
2292 2879 2416 2913 officio·

1366 2951 1522 2986 rumque,
1539 2945 1574 2977 et
1599 2942 1748 2976 omniurn
1776 2950 1950 2975 munerum
1981 2939 2129 2983 designat
2151 2939 2417 2982 congruentiam,

1365 3001 1469 3036 tribus
1488 3002 1550 3036 boo
1576 3001 1796 3036 asserentibus
1822 3000 1994 3044 praecipuis
2018 2998 2214 3041 disciplinis,
2234 2997 2418 3040 geometria,

1365 3060 1563 3095 arithmetica
1574 3084 1584 3102 ,
1599 3060 1787 3094 bannonica
1802 3070 1811 3094 ε
1830 3068 1868 3094 es
1885 3059 2004 3102 quibus
2019 3059 2198 3099 geometria
2216 3057 2321 3091 vicem
2334 3056 2418 3090 obti-

1366 3122 1421 3154 net
1436 3119 1732 3162 fundamentorum,
1750 3122 1864 3154 oeleroe
1887 3128 1963 3152 vero
1983 3114 2244 3170 substructionis.
2290 3115 2417 3150 Etenim

1365 3178 1454 3229 quod
1470 3178 1580 3213 nullas
1596 3180 1703 3222 partes
1718 3178 1815 3213 ltabet
1828 3203 1838 3220 ,
1857 3180 2095 3222 proptereaque
2110 3175 2172 3208 sub
2186 3173 2292 3208 nullos
2304 3182 2419 3207 sensus

1367 3237 1471 3281 venit,
1493 3241 1545 3272 est
1566 3240 1698 3280 tamen,
1723 3241 1757 3273 et
1787 3239 1897 3271 animo
1924 3238 2079 3274 cernitur,
2102 3237 2279 3277 geometra
2304 3235 2419 3267 notam

1365 3297 1527 3341 appellant
1548 3311 1556 3332 ε
1575 3298 1690 3332 lineam
1707 3307 1783 3331 vero
1794 3322 1803 3338 ,
1817 3298 1885 3331 sine
1899 3296 2066 3330 latitudine
2087 3294 2305 3336 prolixitatem
2318 3317 2328 3333 ,
2344 3301 2419 3334 qne

1366 3356 1399 3390 ln
1427 3359 1521 3391 notas
1541 3366 1618 3391 suas
1649 3356 1765 3390 desinit
1784 3367 1793 3389 :
1815 3366 1909 3397 porro
1937 3364 2028 3394 earn,
2058 3354 2089 3387 ln
2110 3362 2175 3396 qua
2200 3354 2250 3386 est
2277 3350 2417 3385 latitudo

1366 3417 1489 3460 aliqua,
1510 3416 1717 3460 superficiem
1741 3419 1877 3456 vocant3
1896 3418 1930 3449 ut
1952 3416 1995 3449 sit
2019 3413 2228 3457 superficies,
2255 3413 2348 3446 nacta
2369 3411 2418 3445 la·

1369 3476 1537 3511 titudinem
1552 3477 1730 3519 longitudo.
1776 3475 1871 3515 Quml
1889 3484 1963 3508 vero
1980 3484 2019 3507 es
2037 3472 2139 3507 tribus
2154 3473 2300 3513 constat,
2314 3470 2347 3504 id
2367 3472 2418 3505 eat
