2606 3828
322 248 399 284 258
810 237 813 240 ’
845 233 1111 276 CHALCIDII
1139 229 1556 272 COMMENTARIUS
1583 230 1639 270 ΙΝ
1666 228 1909 269 TIMAEUM.

315 331 383 364 sins
396 328 506 364 mundi
519 327 636 362 animal
649 326 778 370 flam-is
793 327 827 359 et
843 322 1077 366 qualitatibus
1093 321 1355 354 convenustavit
1412 319 1508 361 iuxta
1527 318 1627 352 aliud.
1673 319 1881 351 Genituram
1908 325 1984 351 vero
1997 317 2135 360 appellat
2153 320 2255 363 ipsam
2272 322 2409 359 sormam
2424 325 2459 360 et

298 388 433 431 'certi⁸,
474 390 506 422 et
540 389 574 421 in
613 389 770 420 oeternum
802 381 963 417 duraturis
998 380 1182 413 rationibus.
1231 380 1357 413 omnia

318 458 432 491 porro,
451 456 527 492 qum
548 447 641 486 scunt
667 446 816 487 optima,
841 441 962 475 divina
985 441 1100 472 mente
1118 447 1160 472 ac
1176 439 1358 472 voluntate

312 508 396 550 fieri
419 516 611 549 praesumere
626 514 684 538 nos
700 504 791 546 jubet
808 510 896 543 :qua
910 499 1162 542 proesumptione
1179 498 1270 532 nihil
1289 506 1359 532 esse

318 570 434 600 verius
446 566 617 599 asseverat.

361 629 426 659 Νῦν
445 627 471 658 δ’
488 625 542 658 οὖν
567 625 622 663 τὴν
638 623 773 659 διάταξιν
789 621 891 653 αὐτῶν
911 618 1121 662 ἐπιχειρητέον
1139 617 1282 651 ἑκάστων
1303 619 1357 651 καὶ

320 684 438 725 γένεσιν
460 683 546 721 ἀήθει
567 680 650 722 λόγῳ
670 680 744 721 πρὸς
760 679 840 719 ὑμᾶς
856 677 982 714 δηλοῦν.
1032 675 1120 708 Ἀλλὰ
1141 675 1201 716 γὰρ
1225 675 1290 708 ἐπεὶ
1308 687 1359 716 με·

318 742 423 784 τὲχετε
451 744 512 773 τῶν
540 739 620 771 κατὰ
650 737 815 770 παίδευσιν
838 734 940 775 ὁδῶν,
954 733 993 766 δι’
1013 733 1057 766 ὧν
1079 733 1290 766 ἐνδείκνυσθαι
1316 733 1356 767 τὰ

320 799 475 840 λεγόμενα
496 797 615 838 ἀνάγκη
628 819 637 835 ,
651 794 825 836 ξυνέψεσθε.

363 856 527 890 CCCLIII.
560 855 662 886 Nunc
684 852 764 892 jam
799 849 1057 883 ordinationem
1089 850 1360 892 qenituramque

319 924 435 950 eorum
457 912 663 953 sinqillatim
681 909 932 949 demonstrari,
948 907 1070 949 inquit,
1083 908 1244 942 convenit
1254 932 1264 947 ,
1278 917 1362 942 novo

321 973 459 1017 quidem
483 971 515 1005 et
534 971 703 1003 inusitato
726 976 849 1009 qenere
875 966 1207 1008 demonstrationis,
1239 975 1362 1001 verum

321 1033 413 1068 vobis
436 1032 495 1074 qui
511 1037 626 1062 omnes
644 1027 851 1061 eruditionis
870 1027 1028 1067 inqenuae
1055 1027 1130 1059 vias
1145 1034 1360 1068 peraqrave-

320 1091 420 1130 ritis,
447 1095 558 1130 neque
579 1087 774 1127 incoqnim,
802 1085 837 1117 et
862 1092 907 1117 ex
933 1083 999 1116 levi
1023 1082 1258 1117 admonitione
1278 1093 1359 1126 per-

320 1151 447 1191 spicuo.
638 1184 640 1186 ,

364 1205 647 1240 Demonstraturus
666 1202 790 1235 ratione
808 1200 1007 1234 substantias
1029 1201 1183 1242 quattuor
1203 1201 1360 1243 principa·

322 1267 401 1299 lium
425 1271 596 1305 corporum
610 1287 620 1304 ‚
639 1270 712 1303 quae
731 1261 900 1294 censentur
914 1260 1090 1300 elementa,
1103 1260 1366 1295 ordinationem

322 1324 450 1367 quidem
466 1322 559 1355 vocat
581 1321 724 1353 habitum
745 1328 856 1353 eorum
874 1320 965 1361 juxta
981 1327 1016 1352 se
1031 1319 1367 1354 communicationem-

326 1391 388 1425 que
411 1384 444 1415 et
470 1382 562 1424 quasi
592 1381 753 1423 quandam
781 1381 988 1421 societatem,
1010 1389 1083 1421 quae
1102 1380 1246 1413 noscitur
1275 1380 1368 1421 juxta

324 1442 519 1483 anaiogiam,
549 1449 622 1483 quae
645 1441 716 1474 talis
740 1442 799 1474 est.
844 1441 887 1473 Ut
907 1440 967 1472 hoe
981 1439 1074 1480 juxta
1097 1439 1197 1481 iilud,
1217 1439 1264 1473 sic
1289 1439 1367 1473 iliud

1415 377 1550 419 effigiem
1566 376 1629 409 :de
1643 376 1761 418 quibus
1774 375 1952 409 secundum
1965 378 2192 418 geometricam
2215 381 2373 416 rationem
2387 383 2462 423 «11⁸2

1419 438 1592 478 putaturus
1613 448 1622 469 z
1652 444 1724 477 quoe
1746 435 1829 467 ratio
1850 435 1983 468 minime
2001 437 2112 478 nutat,
2140 447 2329 482 semperque
2351 445 2459 477 eei-tu
2482 470 2485 474 .

1416 497 1449 530 et
1466 495 1727 536 inexpugnabiles
1743 494 1836 527 affert
1853 494 2054 536 probationes
2071 505 2081 529 ε
2096 505 2221 532 nonam
2235 500 2369 542 quidem
2385 502 2460 538 alti·

1417 554 1451 587 et
1469 550 1684 595 incoynitam
1708 553 1786 586 dicit
1813 561 1884 586 esse
1908 553 1991 587 banc
2013 554 2149 589 eandem
2173 557 2352 602 rationem,
2380 560 2461 603 ipsit

1419 614 1525 646 tamen
1539 637 1549 653 ,
1566 613 1623 654 qui
1638 620 1751 645 omnes
1764 612 1913 653 ingenuae
1922 612 2112 648 eruditionis
2127 615 2197 648 vitis
2209 619 2461 663 peragraverim,

1419 681 1524 714 neque
1537 672 1662 714 ignotas
1680 674 1714 705 et
1725 679 1766 704 ex
1783 671 1847 705 ievi
1865 671 2081 707 admonitione
2098 674 2294 718 perspimas.
2336 678 2463 714 Etenim

1418 733 1475 775 qui
1493 732 1626 766 aderant
1657 740 1770 765 omnes
1795 733 1888 766 erant
1910 733 2060 767 instructi
2088 734 2259 777 praecipuis
2284 735 2462 780 doctrinis.

1420 802 1500 834 quas
1516 794 1685 833 inqenuas
1701 791 1908 834 disciplinas
1931 792 2101 835 appellavit
2120 806 2129 826 ε
2149 794 2322 837 propterea
2337 796 2426 839 quod
2443 805 2464 831 a

1422 852 1527 892 pueris
1554 852 1635 884 aetas
1658 850 1713 883 ina
1737 850 1777 883 iis
1797 850 1896 884 veluti
1922 851 2087 894 principiis
2108 852 2230 887 attioris
2252 853 2410 890 doctrinm
2425 857 2463 891 et

1420 911 1572 951 tanquam
1595 909 1750 951 gradibus
1770 909 1987 951 imbuebatur,
2002 911 2208 954 geometrica,
2233 910 2377 957 muniet,
2402 915 2465 949 ari-

1421 971 1593 1011 thmetica,
1610 970 1818 1005 astronomia.
1861 973 1910 1005 De
1927 971 2045 1014 quibus
2058 972 2162 1006 Cebes
2177 974 2419 1016 pronuntiavit,
2435 975 2467 1009 nt

1423 1031 1554 1073 quidem
1576 1031 1788 1073 philosophiae
1802 1040 1900 1065 eausa
1915 1031 2092 1072 discantur,
2107 1034 2145 1066 ut
2158 1041 2215 1076 per
2226 1042 2281 1067 eae
2290 1057 2301 1076 ,
2313 1034 2468 1079 tanquam

1422 1085 1571 1127 gradibus
1590 1085 1631 1118 ad
1661 1094 1826 1119 summum
1850 1085 1980 1118 culmen
2011 1086 2223 1128 philosophiae
2249 1084 2471 1132 perveniatur‚'

1358 1170 1361 1174 .
1423 1154 1530 1187 operae
1550 1145 1691 1187 pretium
1710 1153 1794 1178 esse.
1840 1144 1875 1178 Si
1897 1144 1967 1178 sine
1994 1144 2219 1187 philosophia,
2242 1145 2338 1189 plena
2358 1149 2468 1182 temen

1425 1203 1590 1245 dignitatis
1610 1212 1682 1237 esse
1704 1203 1936 1246 fundamenta,
1954 1203 2151 1246 imperteotae
2169 1204 2244 1238 lieet
2266 1204 2469 1240 eruditionis.

1426 1263 1496 1296 Hos
1514 1262 1623 1305 igitur,
1641 1263 1797 1306 tanquam
1811 1263 2007 1296 exercitatos
2024 1263 2060 1296 iu
2077 1264 2272 1305 geometrica
2291 1263 2400 1306 vitoe,
2415 1264 2472 1298 ad·

1427 1315 1559 1366 monet,
1592 1324 1679 1366 quod
1707 1324 1852 1367 sciebat,
1882 1323 2071 1364 hujusmodi
2092 1324 2289 1367 quaestiones
2316 1334 2382 1359 non
2407 1325 2471 1360 nini

1426 1383 1627 1423 geometricis
1646 1384 1890 1426 probationibus
1905 1383 2069 1425 explicari.
2114 1384 2218 1418 Simul
2233 1384 2331 1418 habet
2352 1385 2471 1419 exhor-

1427 1441 1582 1475 tationem
1599 1450 1706 1477 sermo
1723 1442 1766 1476 ad
1778 1442 1980 1477 effectionem
2000 1441 2212 1476 institutionis
2227 1442 2387 1484 ingenuoe.
