2638 3840
725 275 955 324 EJUSQUE
983 275 1269 316 msctPULls
1297 277 1361 316 ET
1389 275 1809 317 SUCCESSORlBUS.

2285 291 2338 318 XV

144 391 150 397 κ
193 365 346 406 flatiani
367 365 494 412 iilius,
523 364 782 411 Tarentinus,
807 363 1067 416 philosophus
1086 364 1236 414 Pytha·
1298 366 1374 404 lius
1391 366 1583 413 dedisset,
1602 365 1694 404 huic
1714 365 1853 403 divino
1874 366 2027 404 muneri
2047 379 2091 404 ac
2114 366 2217 405 dono
2241 368 2339 407 nihil

192 424 349 475 goi-icus
369 423 463 471 suit,
487 435 601 474 quem
622 422 662 460 in
684 422 843 461 familiae
865 423 1111 461 successione
1126 431 1234 460 octa-

188 496 284 526 vum
305 501 328 526 a
346 487 567 540 Pythagora
584 487 704 526 fuisse
723 488 834 539 ajunt
855 486 948 541 (9¹)·
975 487 1087 526 Hunc
1106 490 1232 526 virum

190 547 359 598 perfecta
389 547 661 598 cumulataque
693 546 840 585 virtute
866 554 1045 584 ornatum
1083 546 1233 597 antiqui

188 604 398 658 scriptores
411 604 522 644 miris
533 603 714 643 laudibus
731 604 957 657 praedicant.
977 603 1072 643 Nam
1093 602 1174 655 (9²)
1196 612 1234 641 et

188 664 333 716 septies
361 663 590 716 reipublicae
621 663 801 716 praesuit,
834 663 1015 715 quamvis
1039 676 1110 716 per
1132 663 1235 713 leges

163 739 170 746 ·
185 722 302 761 semel
321 722 507 762 duntaxat
521 721 794 761 administrare
806 734 868 761 res
881 722 1048 761 civitatis
1062 734 1233 760 annuum

186 781 452 832 magistratum
471 779 698 831 gerentibus
722 781 883 829 liceret,
904 789 943 820 et
961 794 1062 833 saepe
1077 781 1235 819 exerci-

186 847 276 884 tum¹
298 839 414 880 duxit
430 841 640 891 hostesque
663 839 822 879 devicit.
846 840 982 887 Qualis
1006 839 1084 894 (93)
1106 849 1232 879 autem

184 906 431 950 quantusque
449 898 566 937 fuerit
585 898 798 951 imperator
823 911 873 937 ex
890 898 965 938 hoc
983 899 1231 949 intelligitur,

183 956 291 1008 quod
309 957 531 999 commissis
556 956 645 1009 ejus
666 957 786 997 ductu
810 967 849 997 et
872 958 1050 1010 auspicio
1078 958 1233 1011 proeliis

182 1014 388 1058 Tarentini
405 1029 558 1069 semper
572 1017 793 1070 superiores
808 1017 1081 1057 discesserunt.
1102 1017 1231 1064 Quum

182 1074 305 1128 igitur
316 1075 528 1128 aliquando
539 1075 700 1116 invidiae
711 1075 925 1116 cedendum
942 1085 1050 1116 ratus
1064 1077 1232 1129 imperio

182 1144 268 1175 sese
298 1134 537 1187 abdicasset,
561 1135 707 1175 milites
731 1135 861 1175 statim
890 1136 1062 1188 superati
1086 1136 1130 1175 in
1150 1136 1232 1176 ho-

181 1193 300 1232 stium
315 1193 523 1234 arbitrium
536 1203 575 1233 et
589 1202 816 1246 potestatem
833 1203 1038 1234 venerunt.
1054 1194 1114 1234 Ad
1132 1194 1232 1235 hanc

180 1252 389 1293 militarem
431 1253 597 1304 gloriam
638 1254 801 1293 accessit
838 1267 991 1293 morum
1027 1253 1228 1306 probitas,

179 1323 332 1355 summa
358 1311 553 1363 eruditio,
583 1312 723 1363 ingens
743 1311 925 1364 -denique
956 1312 1148 1351 librorum
1179 1313 1230 1352 de

178 1370 287 1411 omni
302 1370 522 1409 litterarum
533 1374 675 1422 genere
684 1371 920 1423 scriptorum
936 1371 1063 1423 copia.
1077 1371 1230 1424 Quippe

178 1436 284 1468 tanta
293 1429 478 1469 excelluit
493 1429 732 1469 verecundia
749 1427 830 1483 (94)
843 1438 1029 1481 tantoque
1057 1429 1207 1482 pudore
1217 1459 1229 1479 ‚

176 1497 221 1528 ut
250 1489 284 1529 si
311 1489 470 1542 quando
495 1502 652 1529 necesse
683 1489 844 1529 haberet
866 1489 1051 1529 obscoena
1081 1490 1230 1541 signifi·

176 1562 286 1597 care,
307 1561 354 1588 ea
372 1549 416 1589 in
434 1549 585 1602 pariete
602 1549 735 1602 potius
750 1549 1007 1598 inscriberet,
1022 1563 1139 1601 quam
1159 1564 1228 1589 ore

175 1608 382 1661 proferret.
425 1608 581 1648 Nullam
627 1607 707 1663 (95)
747 1609 1012 1661 capitaliorem
1053 1618 1199 1662 pestem
1212 1639 1223 1658 ,

176 1678 292 1720 quam
319 1669 498 1720 corporis
515 1668 756 1721 voluptatem
779 1667 1008 1707 hominibus
1028 1668 1184 1707 dicebat
1205 1682 1227 1708 a

176 1734 315 1766 natura
333 1728 464 1766 datam
479 1755 491 1775 ,
513 1726 626 1779 cujus
656 1727 870 1780 voluptatis
893 1728 1020 1767 avidae
1040 1727 1227 1767 libidines

176 1793 319 1825 temere
342 1794 381 1824 et
398 1785 585 1825 effrenate
604 1785 653 1824 ad
682 1786 916 1838 potiundum
953 1786 1224 1826 incitarentur.

178 1843 280 1885 Hinc
310 1845 450 1897 patriae
477 1845 746 1898 proditiones,
776 1846 869 1885 h'inc
889 1859 1020 1886 rerum
1045 1846 1228 1899 publica-

176 1917 262 1944 rum
282 1906 530 1956 eversiones,
550 1905 643 1944 hinc
662 1919 750 1945 cum
776 1905 956 1946 hostibus
987 1907 1227 1947 clandestina

179 1963 377 2016 colloquia
394 1964 522 2013 nasci;
541 1964 692 2003 nullum
714 1965 884 2017 denique
902 1965 1029 2005 scelus
1041 1995 1052 2014 ,
1073 1967 1224 2005 nullum

178 2022 321 2062 malum
341 2024 491 2062 facinus
513 2036 619 2071 esse,
637 2023 686 2062 ad
706 2023 813 2075 quod
833 2025 1127 2077 suscipiendum
1146 2039 1225 2065 non

175 2081 300 2122 libido
342 2082 558 2135 voluptatis
597 2083 836 2135 impelleret;
880 2092 1015 2136 stupra
1046 2097 1140 2123 vero
1189 2094 1228 2124 et

172 2140 364 2181 adulteria
381 2150 420 2181 et
434 2154 550 2181 omne
565 2142 642 2181 tale
657 2141 847 2193 flagitium
863 2142 983 2182 nullis
999 2142 1086 2183 aliis
1102 2142 1227 2182 illece-

173 2198 259 2241 bris
282 2201 466 2249 excitari‚
492 2202 571 2241 nisi
589 2202 816 2254 voluptatis.
833 2202 1043 2255 Quumque
1073 2202 1224 2242 homini

171 2260 257 2300 sive
275 2269 414 2301 natura
433 2261 516 2301 sive
532 2262 622 2316 quis
640 2261 736 2301 deus
751 2261 852 2301 nibil
870 2270 999 2302 mente
1020 2261 1226 2314 praestabi·

1295 437 1378 463 esse
1397 434 1473 463 tam
1500 424 1706 472 inimicum
1727 436 1842 475 quam
1863 425 2116 476 voluptatem.
2140 425 2218 464 Nec
2236 427 2340 465 enini

1295 483 1460 522 libidine
1479 484 1705 522 dominante
1724 483 1988 535 temperantiae
2006 484 2134 522 locum
2153 498 2255 532 esse3
2275 500 2341 524 ne·

1295 555 1370 593 que
1390 544 1552 581 omnino
1579 543 1621 581 in
1637 543 1852 595 voluptatis
1878 555 2001 594 regno
2020 544 2205 583 virtutem
2227 558 2342 596 posse

1293 603 1520 641 consistere.
1536 600 1650 648 Quod
1669 615 1748 653 quo
1767 602 1890 652 magis
1905 602 2072 652 intelligi
2090 612 2241 654 posset,
2261 605 2343 643 fin—

1293 674 1383 710 gere
1421 662 1552 700 animo
1586 660 1751 712 jubebat
1789 669 1897 700 tanta
1934 661 2138 700 incitatum
2173 663 2342 714 aliquem

1292 721 1489 772 voluptate
1505 721 1703 772 corporis,
1723 728 1869 771 quanta
1886 720 2039 772 percipi
2064 729 2194 772 posset
2217 723 2343 761 maxi-

1293 793 1356 818 ma
1376 794 1384 818 :
1404 781 1552 818 nemini
1574 779 1751 818 censebat
1765 780 1848 818 fore
1861 779 2024 819 dubium
2039 809 2050 828 ,
2063 780 2160 832 quin
2178 781 2340 829 tamdiu,

1296 839 1389 878 dum
1423 840 1477 878 ita
1514 839 1717 888 gauderet,
1742 839 1840 878 nihil
1874 841 2023 890 agitare
2057 849 2208 891 mente,
2243 841 2341 879 nihil

1298 900 1468 947 ratione,
1490 898 1590 936 nihil
1607 898 1843 948 cogitatione
1860 899 2047 950 consequi
2063 907 2207 951 posset.
2236 899 2342 945 Quo-

1295 959 1399 997 circa
1428 958 1527 996 nihil
1549 970 1633 996 esse
1652 966 1728 995 tam
1754 957 1982 997 detestabile
2010 967 2167 1010 tamque
2185 960 2339 1012 pestife-

1291 1030 1377 1055 rum
1393 1047 1404 1067 ‚
1425 1030 1541 1069 quam
1573 1017 1814 1068 voluptatem
1851 1031 1860 1054 ε
1887 1015 2082 1068 siquidem
2115 1030 2182 1066 ea,
2219 1032 2340 1070 quum

1294 1075 1421 1128 major
1451 1084 1550 1114 esset
1579 1083 1696 1126 atque
1724 1075 1898 1125 longior,
1923 1088 2039 1114 omne
2059 1076 2180 1115 animi
2211 1077 2343 1116 lumen

1290 1136 1566 1186 exstingueret.
1583 1134 1817 1187 Spintharus
1838 1133 1916 1187 (96)
1934 1148 2036 1186 saepe
2060 1134 2243 1174 narrabat
2272 1139 2343 1175 Ar-

1290 1194 1445 1246 chytam
1476 1193 1761 1240 Tarentinum,
1785 1206 1904 1244 quum
1935 1202 2023 1246 post
2057 1194 2218 1244 aliquod
2252 1203 2342 1233 tem-

1290 1254 1400 1305 poris
1418 1252 1671 1292 intervallum
1691 1265 1714 1290 a
1740 1251 1847 1290 bello
1870 1252 1995 1290 redux
2013 1252 2120 1304 quod
2136 1253 2341 1293 Tarentini

1290 1313 1478 1352 adversus
1497 1312 1713 1351 Messenios
1736 1320 1955 1361 gesserant,
1979 1325 2045 1350 rus
2066 1325 2179 1351 suum
2199 1315 2343 1352 revise·

1290 1382 1369 1421 ret,
1390 1382 1429 1411 et
1459 1371 1638 1411 villicum
1662 1384 1750 1410 cum
1781 1379 1919 1410 caetera
1941 1371 2089 1410 familia
2109 1385 2190 1410 rem
2214 1372 2343 1411 rusti-

1289 1446 1370 1470 cam
1403 1446 1482 1471 non
1516 1431 1742 1482 diligenter,
1767 1429 1835 1468 sed
1855 1430 2067 1469 admodum
2097 1432 2342 1482 negligenter

1288 1504 1443 1531 curasse
1462 1490 1811 1536 animadverteret,
1829 1497 1934 1527 tanta
1950 1489 2010 1527 ira
2022 1498 2060 1528 et
2074 1490 2343 1540 indignatione

1288 1559 1496 1603 concepta,
1514 1557 1697 1601 quantam
1714 1548 1804 1587 talis
1823 1547 1887 1586 vir
1906 1548 2124 1600 concipiat,
2146 1548 2194 1587 ad
2209 1562 2341 1588 rerum

1286 1618 1427 1648 statum
1445 1607 1734 1648 accommodate
1762 1606 1931 1654 dixisse,
1951 1606 2052 1646 bene
2068 1620 2155 1646 cum
2187 1608 2342 1647 famulis

1286 1670 1371 1720 agi,
1388 1669 1494 1721 quod
1510 1668 1634 1707 iratus
1647 1674 1769 1713 esset,
1788 1666 1886 1706 alias
1899 1674 2096 1706 tantorum
2110 1667 2340 1707 delictorum

1287 1741 1426 1780 graves
1437 1728 1638 1780 justasque
1650 1739 1788 1780 poenas
1804 1725 1966 1766 daturos
1987 1727 2120 1766 fuisse.
2145 1726 2251 1766 Idem
2269 1730 2341 1767 Ar-

1292 1788 1427 1840 chytas
1443 1788 1665 1835 Platonem,
1686 1799 1801 1838 quem
1820 1786 2038 1838 Dionysius
2061 1787 2340 1827 interfecturus

1287 1856 1387 1895 erat,
1407 1860 1477 1900 per
1492 1846 1695 1899 epistolam
1713 1858 1736 1884 a
1750 1854 1877 1884 morte
1893 1845 2041 1897 eripuit
2054 1845 2150 1898 (97).

1342 1906 1398 1945 De
1422 1905 1606 1956 ingenuis
1635 1903 1787 1943 artibus
1814 1917 1858 1942 ac
1881 1904 2133 1957 philosophia
2154 1906 2341 1957 praeclarc

1287 1965 1445 2010 meruit.
1464 1964 1616 2004 Etenim
1632 1964 1753 2003 multa
1773 1977 1795 2002 a
1813 1963 2029 2003 Tarentino
2046 1965 2247 2015 sapientise
2265 1965 2339 2004 do·

1287 2032 1414 2072 ctore,
1435 2025 1506 2075 qui
1525 2023 1675 2074 ingenii
1695 2022 1879 2061 acunzine
1901 2021 2087 2074 floreret,
2101 2022 2204 2061 bene
2224 2033 2340 2075 atquc

1285 2083 1436 2122 utiliter
1449 2078 1611 2122 inventa
1623 2094 1708 2121 esse
1726 2081 1917 2121 seruntur.
1936 2081 2095 2121 Primus
2113 2083 2196 2136 (98)
2212 2093 2338 2123 autem

1286 2143 1520 2195 quaestiones
1567 2140 1810 2180 mechanicas
1860 2139 2097 2180 mechanicis
2132 2142 2340 2195 principiis

1286 2214 1378 2240 usus
1402 2201 1469 2239 via
1492 2208 1532 2239 et
1562 2199 1712 2238 ratione
1731 2198 1902 2238 instituit
1926 2199 2156 2251 primusque
2187 2209 2335 2239 motum

1286 2260 1514 2311 organicum
1550 2259 1685 2310 figurae
1717 2259 1961 2309 geometricae
1999 2259 2203 2307 adhibuit,
2240 2260 2338 2298 sacta

170 2394 204 2429 ρ.
223 2389 285 2422 ⁴20
311 2388 344 2420 et
367 2388 480 2429 Pyrrh.
502 2389 585 2431 Hyp.
607 2389 666 2430 ΙΙΙ,
698 2391 748 2422 18.
773 2389 865 2423 Adde
890 2388 1031 2422 Hierocl.
1051 2389 1084 2422 in
1113 2390 1221 2421 carm.

169 2440 240 2467 aur.
254 2434 286 2467 in
303 2434 363 2468 Pii.
380 2435 438 2467 Gr.
454 2435 567 2477 tregru.
586 2435 650 2468 voi.
665 2437 694 2476 Ι,
711 2444 745 2478 p.
764 2437 826 2469 4⁶4
838 2444 920 2478 seq„
935 2435 1105 2469 jamblichi
1118 2435 1224 2469 Theo-

170 2478 340 2522 hminem
361 2481 574 2516 stimuleum
597 2483 693 2524 atque
712 2490 731 2515 ο
746 2482 979 2516 recentioribus
1003 2482 1137 2516 meursii
1166 2483 1226 2515 De-

170 2526 297 2560 ndum
318 2528 578 2570 Pythagoricum.

211 2574 279 2617 (⁹¹)
299 2577 488 2616 anonymus
507 2573 595 2619 apud
620 2575 772 2610 Phnoum
797 2579 870 2610 259.
885 2596 926 2605 -
951 2578 1037 2618 (92)
1065 2576 1224 2618 Diogenes

169 2622 276 2656 Μ.
299 2622 356 2656 lib.
384 2623 474 2663 Vm,
489 2625 531 2656 7⁹
552 2636 561 2657 ι
593 2622 739 2665 Ἀρχύτας
761 2623 991 2667 Μνησαγόρου,
1016 2625 1222 2666 Ταραντῖνος,

169 2669 213 2706 ὥς
234 2667 270 2701 tt
299 2667 503 2711 Ἀριστόξενος
519 2668 702 2712 Ἑστιαίου,
729 2671 947 2713 Πυθαγορικὸς
979 2672 1036 2704 καὶ
1077 2671 1222 2709 αύτός....

168 2715 356 2759 ἐθαυμάζετο
382 2716 417 2749 tt
440 2717 494 2749 καὶ
521 2717 607 2759 παρὰ
623 2721 692 2756 τοῖς
708 2719 835 2756 πολλοῖς
851 2719 902 2751 ἐπὶ
926 2719 1015 2760 πάσῃ
1035 2718 1145 2761 ἀριτῇ·
1169 2721 1220 2752 καί

167 2763 207 2804 ἃ»)
227 2763 355 2801 ἑπτάκις
371 2766 434 2796 τῶν
450 2764 587 2798 πολιτῶν
600 2764 835 2807 ἐστρατήγησα,
852 2769 916 2799 τῶν
934 2767 1037 2800 ἄλλων
1062 2766 1105 2804 μὴ
1125 2766 1217 2798 πλέον

170 2810 315 2844 ἐνιαυτοῦ
338 2811 596 2854 στρατηγούντων
618 2812 671 2845 διὰ
683 2813 719 2846 τὸ
734 2813 868 2847 κωλύειν
881 2814 936 2847 τὸν
957 2813 1063 2856 νόμον.
1081 2813 1223 2846 AElianus

168 2865 238 2892 vor.
254 2858 330 2892 hist.
345 2858 400 2892 tib.
418 2859 493 2899 vn,
517 2860 553 2893 ¹⁴
573 2872 583 2893 τ
601 2859 640 2893 Τί
655 2859 707 2902 δέ,
724 2860 782 2894 οὐκ
792 2860 875 2902 ἦσαν
890 2861 944 2893 καὶ
959 2862 989 2893 οἱ
1006 2860 1167 2900 φιλόσοφοι
1180 2859 1221 2891 τὰ

167 2905 304 2948 ’πολέμια
319 2904 452 2947 ἀγαθοίς
472 2906 544 2947 ἐμοὶ
567 2906 624 2948 μέν
643 2907 811 2941 δοκοῦσιν·
832 2907 860 2941 ti
874 2919 910 2950 γε
928 2907 1076 2949 Ἀρχύταν
1099 2907 1155 2947 μὲν
1181 2906 1222 2938 εἴ·

168 2953 259 2987 hm
293 2952 395 2991 ἐξὰκις
424 2954 601 2995 στρατηγὸν
629 2954 812 2996 Ταραντῖνοι
843 2957 910 2988 κτλ.
946 2954 1062 2988 strabo
1092 2954 1147 2986 lib.
1175 2953 1220 2985 vt

169 3005 201 3042 p·
221 3002 283 3034 2⁸⁰
298 2999 351 3034 ed.
373 2999 445 3033 Cas.
463 3000 673 3038 εὰπώἐξαντο
687 3002 722 3035 δέ
734 3002 788 3035 καὶ
805 3002 848 3045 (οἱ
867 3001 1062 3044 Ταραντῖνοι)
1080 3001 1136 3039 τὴν
1155 3001 1221 3033 Πυ-

169 3046 330 3089 θαγόρειον
362 3046 567 3088 φιλοσοφίαν,
599 3047 805 3091 διαφερόντως
839 3044 867 3082 δ’
898 3050 1062 3091 Ἀρχύτας,
1093 3047 1128 3084 ὃς
1166 3048 1219 3079 καὶ

86 3111 105 3133 ,ι
169 3094 307 3137 προέστη
332 3097 388 3134 τῆς
414 3094 535 3132 πόλεως
563 3095 663 3140 πολὺν
702 3095 827 3139 χρόνον.
852 3094 1221 3129 Pseudoantoninum

98 3138 107 3178 f'
169 3143 251 3176 orat.
268 3144 406 3176 amator.
427 3150 498 3185 pag.
522 3145 584 3176 802
605 3141 658 3176 ed.
685 3143 897 3177 namneum
926 3143 960 3176 δὲ
984 3141 1133 3184 Ἀρχύταν
1165 3142 1221 3181 τὴν

92 3215 114 3229 ,-
169 3189 368 3232 Ταραντίνων
388 3189 479 3222 πόλιν
491 3189 576 3222 οὕτω
590 3190 694 3228 καλῶς
707 3190 763 3223 καὶ
780 3191 1003 3232 φιλανθρώπως
1018 3188 1222 3228 διοικήσαντα

91 3235 106 3264 -’
169 3237 224 3270 καὶ
246 3235 354 3279 κύριον
374 3235 471 3275 αὐτῆς
487 3235 708 3278 καταστάντα,
728 3237 808 3271 ὥστ’
822 3238 865 3275 τίς
882 3237 1021 3274 ἅπαντας
1032 3236 1088 3275 τὴν
1103 3234 1223 3269 ἐκείνου

103 3297 106 3303 ·
120 3287 126 3295 ·“
172 3282 296 3325 μνήμην
316 3282 487 3323 διενεγκεῖν
498 3292 508 3302 ·
532 3282 566 3321 ὃς
583 3284 637 3316 καλ
652 3283 685 3316 ἐν
711 3283 794 3327 ἀρχῇ
811 3283 1099 3326 καταφρονούμενος
1114 3282 1152 3315 ἐκ
1165 3285 1223 3316 τοῦ

174 3329 319 3364 Πλάτωνι
337 3329 513 3367 πλησιάσαι
535 3329 692 3369 τοσαύτην
714 3330 823 3363 ἐλαβεν
838 3330 991 3364 ἐπίδοσιν.
1004 3328 1161 3370 synestu-
1180 3328 1222 3362 ad

174 3377 338 3411 mnium
356 3386 365 3409 ε
388 3378 443 3411 καὶ
466 3377 552 3419 μάλα
566 3377 599 3410 ἐν
614 3377 704 3420 δίκη·
733 3378 808 3420 παρ’
823 3378 871 3416 οἷς
895 3377 1067 3419 ἐνομοθέτει
1090 3376 1145 3418 μὶν
1162 3376 1223 3410 Xa-

173 3424 291 3467 ρύνὸας
303 3425 356 3456 καὶ
373 3424 543 3464 Μανιος,
558 3423 768 3467 ἐστρατήγουν
783 3425 816 3457 δέ
830 3424 972 3466 Ἀρχύται
991 3423 1044 3455 καὶ
1060 3423 1219 3457 Φιλολαοι.

174 3486 214 3495 -
229 3471 296 3513 (⁹³)
310 3471 466 3512 οιομοα
487 3470 631 3504 uerum
653 3470 709 3504 ιιι».
728 3469 818 3511 vm,
836 3473 876 3504 ιι
895 3482 904 3503 2
924 3471 979 3503 τὸν
997 3469 1031 3503 ιι
1051 3469 1225 3513 nutam-

1289 2386 1342 2419 κὸν
1367 2385 1572 2428 Ἀριστόξενός
1597 2395 1672 2425 φησι
1705 2384 1860 2426 μηδέποτε
1890 2387 2124 2425 στρατηγοῦντα
2151 2386 2336 2424 ἡττηθῆναι,

1289 2434 1496 2474 φθονούμενον
1527 2432 1555 2464 δ’
1577 2432 1661 2468 ἅπαξ
1682 2431 1865 2474 ἐκχωρῆσαι
1890 2434 1945 2470 τῆς
1975 2431 2163 2474 στρατηγίας
2193 2433 2245 2464 καὶ
2266 2433 2337 2470 τοὺς

1284 2479 1381 2523 [add.
1399 2478 1618 2522 στρατιώτας]
1638 2478 1751 2511 αὐτίκα
1769 2479 1929 2519 ληφθῆναι.

1326 2529 1392 2569 (94)
1411 2526 1555 2562 AElianus
1572 2535 1639 2559 var.
1656 2525 1732 2559 hist.
1746 2525 1801 2560 lib.
1817 2527 1907 2568 xlv,
1927 2529 1964 2558 19
1979 2538 1987 2558 :
2002 2525 2147 2567 Ἀρχύτας
2161 2525 2201 2558 τά
2213 2536 2247 2559 τε
2259 2526 2338 2559 ἄλλα

1282 2574 1320 2615 ἦν
1333 2576 1485 2618 σώφρων,
1498 2574 1552 2607 καὶ
1577 2572 1632 2607 οὗν
1658 2573 1712 2606 καὶ
1727 2573 1768 2606 τὰ
1793 2573 1922 2613 ἄκοσμα
1938 2572 2122 2614 ἐφυλάττετο
2138 2575 2201 2604 τῶν
2222 2571 2335 2612 ὀνομά-

1281 2633 1356 2654 των.
1370 2621 1458 2654 'tinet
1470 2621 1505 2654 a(
1514 2631 1590 2654 ποτε
1600 2619 1739 2659 ἐόιάζετό
1750 2631 1782 2653 τι
1800 2620 1899 2653 εἰπιϊν
1911 2622 1975 2652 τῶν
1991 2618 2139 2662 ἀπρεπῶν
2148 2642 2158 2662 ,
2175 2619 2232 2652 οὐκ
2247 2620 2337 2657 ἐξινι·

1282 2671 1381 2711 κήθη,
1404 2667 1472 2701 ἀλλ’
1489 2668 1651 2708 ἐσιώπησε
1671 2668 1728 2710 μὶν
1749 2668 1846 2709 αὐτὸ,
1866 2668 2022 2710 ἐπέγραψε
2047 2668 2080 2700 δὲ
2098 2668 2180 2700 κατὰ
2198 2671 2254 2700 τοῦ
2272 2670 2334 2702 τοί·

1281 2727 1360 2758 χον,
1383 2715 1482 2753 δείξας
1499 2717 1555 2757 μιν
1570 2714 1589 2747 ὃ
1607 2714 1707 2751 εἰπεῖν
1721 2713 1879 2754 ἐὸιάζιτο,
1905 2714 1943 2747 οὐ
1975 2714 2036 2756 μὴν
2064 2714 2203 2756 βιασθιὶς
2222 2713 2323 2746 ιῖπεν.

1281 2780 1324 2787 -
1339 2762 1406 2803 (95)
1425 2762 1540 2795 Cicero
1550 2761 1592 2795 de
1609 2763 1776 2796 senectute
1792 2770 1866 2803 cap.
1887 2765 1936 2794 12.

1325 2811 1391 2852 (96)
1414 2809 1584 2852 Σπίνθαρος
1601 2809 1740 2851 διηγιῑτο
1756 2808 1906 2845 πολλάκις
1926 2807 1995 2845 περὶ
2021 2807 2170 2850 Ἀρχύτου
2185 2808 2334 2849 Tarpa-ni·

1280 2870 1335 2893 νου
1346 2883 1356 2899 ,
1373 2859 1420 2891 ὅτι
1440 2858 1492 2891 διὰ
1511 2858 1625 2901 χρόνου
1640 2859 1724 2897 τινος
1737 2858 1780 2895 τίς
1795 2858 1891 2900 ἀγρὸν
1904 2856 2090 2898 άφικομενος
2101 2881 2110 2897 ,
2124 2856 2160 2888 ἐκ
2175 2856 2334 2898 στρατείας

1280 2906 1392 2940 νεωστὶ
1415 2905 1658 2947 παραγεγονώς,
1678 2906 1718 2945 ἣν
1744 2904 1974 2947 ἐστρατιύσατο
1989 2904 2010 2942 ἡ
2026 2904 2114 2941 πόλις
2136 2904 2179 2940 τίς
2206 2905 2334 2942 Μεσση-

1281 2954 1383 2994 νίους,
1402 2954 1446 2990 ὡς
1461 2953 1525 2986 οἶδε
1541 2952 1597 2986 τόν
1610 2962 1645 2986 τι
1658 2953 1829 2995 ἐπίτροπον
1850 2951 1903 2984 καὶ
1919 2950 1990 2988 τοὺς
2003 2950 2113 2987 ἄλλους
2131 2950 2253 2988 otum<
2278 2951 2335 2983 οὐκ

1280 3000 1316 3034 εὖ
1342 3004 1403 3033 τῶν
1424 3000 1496 3043 περὶ
1518 3000 1575 3040 τὴν
1600 3000 1755 3043 γεωργίαν
1785 2997 1964 3040 ἐπιμεὶιίας
1989 2998 2236 3039 πεποιημένους,
2256 2998 2334 3030 ἀλλὰ

1281 3048 1401 3091 μιγάλη
1420 3050 1478 3080 τινὶ
1497 3047 1707 3090 κεχρημένους
1735 3045 1900 3088 ὀλιγωρίας
1924 3045 2099 3087 ὑπιρδολῇ,
2122 3044 2275 3087 ὀργισθείς
2301 3056 2334 3077 τι

1280 3096 1333 3128 καί
1358 3094 1580 3137 ἀγανακτήσας
1605 3094 1726 3133 οὕτως,
1760 3095 1803 3131 ὡς
1829 3094 1867 3125 ἂν
1889 3092 2024 3131 turm,
2050 3092 2154 3132 ιῖπεν,
2172 3093 2214 3129 ὡς
2230 3091 2331 3131 loru,

1281 3142 1358 3186 πρὸς
1371 3142 1443 3180 τοὺς
1462 3142 1604 3182 οἰκέτας,
1623 3141 1671 3174 ὅτι
1697 3141 1880 3183 εὐτυχοῦσιν
1893 3164 1903 3180 ,
1926 3140 1977 3172 ὅτι
1995 3139 2100 3175 αὐτοῖς
2122 3139 2291 3180 ὧργισται·
2307 3139 2333 3170 ιί

1279 3190 1340 3233 γὰρ
1353 3190 1397 3233 μὴ
1410 3192 1505 3222 τοῦτο
1520 3188 1719 3231 συμδιδηκὸς
1732 3187 1770 3229 ἦν
1780 3212 1791 3228 ,
1802 3187 1860 3220 οὐκ
1873 3187 1911 3219 ἄν
1924 3197 2002 3220 ποτε
2017 3187 2130 3223 αὐτοὺς
2146 3185 2267 3222 dudm:
2280 3196 2332 3225 γι·

1279 3237 1406 3277 νίσθαι,
1421 3236 1593 3274 τηλικαῦτα
1616 3236 1847 3278 ἡμαρτηκότας.
1863 3234 2065 3268 Jambiiclius
2090 3232 2131 3266 de
2152 3234 2208 3265 vit.
2236 3233 2330 3273 Ρμιι.

1280 3290 1352 3326 cap.
1375 3286 1412 3317 at
1429 3291 1501 3325 pag.
1533 3284 1596 3316 405
1620 3282 1672 3316 ed.
1691 3282 1863 3322 meinung.
1887 3282 1937 3314 cr.
1955 3281 2067 3314 Cicero
2084 3280 2181 3311 Tusc.
2205 3279 2261 3318 iv,
2278 3283 2330 3311 3ο.

1281 3349 1324 3359 -
1337 3330 1405 3372 (⁰7)
1419 3330 1577 3371 Diogenes
1597 3329 1744 3363 Laertius
1758 3328 1814 3363 lib.
1829 3329 1920 3369 vm,
1931 3330 1971 3361 7⁹
1989 3325 2099 3363 εοῦτός
2116 3326 2201 3358 ἐστιν
2216 3326 2235 3358 ό
2251 3325 2334 3359 ttu-

1280 3387 1367 3411 τωνα
1515 3388 1566 3414 νος
1586 3378 1626 3410 δι’
1650 3377 1833 3416 ἐπιστολῆς,
1866 3377 1951 3416 παρὰ
1987 3373 2154 3406 Διονυσίου
2182 3374 2332 3415 μελλοντα

1283 3424 1492 3466 amputat.
1514 3424 1658 3466 Epistola
1679 3423 1734 3456 ills
1748 3423 1863 3465 iegitur
1886 3421 1967 3455 Phil.
1989 3422 2047 3453 Gr.
2068 3421 2196 3461 Fragm.
2216 3418 2281 3452 vot.
2304 3421 2331 3460 Ι,

1284 3478 1315 3513 ρ.
1331 3474 1407 3513 ⁵⁶²3
1429 3470 1483 3505 sed
1497 3468 1720 3513 proculdubio
1733 3470 1841 3512 spuria
1855 3470 1917 3502 cst.
1931 3483 1973 3492 —
1984 3468 2051 3508 (98)
2068 3465 2226 3509 Diogene·
2238 3466 2335 3500 Laer-
