2638 3840
324 305 373 338 80
1167 292 1631 332 PYTHAGOREORUM

321 387 359 425 οὐ
380 384 554 432 ποιητέον,
578 384 680 435 μόνον
713 385 770 423 τὸν
793 382 897 435 σοφὸν
923 375 1011 419 εἶναι
1030 380 1170 431 λέγουσι
1197 380 1363 430 νόμιμον,

319 443 509 497 πρακτικὸν
530 444 614 482 ὄντα
635 447 703 482 τῶν
725 443 791 481 ὑπὸ
819 445 879 479 τοῦ
900 441 1006 491 νόμου
1029 439 1362 491 προσταττομένων,

320 503 378 542 καὶ
405 502 507 555 μόνον
539 501 738 553 ἐξηγητικὸν
754 499 911 548 ντούτου,
946 498 1032 537 διότι
1053 497 1101 521 ¹⁸⁸
1136 498 1196 536 καὶ
1223 497 1366 548 νομικὸν

319 555 431 611 εἶναι,
452 578 529 605 τους
550 560 585 598 δὲ
604 561 785 607 ἠλιθίους’
771 557 931 601 εναντίωτ,
953 556 1058 609 ἔχειν.
1076 556 1177 595 Ἀστε
1184 556 1244 600 ίοις
1263 556 1291 594 δ’
1313 555 1366 594 ἔτι

319 621 379 660 καὶ
400 621 463 669 τὴν
487 622 603 675 ἀρχὴν
625 619 854 668 ἀπονέμουσιν
889 616 938 649 ¹⁸9
960 615 982 663 ἢ
1013 615 1220 654 ἐπιστασίαν
1246 632 1306 654 και
1322 613 1366 654 τὰ

318 679 449 727 ταύτης
469 679 566 728 εἴδη,
590 678 790 732 βασιλείαν,
807 674 1045 728 στρατηγίαν,
1062 675 1282 728 ναυαρχίαν.
1307 689 1367 712 και

319 738 381 783 τὰς
400 739 542 783 ταύταις
561 735 840 790 παραπλησίους
864 736 967 774 Κατὰ
992 749 1092 774 τουτο
1122 735 1164 784 δὴ
1185 735 1245 773 καὶ
1266 734 1368 785 μόνος

320 801 337 835 ὁ
358 799 543 842 σπουδαῖος
565 798 682 850 ἄρχει,
703 795 762 833 καὶ
791 796 820 832 εἷ
846 793 895 844 μὴ
916 795 1053 838 πάντως
1077 795 1154 833 κατ’
1175 793 1365 848 ἐνέργειαν,

321 857 411 895 κατὰ
430 857 578 895 διάθεσιν
603 856 638 893 δὲ
664 854 723 893 καὶ
744 853 898 896 πάντως.
924 853 998 892 Καὶ
1024 852 1249 906 πειθαρχικὸς
1267 852 1368 904 μόνος

321 918 338 952 ὁ
359 914 579 959 σπουδαῖός’
564 930 681 960 εστιν,
710 912 1014 959 ἀκολουθητικὸς’
994 928 1042 951 ων
1062 912 1219 965 ἄρχοντι.
1241 913 1356 951 ’1ῶν“
1338 913 1368 950 ο’

322 974 474 1032 ἀφρόνων
495 974 603 1016 οὖδεις
627 975 790 1016 τοιοῦτος
818 971 897 1010 οὔτε
923 971 1033 1024 γὰρ’
1011 987 1131 1024 αργειν
1160 971 1239 1010 οὔτε
1264 971 1369 1023 ἄρχε-

321 1035 398 1068 σΟαι
415 1025 517 1074 οἶός’
502 1047 594 1069 εστιν
608 1034 625 1069 ὃ
642 1031 775 1083 ἄφρων.
792 1031 944 1078 αυθαονς
954 1046 1004 1074 τις
1019 1030 1081 1079 ὤν,
1097 1030 1192 1069 καὶ’
1174 1030 1367 1081 ανάγωγος.

325 1092 447 1129 Πάντα
464 1106 500 1128 τε
521 1093 556 1127 εὖ
581 1106 656 1128 ποιε
644 1089 832 1128 εῖὸνοῦν”
813 1104 916 1141 εχων,
938 1105 998 1128 και
1023 1089 1090 1142 γὰρ
1114 1089 1289 1142 φρονίμως
1308 1105 1369 1127 και

320 1153 492 1201 ἐγκρατῶς
523 1149 583 1187 καὶ
618 1148 771 1196 κοσμίως
804 1149 864 1186 καὶ
894 1148 1070 1192 εὐτάκτως
1094 1153 1172 1190 ταῖς
1201 1147 1281 1200 περὶ
1310 1147 1368 1186 τὸν

321 1209 393 1262 βίον
410 1208 604 1261 ἐμπειρίαις
625 1207 803 1260 χρώμενος
826 1209 989 1260 συνεχῶς·
1010 1207 1076 1245 ὅδὲ
1098 1208 1240 1260 φαῦλος,
1264 1206 1369 1244 ἄπει-

323 1284 376 1321 ρος
396 1268 442 1306 ὢν
469 1271 530 1314 τῆς
551 1269 652 1319 ὀρθῆς
672 1267 853 1318 γρήσεως,
880 1268 997 1304 πάντα
1026 1282 1144 1310 κακως
1169 1267 1263 1304 ποιεῖ
1292 1265 1370 1303 καθ’

319 1328 360 1375 ἢν
381 1326 453 1379 ἔχει
474 1325 656 1364 διάθεσινὲ
643 1341 810 1377 ενεργων,
833 1324 1098 1374 εὐυετοίπτωτος
1120 1323 1183 1372 ὤν,
1206 1324 1267 1362 καὶ
1284 1325 1368 1395 παρ’

321 1385 453 1424 ἕκαστα
474 1383 689 1436 μεταμελεία
701 1355 942 1435 συνεέόμενος.
956 1375 1059 1422 Εἶναι
1077 1383 1192 1429 δὲτὴν
1211 1383 1369 1433 μεταμέ-

319 1446 358 1482 λε
344 1459 432 1491 ιαν,
453 1444 603 1490 λύπην’
588 1459 644 1481 επι
668 1442 928 1495 πεπραγμένοις
945 1444 990 1486 ὡς
1015 1444 1099 1494 παρ’
1123 1443 1230 1480 αὐτοῦ
1246 1444 1369 1493 ἡμαρ-

319 1503 497 1554 τημένοις,
518 1502 808 1552 κακοδαιμονικόν
829 1517 862 1539 τι
882 1501 990 1544 πάθος
1010 1503 1123 1553 ψυχῆς
1138 1500 1196 1539 καὶ
1217 1502 1368 1538 στασιῶ-

321 1564 388 1606 δες·
409 1562 460 1614 ἐφ’
480 1560 558 1599 ὅσον
578 1560 645 1613 γὰρ
669 1560 812 1613 ἄχθεται
831 1563 901 1603 τοῖς
922 1559 1034 1610 συμὸε
1021 1560 1217 1607 ε-ἕηκόσινῗ
1205 1582 1220 1597 ,ι
1241 1561 1274 1597 ἐν
1292 1560 1367 1602 ταῖς

321 1618 602 1671 μεταμελείαις”
580 1635 639 1667 ων,
661 1621 718 1657 ἐπὶ
732 1634 894 1658 τοσουτον
924 1619 1117 1670 αγανακτεῒ
1133 1617 1217 1670 πρὸς
1231 1617 1367 1668 ἑαυτόν,

319 1682 365 1723 ὡς
385 1679 494 1718 αἴτιον
510 1678 675 1730 γεγονότα
687 1677 835 1716 τούτων·
853 1678 905 1716 διὸ
926 1678 985 1716 καὶ
1006 1678 1130 1728 ἄτιμον
1147 1681 1237 1715 εἶναι
1254 1675 1369 1715 πάντα

322 1740 470 1791 φαῦλον,
501 1738 589 1788 μήτε
621 1740 725 1788 τιμῆς
755 1737 846 1780 ἄξιον
881 1736 982 1783 ὄντα,
1006 1735 1095 1787 μήτε
1114 1735 1227 1787 τίμιον
1256 1735 1369 1788 ὑπάρ-

322 1812 446 1849 χοντα.
468 1798 542 1844 Τὴν
563 1796 629 1850 γὰρ
643 1797 748 1869 τιμὴν
771 1799 859 1833 εἶναι
885 1796 1004 1856 γέρως
1013 1795 1170 1846 ἀξίωσιν,
1191 1795 1230 1832 τὸ
1252 1794 1288 1834 δὲ
1308 1794 1367 1846 γε’-

324 1872 384 1909 ρας
399 1850 535 1894 ἆθλον’
516 1859 640 1909 αρετῆς
657 1856 885 1907 εὐεργετικόν.
901 1856 952 1894 Τὸ
965 1858 1024 1893 οὖν
1042 1855 1166 1926 ἀρετῆς
1183 1853 1370 1905 ἀμέτοχον,

321 1915 445 1967 ἄτιμον
463 1915 604 1959 δικαίως
617 1914 792 1966 λέγεσθαι.
807 1914 956 1965 Λέγουσι
972 1913 1006 1952 δὲ
1018 1917 1078 1952 καὶ
1098 1913 1238 1966 φυγάδα
1253 1912 1370 1951 πάντα

323 2065 435 2104 munt,
451 2065 562 2105 utpote
577 2063 632 2103 qui
650 2063 771 2096 honore
788 2072 891 2104 neque
909 2063 1025 2104 dignus
1042 2063 1105 2103 sit,
1123 2071 1227 2103 neque
1244 2062 1369 2094 atticia-

321 2123 385 2155 tur.
458 2125 533 2155 Esse
559 2122 643 2155 enim
681 2122 835 2154 honorem
865 2122 1081 2163 dignationem
1112 2121 1370 2159 existimationis,

321 2182 588 2214 existimationem
611 2190 686 2214 vero
708 2181 846 2214 salutare
874 2167 1021 2214 virtutis·
1036 2181 1218 2223 praemium.
1263 2182 1370 2218 Quare

323 2242 410 2283 quod
430 2243 558 2274 virtutis
582 2251 699 2282 expers
719 2242 777 2283 sit,
798 2242 828 2273 id
849 2241 945 2274 etiam
967 2241 1043 2282 jure
1069 2241 1297 2273 inhonoratum
1316 2249 1370 2273 vo·

322 2302 399 2333 cari.
444 2301 596 2333 Exsulem
616 2310 744 2342 quoque
767 2300 878 2332 dicunt
905 2300 1055 2342 quemvis
1072 2309 1142 2332 esse
1161 2299 1367 2340 improbum,

322 2365 481 2402 quatenus
504 2362 570 2403 lege
598 2365 630 2393 et
646 2362 776 2394 civitate
799 2363 916 2402 careat,
945 2371 1002 2402 pro
1027 2360 1123 2401 lmJus
1145 2361 1251 2402 ipsum
1276 2360 1370 2392 attin·

322 2422 423 2462 gentis
438 2424 562 2453 natura.
607 2422 723 2461 Legem
741 2421 846 2460 enim,
865 2422 900 2452 ut
919 2420 1060 2452 diximus
1072 2444 1081 2460 ,
1099 2420 1214 2451 bonam
1231 2427 1300 2452 esse
1314 2427 1369 2460 pa—

324 2482 400 2513 riter
416 2490 454 2512 ac
470 2480 644 2512 civitatem.
690 2483 771 2520 Apte
788 2480 885 2511 etiam
908 2480 1080 2512 Cleanthes
1097 2479 1215 2510 bonam
1230 2487 1299 2511 esse
1320 2478 1367 2510 ci-

323 2540 454 2572 vitatem
476 2538 667 2571 concludere
694 2538 748 2570 tali
775 2539 1023 2579 interrogatione
1053 2538 1154 2570 voluit
1182 2547 1189 2567 ε
1215 2537 1242 2571 si
1259 2538 1372 2570 civitas

323 2601 371 2630 est
387 2598 475 2638 quasi
492 2597 627 2637 justitiae
644 2597 752 2637 sedes,
772 2597 811 2633 ad
831 2606 929 2637 quam
950 2598 1210 2638 confugientibus
1230 2598 1305 2630 licet
1317 2598 1369 2630 ve!

326 2665 434 2696 poenas
450 2656 524 2688 dare
548 2655 597 2687 vel
609 2655 661 2695 jus
675 2665 769 2687 suum
786 2656 950 2697 obtinere,
976 2647 1082 2689 nonne
1100 2657 1273 2690 honestum
1292 2657 1369 2699 quid

324 2715 438 2747 civitas
457 2716 527 2746 est?
543 2713 634 2754 atqui
651 2714 714 2746 tale
732 2715 870 2746 tribunal
884 2715 999 2747 civitas
1015 2718 1082 2756 est;
1099 2726 1173 2757 ergo
1195 2716 1370 2749 honestum

325 2773 400 2814 qnid
421 2773 532 2811 civitas
550 2776 609 2804 est.
666 2775 774 2810 Quum
795 2776 902 2805 autem
921 2773 1022 2804 tribus
1033 2773 1136 2805 modis
1155 2774 1267 2806 civitas
1280 2773 1369 2806 dica-

330 2837 393 2872 tur,
417 2832 558 2874 primum
584 2832 619 2863 ut
643 2831 852 2871 domicilium,
873 2832 987 2864 deinde
1013 2834 1048 2864 ut
1063 2835 1166 2866 coetus
1190 2834 1369 2874 hominum,

325 2891 462 2931 denique
482 2893 517 2923 ut
538 2890 704 2931 utriusque
726 2890 865 2922 notionis
886 2891 1069 2930 conjunctio
1094 2904 1102 2923 :
1131 2892 1252 2933 duplici
1271 2902 1368 2925 sensu

325 2949 486 2981 civitatem
507 2948 657 2989 appellari
679 2948 866 2987 honestam,
888 2951 1047 2988 quatenus
1074 2951 1177 2982 coetus
1202 2950 1370 2983 homiuum

325 3009 368 3040 sit
386 3009 418 3040 et
439 3009 597 3048 quatenus
613 3007 792 3038 incolarum
810 3010 955 3047 respectu
978 3009 1043 3039 tam
1058 3007 1170 3040 domos
1193 3018 1291 3050 quam
1312 3009 1370 3041 lio-

326 3067 427 3099 mines
446 3066 688 3107 complectatur.

366 3125 535 3158 Rusticum
555 3133 687 3165 quoqne
714 3124 881 3165 perhibent
901 3125 1048 3165 quemvis
1068 3125 1230 3158 hominem
1248 3126 1369 3166 impro-

327 3185 417 3225 bum,
450 3184 681 3216 contendentes
708 3183 919 3215 rusticitatem
944 3192 1012 3215 esse
1029 3183 1219 3224 imperitiam
1242 3183 1369 3217 morum

325 3245 358 3276 et
374 3244 478 3284 legum
492 3243 524 3275 iu
545 3241 623 3274 urbe
640 3241 833 3282 vigentium;
855 3250 948 3281 porro
965 3250 1092 3273 omnem
1110 3242 1290 3282 improbum
1304 3251 1372 3274 esse

327 3311 435 3342 reum,
454 3305 608 3342 praeterea
627 3300 776 3339 ferocem,
792 3308 891 3340 quum
904 3299 1001 3331 vitam
1015 3308 1033 3332 e
1058 3300 1161 3339 legum
1182 3301 1370 3342 praescripto

327 3368 422 3399 agere
436 3359 523 3398 nolit,
542 3363 573 3391 et
590 3359 691 3391 terum
704 3360 735 3390 et
761 3357 894 3389 noxium
919 3357 1095 3390 hominem.
1128 3359 1274 3390 Eundem
1293 3368 1369 3392 vero

330 3419 415 3449 liunt:
430 3420 462 3450 et
476 3418 631 3450 immitem
651 3426 718 3450 esse
740 3419 772 3449 et
793 3417 997 3457 tyrannicum
1014 3420 1046 3449 et
1062 3417 1106 3449 ita
1125 3418 1317 3458 animatum,
1336 3420 1372 3450 ut

331 3479 399 3508 tum
417 3476 588 3517 imperiose
617 3477 710 3517 agat,
728 3478 797 3508 tum
813 3475 955 3508 crudelia
980 3477 1013 3508 et
1035 3475 1172 3509 violenta
1192 3478 1225 3509 et
1248 3476 1371 3517 legibus

334 3534 449 3574 vetita,
465 3536 575 3567 nactus
591 3535 789 3567 occasionem
802 3558 811 3575 ,
838 3536 1006 3576 perpetret.
1051 3534 1135 3573 Quin
1156 3534 1251 3568 etiam
1274 3535 1377 3576 iugra-

1393 526 1467 630 'Q'

1453 678 1461 692 l

1433 738 1487 752 κη

1474 823 1480 844 l

1396 850 1401 1047 ί

1357 1635 1404 1944 Ι

1399 3307 1405 3561 l

1399 2043 1406 2490 l

1426 383 1557 434 φαῦλον
1583 375 1685 429 εἶναι,
1713 381 1789 420 καθ’
1812 380 1891 422 ὅσον
1912 381 2074 435 στέρεται
2099 382 2208 434 νόμου
2222 382 2283 421 καὶ
2298 381 2478 428 πολιτείας

1425 439 1517 480 κατὰ
1534 440 1636 495 φύσιν
1649 442 1918 489 ἔπιὸαλλοόσης.
1929 442 2000 481 Τὸν
2013 441 2081 495 γὰρ
2095 441 2199 493 νόμον
2208 436 2308 490 εἶναι,
2317 442 2480 496 καθάπερ

1427 499 1584 551 εἴπομεν,
1609 501 1813 549 σπουδαῖον,
1831 501 1958 552 ὁμοίως
1977 501 2011 540 δὲ
2034 502 2094 541 καὶ
2111 501 2177 549 τὴν
2197 502 2313 543 πόλιν.
2333 501 2480 547 Ἱκανῶς

1432 558 1467 597 δὲ
1486 561 1543 599 καὶ
1563 561 1743 607 Κλεάνθης
1762 565 1811 592 ¹9⁰
1833 561 1910 614 περὶ
1925 560 1963 599 τὸ
1981 562 2168 600 σπουδαῖον
2189 554 2356 607 εἶναιτὴν
2371 560 2475 601 πόλιν

1428 631 1527 671 Λογον
1553 618 1716 672 ἠρώτησε
1749 623 1913 659 τοιοῦτον·
1935 621 1965 658 εἷ
1994 620 2092 665 πόλις
2126 620 2189 671 μέν
2213 622 2286 659 ἐστι
2308 620 2478 668 δικαστη-

1429 693 1501 730 ριου
1523 678 1825 730 κατασκεύασμα,
1848 681 1895 724 εἷς
1913 678 1931 718 ὃ
1952 678 2235 732 καταφεύγοντάς
2268 680 2342 717 ἐστι
2370 677 2476 725 δίκην

1429 748 1548 777 οουναι
1571 738 1632 777 καὶ
1650 737 1786 786 λαὸεῗν,
1806 740 1869 778 οὐκ
1892 742 2026 778 ἀστεῖον
2057 739 2099 785 δὴ
2132 738 2230 781 πόλις
2250 736 2365 785 ἐστίν;
2387 735 2480 775 ἀλλὰ

1431 795 1499 839 veh
1518 799 1672 837 τοιοῦτόν
1693 799 1785 836 ἐστιν
1815 802 1835 846 ἡ
1865 798 1964 842 πόλις
1983 796 2224 849 δικαστήριον·
2248 797 2386 834 ἀστεῖον
2417 794 2477 848 ἄρ’

1429 855 1522 895 ἔστιν
1543 859 1564 904 ἡ
1587 856 1698 900 πόλις.
1723 859 1866 909 Τριχῶς
1893 856 1929 895 δὲ
1954 856 2145 909 λεγομένης
2174 859 2238 903 τ’ῆς
2262 855 2396 900 πόλεως
2407 854 2479 906 ’“9“,

1429 917 1491 962 τ’ἧς
1512 931 1549 954 τε
1572 916 1664 954 κατὰ
1681 915 1719 954 τὸ
1737 917 1936 967 οἰκητήριον
1949 947 1960 965 ,
1982 916 2042 954 καὶ
2065 918 2127 963 τῆς
2145 914 2239 954 κατὰ
2255 914 2295 954 τὸ
2313 911 2480 969 σύστημα

1430 977 1497 1013 τῶν
1521 974 1726 1027 ἀνθρώπιον,
1748 975 1807 1014 καὶ
1826 974 1940 1028 τρίτον
1961 975 2001 1015 τὸ
2023 977 2100 1014 κατ’
2122 974 2306 1028 ἀμφότερα
2329 970 2480 1025 τούτων,

1429 1034 1522 1072 κατὰ
1552 1035 1610 1074 δύο
1639 1034 1880 1086 σημαινόμενα
1912 1034 2076 1085 λέγεσθαι
2099 1035 2163 1082 τὴν
2191 1034 2291 1073 πόλιν
2314 1033 2481 1084 ἀστείαν,

1430 1093 1523 1132 κατά
1542 1110 1580 1131 τε
1597 1093 1635 1131 τὸ
1655 1092 1819 1143 σύστημα
1835 1096 1903 1132 τῶν
1919 1093 2110 1148 ἀνθρώπων
2122 1125 2133 1143 ,
2150 1093 2210 1132 καὶ
2226 1091 2319 1131 κατὰ
2336 1092 2376 1131 τὸ
2393 1108 2481 1132 συν-

1430 1152 1645 1205 αμφότερον,
1677 1152 1733 1190 διὰ
1771 1151 1833 1199 τὴν
1869 1152 1953 1206 πρὸς
1991 1152 2069 1197 τοὺς
2103 1155 2317 1195 ἐνοικοῦντας
2348 1153 2483 1206 ἀναφο-

1431 1211 1492 1263 ράν
1513 1217 1576 1251 192·

1484 1269 1584 1309 Φασι
1603 1270 1639 1308 δὲ
1659 1285 1720 1308 και
1740 1268 1902 1321 ἄγροικον
1924 1274 2012 1309 εἰναι
2029 1269 2145 1309 πάντα
2166 1274 2310 1325 φαῦλον,
2331 1270 2396 1320 τὴν
2415 1269 2484 1324 γὰρ

1432 1329 1614 1401 ἀγροικίαν
1651 1328 1811 1381 ἀπειρίαν
1834 1321 1923 1367 εἶναι
1945 1332 2014 1367 τῶν
2046 1329 2139 1368 κατὰ
2167 1331 2267 1370 πόλιν
2300 1333 2387 1372 ἔθων
2421 1330 2483 1369 καὶ

1430 1389 1562 1438 νόμων·
1584 1404 1644 1427 και
1666 1389 1782 1427 πάντα
1811 1389 1983 1442 φαυλον”
1965 1404 2085 1442 ενοχον
2115 1391 2300 1443 ὑπάρχειν·
2325 1383 2415 1429 εἶναι
2446 1388 2484 1430 δὲ

1430 1446 1489 1485 καὶ
1510 1447 1626 1500 ἄγριον
1637 1478 1646 1495 ,
1663 1449 1904 1487 ἐναντιωτικὸν
1926 1447 2009 1487 ὄντα
2029 1451 2072 1501 τῇ
2089 1448 2182 1488 κατὰ
2194 1449 2298 1500 νόμον
2313 1448 2482 1500 διεξαγω-

1430 1509 1499 1558 γῇ,
1514 1507 1574 1544 καὶ
1596 1506 1751 1561 θηριώδη
1771 1507 1832 1546 καὶ
1849 1507 2041 1559 βλαπτικὸν
2063 1507 2259 1561 ἄνθρωπον.
2279 1509 2351 1549 Τὸν
2371 1509 2402 1547 δ’
2419 1509 2483 1547 αὖ·

1430 1564 1487 1602 τὸν
1506 1569 1626 1604 τοῦτον
1640 1566 1700 1604 καὶ
1722 1564 1896 1619 ἀνήμερον
1919 1567 2089 1619 ὑπάρχειν
2103 1567 2164 1606 καὶ
2166 1566 2402 1640 Ητυραννικόν,
2423 1566 2483 1606 οὔ·

1431 1640 1497 1668 τως
1518 1625 1731 1675 διακείμενον
1751 1624 1842 1663 ὥστε
1872 1626 2062 1664 δεσποτικὰ
2089 1626 2217 1677 ποιεῖν,
2237 1626 2289 1664 ἔτι
2314 1625 2351 1664 δὲ
2377 1625 2482 1678 ὠμοί,

1432 1683 1491 1721 καὶ
1539 1663 1660 1735 βῑαῑαι,
1709 1684 1770 1722 καὶ
1801 1684 2013 1737 παράνομα,
2046 1699 2177 1737 χαῑρο)ν
2210 1684 2482 1736 ἐπιλαὸόμενονο

1434 1736 1575 1781 Εἶναι
1557 1741 1592 1780 οὲ
1612 1759 1672 1781 και
1694 1743 1907 1795 ἀχάριστον,
1928 1742 2007 1782 οὔτε
2025 1745 2109 1796 πρὸς
2131 1745 2361 1783 ἀνταπόδοσιν
2381 1744 2484 1797 χάρι-

1433 1817 1490 1845 τος
1509 1801 1641 1845 οἰκείως
1661 1801 1808 1853 ἔχοντα,
1830 1799 1909 1840 οὔτε
1926 1801 2011 1852 πρὸς
2027 1800 2236 1851 μετάδοσιν,
2261 1802 2318 1841 διὰ
2333 1802 2373 1841 τὸ
2393 1801 2484 1852 μηδὲ

1431 1856 1552 1898 κοινῶς
1582 1870 1615 1891 τι
1636 1870 1697 1893 πο·
1701 1857 1771 1904 εῖν,
1801 1850 1891 1903 μηδὲ
1919 1855 2088 1906 φιλικῶς,
2122 1855 2205 1905 μηδ’
2229 1854 2483 1907 εὖμελετήτως.

1434 1912 1536 1961 Μηδὲ
1566 1912 1750 1966 φιλόλογον
1785 1906 1874 1950 εἷναι
1893 1912 1952 1951 τὸν
1988 1914 2143 1966 φαῦλον,
2174 1914 2263 1964 μηδὲ
2299 1914 2480 1966 φιλήκοον,

1432 2062 1502 2093 tum
1518 2070 1600 2102 esse,
1614 2062 1726 2102 utpote
1742 2070 1847 2102 neque
1871 2061 1911 2093 ad
1936 2062 2134 2093 referendam
2153 2062 2286 2103 gratiam
2300 2071 2479 2095 aecommo·

1432 2120 1543 2152 datum
1564 2129 1668 2161 neque
1689 2121 1729 2152 ad
1743 2120 1823 2152 bene
1841 2120 2020 2152 faciendum
2033 2144 2043 2162 ,
2061 2121 2148 2162 quod
2166 2130 2271 2162 neque
2293 2122 2478 2155 communis

1432 2179 1579 2212 utilitatis
1591 2204 1600 2220 ,
1615 2188 1720 2221 neque
1733 2179 1884 2212 amicitiae
1902 2188 1996 2212 causa
2008 2203 2018 2220 ‚
2037 2189 2139 2220 neque
2158 2180 2279 2212 intenta
2297 2190 2375 2214 cura
2387 2181 2483 2223 quid-

1432 2247 1530 2280 quam
1549 2239 1656 2271 saciat.
1702 2241 1833 2280 insuper
1845 2239 2027 2280 improbum
2040 2239 2201 2272 hominem
2217 2249 2324 2281 neque
2337 2240 2481 2274 discendi

1432 2307 1537 2339 neque
1556 2297 1709 2330 audiendi
1734 2298 1886 2339 cupidum
1907 2307 1996 2338 esse,
2013 2298 2089 2339 quia
2110 2299 2243 2331 minime
2261 2299 2304 2332 sit
2325 2299 2480 2332 scitorum

1432 2366 1616 2389 sermonum
1645 2359 1778 2398 propter
1807 2357 2058 2398 imprudentiam
2086 2366 2104 2389 e
2137 2359 2346 2398 perversitate
2374 2360 2480 2392 ortam

1431 2426 1549 2458 capax,
1565 2418 1723 2457 quatenus
1736 2417 1954 2457 improborum
1971 2426 2065 2448 nemo
2074 2425 2175 2458 neque
2184 2417 2225 2449 ad
2238 2417 2391 2451 virtutem
2406 2417 2483 2450 inci-

1431 2475 1518 2507 tetur
1534 2483 1639 2514 neque
1651 2474 1762 2506 incitet
1775 2473 1872 2513 alios;
1887 2473 1942 2514 qui
1959 2473 2044 2505 enim
2062 2473 2130 2514 ipse
2140 2473 2291 2506 incitetur
2305 2474 2355 2506 vel
2368 2473 2483 2508 incitet

1432 2533 1511 2566 alios
1528 2542 1627 2573 quum
1641 2531 1680 2564 ad
1701 2531 1990 2573 philosophandum
2003 2531 2120 2564 debeat
2135 2540 2207 2564 esse
2222 2534 2367 2573 paratus,
2386 2541 2482 2575 para-

1431 2594 1485 2625 tus
1500 2595 1681 2624 autemnon
1701 2591 1905 2633 impediatur,
1918 2591 2080 2622 neminem
2092 2591 2268 2624 stultorum
2285 2592 2381 2624 talem
2395 2601 2480 2626 esse.

1431 2654 1502 2686 Non
1514 2642 1674 2685 enin’xtam
1685 2651 1740 2693 qui
1749 2652 1870 2683 attente
1880 2650 1989 2682 audiat
1999 2658 2073 2690 quae
2084 2649 2261 2683 dicuntum
2274 2650 2444 2693 philosoph
2451 2652 2481 2684 is

1432 2721 1533 2753 eaque
1551 2711 1585 2744 in
1598 2711 1845 2744 commentarios
1860 2709 1988 2748 reserat,
2012 2711 2160 2750 paratum
2181 2717 2254 2742 esse
2273 2710 2314 2742 ad
2338 2710 2480 2751 philoso-

1430 2771 1607 2812 phandum,
1624 2778 1722 2810 quam
1735 2770 1790 2810 qui
1808 2768 2015 2809 philosophiae
2035 2771 2192 2809 praecepta
2208 2767 2250 2800 ad
2270 2777 2365 2802 usum
2381 2769 2481 2803 actio-

1431 2839 1571 2871 nemque
1588 2830 1776 2861 convertere
1802 2828 1969 2867 vitamque
1995 2827 2033 2858 ad
2054 2827 2150 2859 talem
2177 2836 2324 2860 normam
2341 2827 2480 2870 dirigere

1432 2890 1521 2922 velit.
1539 2890 1582 2922 At
1599 2888 1818 2930 improborum
1832 2887 1991 2919 neminem
2003 2886 2046 2917 ila
2060 2895 2094 2918 se
2112 2886 2240 2927 habere,
2255 2886 2313 2928 qni
2327 2886 2479 2920 vitiorum

1432 2948 1567 2982 decretis
1577 2947 1616 2979 sit
1628 2948 1883 2987 praeoccupatus.
1898 2944 1930 2977 Si
1943 2944 2028 2976 enim
2041 2945 2137 2976 homo
2145 2945 2314 2985 improbus
2327 2946 2479 2979 incitatus

1434 3009 1530 3047 esset,
1548 3016 1567 3039 a
1582 3006 1659 3039 vitio
1679 3006 1778 3038 etiam
1801 3006 1999 3037 avocaretur.
2048 3004 2174 3036 Etenim
2207 3004 2305 3037 lromo
2324 3005 2493 3039 scelestus.

1432 3075 1527 3099 nemo
1551 3066 1591 3098 ad
1613 3065 1764 3097 virtutem
1781 3064 1946 3103 incitatur,
1965 3065 2002 3095 ut
2026 3071 2132 3103 neque
2149 3066 2290 3103 aegrotus
2306 3063 2345 3095 ad
2364 3063 2479 3097 sanita-

1432 3129 1510 3158 tem.
1530 3127 1572 3158 At
1587 3124 1692 3157 solum
1707 3122 1884 3164 sapientem
1898 3121 2023 3154 incitari
2039 3120 2208 3162 solumque
2224 3121 2357 3154 incitare
2371 3129 2477 3163 posse,

1431 3183 1601 3216 stultorum
1618 3183 1778 3216 neminem
1790 3207 1800 3223 ‚
1817 3181 1892 3223 quia
1911 3181 1978 3214 vita
2000 3189 2018 3213 e
2041 3179 2209 3221 sapientiae
2225 3180 2393 3221 proeoepns
2406 3182 2479 3212 acta

1433 3245 1464 3276 in
1495 3244 1611 3276 stultos
1631 3252 1697 3276 non
1715 3242 1822 3275 cadat.
1885 3242 1999 3282 Neque
2022 3240 2127 3272 virum
2155 3239 2287 3272 doctum
2314 3247 2400 3278 esse,
2419 3238 2476 3271 sed

1433 3303 1540 3343 potius
1558 3303 1742 3343 loquacem,
1756 3301 1811 3343 qui
1839 3299 1989 3333 inanibus
2012 3299 2117 3332 verbis
2146 3299 2316 3330 contentus
2347 3297 2478 3330 virtutis

1431 3362 1606 3394 orationem
1623 3361 1712 3394 factis
1731 3369 1795 3393 non
1820 3359 1998 3392 confirmet.
2043 3359 2154 3398 Neque
2172 3356 2258 3389 enim
2280 3363 2477 3396 quemquam

1432 3420 1651 3461 improborum
1679 3428 1748 3452 esse
1771 3418 1981 3458 industrium,
2011 3417 2180 3461 propterea
2208 3414 2294 3455 quod
2318 3413 2477 3446 industria

1431 3478 1611 3510 animorum
1635 3477 1763 3510 habitus
1775 3477 1817 3510 sit
1828 3477 1896 3510 sine
1912 3475 2091 3517 suspicione
2104 3474 2303 3516 propositum
2323 3473 2476 3512 suscepto

1433 3536 1540 3569 latiore
1559 3546 1708 3577 peragens
1718 3561 1726 3576 ‚
1750 3536 1969 3578 improborum
1985 3537 2092 3567 autem
2107 3542 2202 3566 nemo
2215 3541 2282 3565 sine
2295 3531 2475 3572 suspicione
