2606 3828
587 345 987 413 ΜΑΞΙΜΟΥ

742 475 839 506 ΠΕΡΙ

301 567 547 612 ΑΛΥΤΩΝ
583 568 969 614 ΑΝΤΙΘΕΣΕΩΝ
1004 572 1262 619 BIBAION.

318 797 364 834 Αἱ
384 796 501 834 ἅλυτοι
519 794 704 839 ἀντιθέσεις
724 794 776 834 ὅτι
797 795 859 846 μὲν
880 797 941 836 οὔκ
959 798 1178 851 ἐπιδέχονται
1211 801 1308 840 λύσιν

264 854 426 906 ἐμφανῆ,
447 854 631 906 πρόδηλον·
653 856 690 892 οὐ
722 853 789 907 γὰρ
816 855 858 893 ἂν
885 849 951 895 εἶεν
976 857 1112 906 ἄλυτοι,
1135 860 1164 897 εἷ
1188 861 1307 900 ἐπιδέ-

262 928 379 965 χοιντο
397 912 506 950 λύσιν·
527 913 579 951 ὅτι
600 912 635 951 δὲ
663 915 808 964 μεθόδου
831 915 921 959 τινὸς
939 916 1025 968 πρὸς
1051 917 1158 962 αὐτὰς
1182 919 1305 972 χρεία,

263 969 411 1023 ἐμφανές
431 973 517 1010 ἐστι.
541 970 654 1010 Πόθεν
675 967 733 1010 οὖν
754 974 788 1011 αἱ
816 973 954 1023 μέθοδοι
975 974 1061 1027 πρὸς
1079 975 1142 1020 τὰς
1162 978 1306 1023 ἀλύτους

263 1027 463 1077 ἀντιθέσεις
485 1030 629 1081 ἐροῦμεν
650 1030 689 1074 ἃς
709 1031 921 1084 εὑρήκαμεν.

314 1085 360 1126 α’.
390 1087 477 1126 Ἐὰν
498 1087 656 1140 ἐμπίπτῃ
679 1088 804 1134 ἄλυτος
829 1091 1056 1140 ἀντίθεσις,ἢ
1085 1094 1120 1131 ἔν
1144 1096 1304 1149 προσχή-

262 1162 346 1195 ματι
379 1150 438 1185 τοῦ
478 1147 590 1186 δοκεῖν
637 1148 748 1197 λύειν,
789 1151 1071 1204 ἀντικατηγορεῖν
1109 1157 1169 1193 τοῦ
1210 1157 1305 1194 ἀντι-

261 1207 369 1247 ὃίκου.

314 1265 360 1316 β’.
390 1263 438 1304 Ἰ]
457 1266 693 1316 εὖπροσώπως
714 1262 761 1317 μὴ
784 1267 908 1320 ἔχοντα
925 1269 1051 1320 λῦσαι,
1068 1269 1304 1311 ἀναὸαλέσθαι

257 1324 304 1367 εἷς
321 1322 434 1374 ἕτερον
455 1323 578 1375 χρόνον
598 1324 661 1371 τὴν
682 1324 793 1365 λύσιν.

309 1381 354 1432 γ’.
385 1380 435 1421 Ἢ
470 1383 737 1435 συνδραμόντα,
769 1384 876 1428 οὕτως
921 1387 1206 1441 ἀντικατηγορεῖν
1244 1393 1303 1428 τοῦ

257 1438 442 1478 ἀντιδίκου.

311 1496 354 1537 δ’.
384 1497 436 1536 ’Ἡ
465 1499 570 1536 πάλιν
598 1500 860 1552 συνδραμόντα,
883 1504 932 1554 τῷ
963 1502 1086 1557 δικαίῳ
1117 1506 1301 1545 ἀντιθεῖναι

255 1556 295 1595 τὸ
314 1556 503 1608 συμφέρον.

308 1615 349 1655 ε’.
378 1614 434 1654 Ἠ
464 1616 519 1654 τὸν
543 1616 711 1664 δικαστὴν
741 1618 888 1669 ἀπάγειν
910 1618 972 1667 μὲν
994 1620 1062 1659 ἀπὸ
1082 1623 1143 1668 τῆς
1176 1623 1300 1663 ἀλύτου

254 1672 476 1722 ἀντιθέσεως,
498 1675 544 1718 εἷς
571 1674 671 1727 ἕτερα
692 1675 727 1713 δὲ
764 1677 959 1730 πράγματα
979 1678 1166 1731 κρινόμενα
1183 1683 1299 1733 ᾓέμὸι-

255 1732 386 1777 ὅάζειν.

307 1790 354 1835 ς’.
385 1788 435 1829 Ἢ
471 1790 559 1841 μετὰ
593 1792 706 1837 αἰτίας
738 1794 832 1832 λύειν
868 1793 931 1842 τὴν
969 1795 1139 1835 δοκοῦσαν
1173 1798 1298 1839 ἄλυτον

255 1842 357 1888 εἶναι.

307 1907 348 1951 ζ’.
381 1907 434 1946 ’Ἡ
464 1908 631 1953 πολλάκις
656 1910 720 1957 τὴν
751 1910 875 1949 ἄλυτον
908 1913 1190 1965 ὑπομερίσαντα,
1208 1917 1299 1956 κατὰ

257 1968 359 2021 μέρος
379 1969 562 2021 εἰσάγοντα
586 1971 697 2010 δοκεῖν
717 1972 823 2012 λύειν.

305 2027 352 2074 η’.
381 2026 430 2066 Ἢ
448 2027 497 2078 μὴ
513 2027 661 2080 τιθέντα,
680 2030 736 2069 διὰ
749 2031 854 2081 λόγου
873 2032 957 2085 πρὸς
974 2033 1081 2082 αὐτὴν
1104 2036 1295 2087 βλέποντας

252 2085 359 2126 λύειν.

306 2139 349 2177 θ’.
379 2137 429 2177 Ἦ
450 2143 704 2192 παραινετικῶς
723 2141 783 2179 καὶ
802 2141 920 2197 ὥσπερ
945 2145 1135 2196 κηδόμενον
1156 2151 1214 2186 τοῦ
1236 2150 1295 2187 ἀν-

251 2194 400 2245 τιδίκου,
423 2197 615 2247 μεθοδεύειν
638 2199 699 2247 τὴν
723 2200 848 2240 ἄλυτον
875 2202 1044 2243 ἀντίθεσιν
1076 2207 1110 2243 ἐν
1141 2208 1229 2259 αὐτῇ
1251 2212 1294 2262 τῇ

250 2255 465 2308 παραινέσει.

304 2314 340 2354 ι’.
375 2317 499 2363 Πάλιν,
530 2315 588 2354 ἐὰν
625 2317 747 2362 ἄλυτος
779 2319 970 2369 ἀντίθεσις,
1003 2323 1294 2374 προστιθέναι’τι

250 2374 338 2426 αὐτῇ
372 2373 528 2423 εὔλυτον,
548 2374 607 2413 ἵνα
634 2376 702 2414 ἀπὸ
729 2380 787 2415 τοῦ
814 2378 957 2418 εὖλύτου
987 2381 1127 2433 ἀφορμὴ
1165 2383 1295 2430 λύσεως

249 2432 406 2485 γένηται.

304 2490 362 2530 ια’.
393 2489 443 2530 ’Ἡ
466 2492 554 2541 μηδὲ
575 2496 775 2544 μεμνῆσθαι
798 2498 860 2542 τῆς
877 2496 1004 2536 ἀλύτου
1026 2499 1246 2551 τοπαράπαν,
1264 2503 1292 2540 εἰ

248 2550 374 2596 ἤλπικε
393 2550 449 2587 τὸν
471 2551 637 2601 δικαστὴν
657 2554 762 2599 αὐτῆς
779 2555 1020 2602 ἐπιλελῆσθαι.

303 2608 361 2647 ιδ’.
390 2608 440 2647 Ἢ
467 2610 728 2660 συνδραμόντα,
748 2612 810 2659 τὴν
842 2613 984 2664 γνώμην
1005 2616 1205 2656 διαὸάλλειν
1229 2622 1289 2657 τοῦ

249 2666 436 2704 ἀντιδίκου.

302 2723 357 2774 ιγ’.
387 2721 438 2762 Ἢ
455 2725 504 2775 μὴ
526 2726 668 2765 ,τιθέντα
689 2733 874 2780 πειρᾶσθαι
900 2731 1006 2779 λύειν,
1032 2734 1289 2786 προσρίπτοντα

246 2780 310 2829 τὴν
330 2781 428 2820 λύσιν
448 2785 494 2827 ὡς
513 2785 547 2821 ἕν
568 2785 775 2837 ἀφηγήσεως
793 2788 927 2841 τρόπῳ,
949 2791 1008 2829 καὶ
1029 2793 1182 2840 σπουδὴν
1197 2793 1289 2846 ἔχειν

245 2839 304 2880 ἵνα
328 2840 376 2890 μὴ
394 2842 433 2879 τὸ
454 2842 654 2893 κρινόμενον
674 2844 831 2895 γένηται.

301 2898 359 2938 ιδ’.
389 2896 439 2936 *H
456 2899 564 2949 ὄνομα
580 2902 654 2938 ἀντ’
670 2902 837 2951 ὀνόματος
851 2904 968 2954 θέντα,
981 2907 1071 2946 οὕτω
1093 2910 1142 2961 τῷ
1156 2910 1287 2964 εὖλύτῳ

246 2956 391 3005 ὀνόματι
410 2957 694 3009 συμπλεκόμενον
717 2961 810 3005 δόξαι
829 2963 938 3004 λύειν,

300 3014 353 3054 ιε’.
382 3014 433 3053 Ἢ
455 3015 488 3052 ἔν
509 3017 736 3068 προσχήματι
758 3025 817 3058 τοῦ
837 3022 947 3059 δοκεῖν
972 3023 1106 3067 πλείους
1128 3026 1283 3078 παρέχε-

245 3077 323 3112 σθαι
342 3071 476 3120 λύσεις,
495 3074 642 3126 ἀπάγειν
666 3075 727 3126 μὲν
751 3078 820 3116 ἀπὸ
840 3083 900 3118 τοῦ
929 3082 1033 3132 ῥητοῦ
1066 3086 1126 3120 τοῦ
1147 3082 1252 3127 ὄντως
1270 3090 1284 3108 ⁸

245 3131 370 3168 ἀλύτου
403 3130 480 3175 τοὺς
507 3132 695 3182 δικαστάς,
716 3133 778 3180 τὴν
803 3136 837 3173 δὲ
865 3136 1006 3187 γνώμην
1037 3139 1202 3185 ἐξετάζειν
1222 3145 1287 3182 τοῗῖ

244 3188 447 3239 νομοθέτου,
470 3189 544 3239 μεθ’
560 3184 600 3237 ἧς
618 3190 768 3244 γέγραφε
788 3193 845 3231 τὸν
865 3196 984 3244 νόμον.

298 3245 355 3289 ις’.
385 3246 436 3285 Ἢ
457 3247 514 3285 ἐὰν
535 3249 698 3293 ἷσάζωσιν
717 3253 751 3288 αἱ
767 3251 972 3302 ἀντιθέσεις,
987 3255 1026 3292 ἐκ
1044 3255 1206 3304 διαὸολῆς
1221 3263 1279 3298 τοῦ

245 3303 418 3342 ἀντιδίκου
437 3304 497 3342 καὶ
518 3307 645 3351 οἰκείας
666 3309 864 3352 συστάσεως
882 3312 1149 3364 ἀντερωτῶντα,
1171 3315 1281 3360 οὕτως

242 3359 335 3398 λύειν
371 3360 434 3408 τὴν
467 3362 649 3408 ἰσάζουσαν
689 3367 751 3417 μέν
766 3398 775 3415 ,
809 3367 932 3407 ἄλυτον
966 3368 1001 3407 δὲ
1040 3364 1126 3408 εἶναι
1159 3373 1278 3411 δοκοῦ·

244 3431 320 3456 σαψ

1722 363 2074 438 MAXIM]

1873 511 1928 541 DE

1370 577 1761 627 INSOLUBILIBUS
1775 587 2243 632 OBJECTATIONIBUS
2257 593 2409 636 LIBER

1787 708 1958 727 -ῬΟΦ-

1369 794 1377 806 ‘
1410 797 1653 839 objectationes
1662 798 1852 833 insolubiles
1866 803 1955 843 patet
1968 811 2033 835 non
2046 803 2223 836 admittere
2233 803 2419 840 evidentem

1368 855 1581 899 solutionem
1601 858 1686 891 hanc
1704 858 1791 891 enim
1811 860 1839 892 si
1858 859 2048 903 admittant,
2073 872 2139 895 non
2154 862 2277 897 suerint
2290 863 2416 899 insolu-

1366 914 1460 949 biles.
1479 916 1562 948 Hinc
1575 917 1787 951 manifestum
1803 920 1865 959 est,
1882 919 1937 952 via
1953 921 2062 962 aliqua
2075 924 2108 955 et
2122 922 2248 956 ratione
2258 923 2417 958 adversus

1365 975 1437 1008 illas
1448 986 1519 1009 esse
1529 985 1622 1018 opus.
1669 979 1794 1016 Quibus
1806 979 1906 1021 igitur
1919 980 1982 1013 viis
1994 983 2028 1014 et
2043 981 2171 1015 artibus
2187 982 2346 1018 adversus
2363 984 2414 1018 in-

1364 1034 1519 1068 solubiles
1535 1036 1769 1077 objectationes
1780 1039 1934 1071 utemur?
1950 1039 2065 1072 Dicam
2077 1050 2159 1082 quas
2171 1042 2290 1085 reperi.

1408 1093 1436 1125 1.
1452 1093 1590 1131 Quando
1607 1093 1789 1128 insolubilis
1805 1095 1922 1129 incidit
1937 1096 2241 1139 objectatio,licebit
2251 1101 2416 1135 causando

1364 1151 1559 1186 solutionem
1579 1154 1804 1189 adversarium
1817 1155 1961 1190 vicissim
1976 1167 2143 1192 accusare.

1405 1263 1435 1291 2.
1454 1260 1519 1292 Aut
1540 1259 1596 1292 ubi
1619 1269 1684 1292 non
1706 1261 1852 1303 suppetit
1877 1271 1943 1303 quo
1961 1262 2087 1296 directe
2102 1266 2138 1298 et
2153 1265 2324 1300 commode
2341 1266 2412 1300 sol-

1364 1327 1492 1357 vamus,
1509 1318 1707 1352 solutionem
1723 1319 1756 1352 in
1775 1320 1865 1353 aliud
1875 1323 2004 1363 tempus
2020 1321 2163 1356 differre.

1403 1380 1434 1409 3.
1462 1379 1527 1410 Aut
1548 1377 1758 1411 concedendo
1791 1378 1886 1412 litem
1905 1389 2000 1413 suam
2019 1380 2178 1416 adversus
2196 1383 2337 1418 alterum
2362 1385 2410 1418 ra·

1362 1445 1448 1469 cere.
2120 1471 2128 1486 .-

1401 1498 1433 1528 4.
1449 1497 1514 1529 Aut
1532 1505 1647 1530 rursus
1660 1498 1991 1533 concedentem‘utile
2003 1499 2094 1540 justo
2110 1510 2283 1543 opponere.

1400 1605 1431 1633 5.
1450 1602 1509 1634 Vel
1525 1601 1670 1642 judicem
1688 1611 1828 1636 avocare
1847 1603 1889 1636 ab
1908 1603 2073 1637 insolubili
2090 1605 2306 1646 objectatione
2321 1607 2410 1640 etad

1358 1660 1433 1700 alia,
1455 1660 1496 1693 de
1509 1661 1629 1702 quibus
1642 1662 1862 1703 contenditur,
1882 1664 2131 1705 contemplanda
2146 1661 2324 1707 impellere.

1397 1781 1428 1808 6.
1445 1776 1504 1809 Vel
1523 1785 1622 1808 causa
1643 1777 1741 1809 allata
1770 1778 1899 1812 solvere
1925 1779 2196 1821 objectationem‚
2219 1790 2294 1823 quoe
2321 1782 2407 1816 solvi

1355 1844 1419 1868 non
1436 1844 1534 1877 posse
1553 1835 1740 1869 videbatur.

1395 1897 1425 1927 7.
1443 1895 1503 1928 Vel
1521 1895 1727 1928 insolubilem
1746 1896 1780 1928 in
1794 1897 1904 1939 plures
1922 1898 2069 1932 dividere
2088 1901 2211 1941 partes,
2230 1902 2336 1942 atque
2358 1900 2407 1934 ita

1352 1953 1517 1996 sigillatim
1535 1954 1721 1987 inducendo
1740 1956 1868 1989 solvere
1890 1956 2008 1990 videri.

1394 2016 1428 2045 8.
1454 2013 1515 2045 Vel
1533 2022 1597 2046 non
1615 2013 1738 2046 diserte
1756 2023 1890 2056 ponere,
1916 2015 2066 2049 oratione
2082 2018 2194 2050 tamen
2213 2027 2287 2052 eam
2300 2009 2405 2062 resp'i-

1351 2071 1464 2105 ciendo
1481 2072 1623 2105 solvere.
2122 2087 2125 2090 ⁴

1391 2135 1422 2164 9.
1441 2132 1502 2164 Vel
1514 2131 1717 2165 adhortando
1733 2142 1772 2166 ac
1782 2133 1872 2166 velut
1885 2133 2067 2167 adversarii
2083 2135 2232 2177 partibus
2249 2136 2402 2179 favendo,

1350 2190 1601 2232 ohJectationem
1630 2192 1836 2226 insolubilem
1870 2193 1905 2225 in
1938 2193 2011 2236 ipsa
2040 2194 2270 2229 adhortatione
2303 2205 2398 2230 ever·
2438 2226 2441 2228 .

1351 2252 1433 2283 tere.

1394 2312 1443 2341 10.
1460 2311 1597 2349 Rursus„
1620 2309 1648 2341 si
1663 2309 1846 2342 insolubilis
1864 2310 1908 2342 sit
1925 2310 2112 2352 objectate,
2131 2310 2180 2343 illi
2201 2321 2272 2355 rem
2297 2313 2400 2355 expli·

1347 2368 1484 2401 cabilem
1500 2370 1684 2409 annectere,
1706 2371 1804 2410 atque
1818 2369 1865 2402 ita
1883 2378 1924 2402 ex
1941 2378 1980 2402 eo
2002 2370 2091 2411 quod
2108 2371 2266 2413 explicari
2290 2374 2400 2414 potest

1348 2429 1520 2462 solutionis
1539 2433 1651 2472 petere
1664 2430 1881 2463 occasionem.
2102 2424 2106 2427 ⁴

1391 2491 1438 2520 11.
1469 2488 1528 2521 Vel
1559 2489 1691 2521 omnino
1718 2499 1783 2521 non
1811 2489 1919 2522 facere
1950 2489 2135 2522 insolubilis
2165 2489 2393 2532 oblectationis

1344 2548 1555 2589 mentionem,
1574 2548 1602 2580 si
1613 2549 1686 2589 quis
1698 2550 1807 2590 speret
1815 2548 1959 2590 judicem
1972 2548 2057 2581 illius
2075 2557 2148 2582 esse
2156 2549 2309 2582 oblitum.

1388 2611 1436 2639 12.
1448 2607 1507 2640 Vel
1521 2607 1740 2648 concedendo,
1754 2607 1934 2640 adversarii
1948 2608 2148 2640 voluntatem
2159 2607 2392 2650 perstringere.

1387 2720 1435 2750 13.
1450 2718 1511 2750 Vel
1524 2727 1589 2750 non
1602 2718 1726 2751 diserte
1736 2727 1856 2760 ponere
1869 2720 1902 2751 et
1919 2719 2031 2750 tamen
2050 2718 2177 2751 solvere
2191 2720 2320 2751 tentare
2331 2717 2393 2751 ob·
2443 2727 2448 2732 ·

1338 2779 1562 2820 Jectationem‚
1578 2779 1740 2812 solutione
1752 2779 1847 2820 quasi
1865 2779 2066 2811 narrationis
2085 2778 2117 2810 in
2131 2779 2264 2812 modum
2278 2779 2393 2820 adjun-

1342 2839 1406 2878 cta,
1427 2847 1466 2869 ac
1483 2837 1562 2870 dare
1578 2847 1726 2879 operam,
1737 2847 1778 2870 ue
1794 2846 1847 2870 res
1860 2839 2073 2871 controversa
2091 2836 2144 2870 sit.

1385 2899 1433 2929 14.
1458 2898 1519 2929 Vel
1538 2897 1733 2929 vocabulum
1759 2905 1879 2938 ponere
1903 2905 1962 2938 pro
1988 2896 2160 2937 vocabulo,
2178 2897 2278 2938 atque
2293 2896 2341 2929 ita
2362 2897 2392 2929 si

1339 2938 1525 2980 explicabili
1550 2938 1624 2970 voci
1652 2937 1937 2977 adhaerescamus‚
1961 2937 2067 2971 videri
2094 2938 2222 2971 solvere
2242 2937 2383 2980 objecta·

1340 2982 1505 3053 ’101ῃέῃῖἶοί
1519 3030 1577 3062 per
1590 3020 1731 3062 speciem
1740 3020 1886 3062 plurium
1896 3020 2130 3053 solutationum
2145 3021 2388 3054 asserendamm

1333 3079 1462 3121 judices
1482 3079 1646 3112 abducere
1662 3089 1682 3111 a
1697 3078 1786 3111 dicto
1800 3088 1877 3111 vere
1892 3078 2069 3118 insolubili,
2090 3081 2124 3112 et
2140 3079 2249 3121 legum
2272 3079 2387 3115 latoris

1336 3139 1370 3171 in
1385 3140 1448 3172 ista
1469 3140 1538 3181 lege
1554 3139 1729 3172 scribenda
1741 3140 1944 3171 voluntatem
1960 3139 2112 3172 scrutari.

1379 3258 1428 3287 16.
1442 3256 1502 3287 Vel
1517 3255 1546 3288 si
1558 3255 1790 3296 objectationes
1803 3264 1900 3297 pares
1920 3255 1995 3295 sint,
2017 3263 2057 3287 cx
2074 3253 2254 3287 adversarii
2271 3254 2381 3286 crimi-

1333 3312 1464 3346 natione
1480 3314 1594 3356 suique
1604 3315 1885 3347 commendatione
1895 3314 2041 3347 vicissim
2058 3314 2272 3355 interrogare,
2283 3315 2383 3353 atquc

1344 3373 1378 3403 ta
1389 3373 1516 3404 solvere
1533 3373 1782 3414 objectationem
1797 3383 1889 3416 aeque
1906 3383 2038 3415 gravem
2055 3373 2200 3415 quidem,
2221 3371 2277 3404 sed
2293 3371 2381 3404 inso-

1345 3430 1466 3463 ubilem
1486 3432 1603 3465 visam.

1272 3510 1345 3543 388

2603 1254 2606 1261 .
2599 1181 2606 1212 »με
2601 1161 2606 1173 ᾼ.
2598 1118 2606 1152 4η
2596 955 2606 1110 mnu-n
