2638 3840
321 323 391 356 132
1030 307 1359 348 PROTAGORAE
1395 305 1728 345 FRAGMENTA.

324 403 399 449 νίην
422 419 481 441 και
502 403 565 448 τὴν
594 404 628 440 ἐν
646 401 734 439 τοῖσι
757 399 951 436 ἀπολλοῖσι
980 394 1090 439 δόξαν
1119 396 1194 437 Πᾶς
1213 393 1280 445 γάρ
1301 393 1351 438 τίς

321 478 378 512 μιν
406 461 546 513 ὃρέωνθ
561 460 605 499 τὰ
631 457 782 499 ἑωυτοῦ(
801 458 923 495 πένθεα
944 453 1146 526 ἐρρωμένως
1179 453 1340 524 φέροντα,

318 519 558 573 μεγαλόφρονά
577 535 612 557 τε
639 534 697 557 και
719 516 876 568 ἀνδρήιον
896 518 911 542 ⁸
931 513 1045 551 ἐδόκεε
1072 528 1159 551 ειναι
1179 528 1239 550 και
1259 514 1346 550 ἑωυ-

317 583 375 617 τοῦ
394 578 542 631 κρέσσω,
559 577 575 600 “’
604 577 713 629 κάρτα
741 575 837 617 εἰδὼς
858 573 919 619 τὴν
952 571 1102 610 ἑωυτοῦΙ
1137 573 1172 609 ἐν
1201 572 1349 610 τοιοῖσδε

317 636 529 690 πρήγμασιΙι
551 635 766 688 ἀμηχανίην.

371 696 583 747 (Plutarch.
606 693 800 731 Consolat.
833 690 880 728 ad
911 690 1040 741 Apoll.
1063 702 1147 740 cap.
1175 689 1247 739 33,
1268 688 1347 726 vol.

316 755 383 792 Vll
406 768 493 806 pag.
518 755 592 790 360
621 766 700 801 seq.
726 752 784 788 ed.
808 749 964 787 liutten.
1003 745 1215 799 εΠερικλέα
1236 718 1272 784 δὲ
1292 745 1349 784 τὸν

316 813 375 851 καὶ
393 810 587 862 Ὀλύμπιον
609 807 926 861 προσαγορευθέντα
947 806 1003 845 διὰ
1021 807 1083 854 τὴν
1106 806 1185 858 περὶ
1209 806 1267 843 τὸν
1284 804 1348 842 λό-

316 886 375 922 γον
396 871 454 909 καὶ
472 869 531 916 τὴν
554 868 688 907 σύνεσιν
715 866 1026 919 ὑπερὸεὸλημένην
1049 864 1216 915 δύναμιν,
1244 863 1350 903 πυθό-

317 945 434 979 μενον,
454 928 665 981 ἀμφοτέρους
678 928 783 964 αὑτοῦ
811 941 889 969 τους
904 924 995 968 υἱοὺς
1017 895 1276 976 μετηλλαχέναι
1291 923 1348 961 τὸν

317 989 402 1039 βίον,
430 986 589 1038 Πάραλόν
609 1001 645 1023 τε
665 984 724 1023 καὶ
741 984 964 1034 Ξάνθιππον,
986 984 1032 1027 ὥς
1050 998 1135 1036 φησι
1152 981 1350 1034 Πρωταγό-

316 1062 387 1098 ρας,
398 1045 502 1083 εἰπὼν
516 1043 634 1087 οὕτως·
647 1045 729 1082 Τῶν
741 1043 807 1095 γὰρ
824 1042 923 1081 υἱέων
939 1044 1019 1081 κτλ.
1040 1045 1158 1079 τοῦτον
1170 1041 1238 1093 γὰρ
1252 1039 1350 1084 εὐθὺς

317 1104 403 1155 μετὰ
432 1103 494 1150 τὴν
524 1102 782 1154 προσαγγελίαν
803 1101 1006 1154 ἀμφοτέρων
1029 1102 1097 1138 τῶν
1122 1100 1223 1138 υἱέων
1250 1099 1347 1138 οὐθὲν

312 1159 414 1210 ἧττον
433 1161 713 1215 ἐστεφανωμένον
735 1160 825 1198 κατὰ
847 1160 885 1198 τὸ
910 1161 1057 1212 πάτριον
1085 1158 1157 1202 ἔθος
1183 1158 1243 1196 καὶ
1268 1159 1349 1196 λευ-

312 1225 537 1274 χειμονοῦντα
553 1221 776 1272 δημηγορεῖν,
795 1218 922 1271 βουλάς
936 1234 974 1257 τε
995 1218 1184 1270 ἐξάρχοντα
1202 1217 1347 1268 ἀγαθάς,

313 1279 396 1332 πρός
418 1296 454 1318 τε
471 1280 526 1317 τὸν
551 1278 703 1329 πόλεμον
723 1279 1024 1330 ἐπιπαρορμῶντα
1042 1276 1119 1320 τοὺς
1137 1275 1348 1324 Ἀθηναίους.

313 1339 454 1390 Scripsi
470 1343 483 1360 ⁸
505 1337 664 1386 νεηνιέων
685 1337 832 1389 ἐόντων;
855 1337 972 1376 codd.
994 1339 1136 1384 νεηνιῶν
1156 1335 1280 1374 ὄντων.
1301 1358 1350 1364 —

313 1396 329 1420 ¹³
344 1401 444 1450 τῇσι;
472 1397 585 1436 codd.
612 1402 698 1440 ταῖς.
720 1420 774 1425 -
789 1401 804 1418 ⁰
827 1399 880 1444 ἐς,
909 1396 1025 1435 codd.
1048 1397 1108 1439 εἷς.
1127 1417 1180 1424 -
1200 1393 1217 1417 ‘¹
1236 1394 1349 1442 τοῖσι;

312 1456 404 1494 libri
432 1457 514 1499 τοῖς.
536 1459 618 1485 —e
638 1454 768 1506 δρέων;
801 1455 896 1493 libri
929 1457 1030 1507 ὁρῶν.
1065 1477 1118 1482 -
1148 1452 1161 1475 ¹
1195 1454 1348 1499 ἑωυτοῦ;

312 1516 421 1553 codd.
442 1518 577 1554 ἑαυτοῦ.
599 1538 650 1544 -
668 1518 685 1543 ⁸
704 1514 862 1567 ἀνδρήιον
886 1514 1000 1552 ἐδόκεε
1015 1544 1026 1564 ,
1057 1513 1169 1551 codd.
1197 1514 1350 1564 ἀνδρεῖον

310 1575 431 1614 ἐδόκει.
452 1597 504 1603 -
534 1573 551 1597 ¹¹
572 1577 699 1612 ἑωυτοῦ
727 1572 886 1626 κρέσσω,
917 1573 1014 1611 libri
1034 1575 1157 1611 ἑαυτοῦ
1178 1572 1346 1623 κρείσσω.

311 1643 389 1663 —i
413 1636 563 1684 ἑωυτοῦ,
589 1634 700 1672 codd.
725 1635 860 1672 ἑαυτοῦ.
896 1655 949 1662 -
968 1631 984 1654 ¹‘
1004 1631 1207 1685 πρήγμασι,
1232 1632 1346 1671 codd.

310 1691 539 1753 πράγμασι.)

363 1766 395 1790 Δ.
438 1754 502 1790 Ἠν
538 1751 605 1804 γάρ
642 1766 726 1789 ποτε
760 1750 902 1803 χρόνος,
939 1749 994 1788 ὅτε
1033 1749 1103 1788 θεοὶ
1144 1749 1208 1800 μὲν
1241 1743 1348 1797 ησαν,

310 1809 416 1856 θνητὰ
433 1810 467 1847 δὲ
483 1809 565 1861 γένη
580 1810 641 1847 οὐκ
660 1813 717 1856 ἠν.
775 1808 921 1854 Ἐπειδὴ
943 1806 978 1846 δὲ
998 1807 1059 1846 καὶ
1085 1807 1217 1850 τούτοις
1230 1807 1351 1859 χρόνος

308 1863 409 1916 ἦλθεν
438 1868 641 1921 εἱμαρμένος
673 1867 858 1919 γενέσεως,
887 1871 1053 1905 τυποῦσιν
1082 1866 1173 1904 αὐτὰ
1204 1866 1273 1905 θεοι
1289 1882 1352 1916 γης

313 1927 406 1965 ἔνδον
435 1929 474 1965 ἐκ
492 1930 555 1978 γῆς
579 1927 638 1964 καὶ
667 1926 772 1979 πυρὸς
801 1926 957 1976 μίξαντες
984 1925 1043 1964 καὶ
1072 1927 1141 1963 τῶν
1185 1923 1250 1963 ὅσα
1270 1924 1350 1976 πυρὶ

311 1987 370 2024 καὶ
393 1989 438 2038 γῇ
454 1986 670 2037 κεράννυται.
726 1983 875 2030 Ἐπειδὴ
901 1986 931 2022 δ’
953 1983 1049 2035 ἄγειν
1066 1982 1154 2021 αὐτὰ
1167 1983 1253 2035 πρὸς
1275 1986 1346 2035 φῶς

311 2043 479 2094 ἔμελλον,
502 2043 719 2096 προσέταξαν
754 2045 936 2095 Προμηθεῖ
973 2041 1032 2080 καὶ
1064 2041 1258 2090 Ἐπιμηθεῖ
1290 2055 1348 2077 κο-

312 2102 444 2152 σμ’ἧσαί
463 2117 500 2139 τε
519 2101 578 2140 καὶ
603 2107 722 2152 νεῖμαι
749 2100 913 2150 δυνάμεις
946 2098 1104 2142 ἑκάστοις
1130 2100 1176 2141 ὥς
1203 2097 1346 2151 πρέπει.

312 2213 502 2244 vacuitatem
532 2215 564 2243 et
598 2210 854 2251 consequendam
897 2209 982 2250 apud
1018 2209 1202 2249 imperitum
1234 2207 1351 2247 vulgus

312 2272 453 2308 gloriam.
472 2270 663 2310 Quicunque
682 2269 766 2301 enim
792 2268 925 2301 videbat
940 2277 1015 2300 eum
1037 2276 1113 2299 suos
1130 2275 1227 2299 casus
1249 2266 1350 2298 obfir-

314 2333 399 2361 mato
409 2330 514 2361 animo
528 2329 627 2367 serre,
647 2328 885 2369 magnanimum
896 2336 970 2359 eum
986 2328 1165 2367 fortemque
1178 2325 1352 2366 ,iudicabat

313 2397 347 2419 ac
365 2389 463 2419 multo
479 2397 575 2428 quain
597 2387 666 2428 ipse
678 2388 763 2419 esset
776 2387 1048 2428 praestantiorem,
1070 2385 1169 2426 probe
1188 2384 1251 2417 sibi
1273 2393 1350 2416 con-

312 2447 394 2478 scius
408 2455 475 2478 suae
492 2446 524 2477 in
542 2446 595 2478 tali
615 2454 648 2477 re
664 2444 904 2477 imbecillitatis.

355 2508 384 2537 4.
402 2506 483 2536 Nam
503 2505 563 2536 fuit
586 2504 756 2545 aliquando
784 2505 911 2544 tempus
923 2528 932 2541 ,
950 2512 1015 2543 quo
1034 2502 1079 2533 dii
1098 2500 1230 2541 quidem
1249 2500 1351 2540 erant,

315 2565 496 2597 mortalium
511 2566 618 2596 autem
637 2573 753 2604 genera
765 2573 828 2596 non
843 2564 942 2595 erant.
967 2562 1029 2595 Sed
1042 2570 1142 2602 quum
1157 2561 1206 2592 liis
1222 2568 1353 2600 quicque

316 2622 410 2654 fatale
430 2623 639 2662 generationis
666 2624 791 2662 tempus
809 2622 959 2661 venisset,
978 2621 1046 2660 ipsa
1062 2620 1106 2652 dii
1129 2620 1162 2651 in
1183 2608 1278 2651 terroe
1303 2618 1352 2649 vi-

316 2681 455 2712 sceribus
471 2689 490 2712 e
519 2683 602 2712 terra
635 2680 762 2720 ignique
785 2680 944 2711 linxerunt
971 2678 1088 2710 additis
1119 2678 1158 2709 iis
1189 2685 1263 2717 quae
1285 2675 1352 2716 igni

317 2741 475 2778 terraeque
497 2739 686 2770 miscentur.
713 2740 820 2775 Quum
850 2746 927 2769 vero
945 2737 997 2768 illa
1024 2737 1057 2768 in
1076 2737 1180 2768 lucem
1198 2733 1354 2776 prolaturi

319 2798 445 2834 essent,
473 2795 665 2827 mandarunt
691 2795 880 2826 Prometheo
905 2796 1002 2835 atque
1027 2794 1234 2834 Epimetheo,
1256 2795 1292 2825 ut
1318 2801 1355 2824 ea

319 2855 471 2886 ornarent
492 2862 638 2893 viresque
656 2853 789 2894 singulis
811 2854 1037 2885 convenientes
1058 2853 1247 2885 tribuerent.
1272 2853 1353 2884 Pro-

325 2911 486 2943 inetlieum
509 2910 603 2950 igitur
629 2910 835 2949 Epimetheus
853 2910 996 2950 rogavit,
1017 2911 1053 2941 ut
1079 2910 1140 2942 sibi
1160 2909 1354 2942 distribuen-

322 2969 433 3000 darum
451 2968 566 2999 virium
584 2967 744 2999 licentiam
760 2967 862 3007 daret,
882 2967 1070 2999 distributas
1089 2968 1155 3009 ipse
1169 2968 1353 3009 inspiceret.

320 3031 423 3066 Quam
442 3028 603 3060 licentiam
632 3030 797 3059 assecutus
814 3027 866 3059 ille
889 3027 1063 3059 distribuit.
1092 3029 1129 3059 In
1161 3037 1199 3060 eo
1222 3029 1349 3068 negotio

321 3087 513 3128 quibusdam
534 3086 630 3118 robur
644 3086 712 3118 sine
726 3085 890 3118 celeritate
910 3086 1036 3125 indidit,
1060 3087 1120 3118 alia
1136 3095 1239 3127 eaque
1251 3087 1354 3120 imbe-

321 3145 442 3177 cilliora
461 3145 629 3177 velocitate
648 3144 802 3176 instruxit
824 3153 832 3171 =
857 3144 919 3175 alia
944 3145 1091 3185 armavit,
1116 3146 1193 3185 ipsis
1214 3146 1353 3187 denique

325 3203 501 3235 inermibus
514 3203 607 3234 aliam
624 3202 828 3243 expediendae
841 3203 951 3234 salutis
965 3204 1049 3234 viam
1068 3203 1233 3235 inventam
1246 3207 1354 3236 osten-

321 3263 382 3295 dit.
446 3265 526 3300 Quae
552 3263 687 3294 enimin
714 3262 828 3301 exiguo
855 3271 985 3302 corpore
1014 3263 1210 3303 incluserat,
1237 3265 1354 3304 partim

323 3329 375 3359 per
396 3329 500 3352 aerem
519 3321 629 3360 pennis
645 3319 759 3360 attolli,
777 3320 892 3360 partim
906 3320 1063 3351 subterra
1075 3320 1218 3353 habitare
1232 3322 1349 3360 jussit:

322 3387 394 3419 quae
411 3387 487 3410 vero
503 3379 648 3419 corporis
665 3378 883 3418 magnitudine
900 3381 1052 3418 auxerat,
1078 3379 1132 3410 illa
1154 3379 1215 3410 hac
1234 3379 1303 3416 ipsa
1321 3389 1354 3411 re

322 3436 361 3467 ad
393 3437 527 3468 salutem
559 3446 649 3468 snam
686 3437 842 3475 munivit,
870 3437 1049 3477 caeteraque
1078 3437 1124 3468 sic
1156 3438 1357 3477 aequabiliter

324 3494 491 3535 dispertiit.
523 3496 599 3526 llaec
624 3497 730 3527 autem
762 3495 958 3534 excogitavit
980 3495 1124 3535 religiose
1151 3504 1287 3535 cavens,
1318 3504 1357 3527 ne

1415 392 1608 444 Προμηθέα
1631 391 1667 430 δὲ
1690 396 1912 442 παραιτεῖται
1934 388 2149 440 Ἐπιμηθεὺς
2187 390 2294 434 αὐτὸς
2322 390 2449 441 νεῖμαι·
2504 392 2505 396 ’

1411 451 1590 501 νείμαντος
1604 451 1634 489 δ’
1651 452 1753 501 ἐμοῦ,
1775 449 1862 503 ἔφη,
1883 448 2085 501 ἐπίσκεψαι.
2128 448 2199 488 Καὶ
2223 449 2313 488 οὕτω
2328 449 2451 495 πείσας

1410 510 1521 561 νέμει.
1539 509 1667 560 Νέμων
1683 510 1718 547 δὲ
1735 509 1803 552 τοῖς
1815 507 1876 558 μὲν
1895 507 1995 560 ἰσχὺν
2013 506 2092 546 ἄνευ
2108 507 2236 560 τάχους
2254 512 2450 562 προσῆπτε,

1410 569 1454 607 τὰ
1474 570 1504 607 δ’
1522 569 1752 620 ἀσθενέστερα
1775 567 1877 618 τάχει
1908 565 2063 616 ἐκόσμει·
2085 566 2129 605 τὰ
2152 567 2188 605 δὲ
2218 566 2361 616 ὥπλιζε,
2380 571 2451 612 τοῖς

1413 628 1442 667 δ’
1467 628 1596 667 ἄοπλον
1618 627 1728 670 διδοὺς
1747 625 1849 679 φύσιν
1878 625 1989 673 ἄλλην
2012 627 2077 664 τιν’
2101 628 2216 670 αὐτοῖς
2243 628 2451 680 ἐμηχανᾶτο

1411 687 1555 737 δύναμιν
1572 689 1618 731 εἷς
1637 685 1829 738 σωτηρίαν.
1868 683 1909 724 Ἃ
1934 684 1997 736 μὲν
2018 684 2085 738 γὰρ
2106 686 2222 724 αὐτῶν
2243 685 2451 738 σμικρότητι

1412 746 1595 799 ἤμπισγ,ε
1612 746 1740 793 πτηνὸν
1760 744 1870 797 φυγὴν
1902 743 1924 790 ἢ
1949 744 2134 795 κατάγειον
2155 744 2290 792 οἴκησιν
2312 744 2446 795 ἔνεμεν·

1412 805 1434 843 ἃ
1453 805 1481 843 δ’
1499 800 1579 852 ηῧξε
1599 804 1759 855 μεγέθει,
1775 804 1866 842 τῶδε
1898 805 1991 855 αὐτῷ
2017 802 2105 842 αὐτὰ
2124 801 2249 849 ἔσωζε·
2271 803 2332 842 καὶ
2350 798 2454 843 τᾶλλ’

1415 862 1524 906 οὕτως
1541 864 1713 901 ἐπανισῶν
1730 862 1845 912 ἔνεμε.
1860 863 1938 900 Γ
1895 876 1983 901 αυτα
1998 862 2034 900 δὲ
2049 862 2252 914 ἐμηχανατο
2269 861 2453 902 εὐλάὸειαν

1413 925 1501 977 ἔχων
1523 925 1571 975 μή
1594 940 1626 962 τι
1646 923 1743 975 γένος
1763 922 1964 971 ἀϊστωθείη.
2038 923 2184 972 Ἐπειδὴ
2198 925 2234 962 δὲ
2252 925 2369 968 αὐτοῖς
2388 927 2453 964 ἀλ·

1412 985 1648 1036 ληλοφθοριῶν
1681 983 1852 1036 διαφυγὰς
1886 982 2075 1033 ἐπήρκεσε,
2106 982 2192 1035 πρὸς
2219 984 2282 1027 τὰς
2313 985 2353 1022 ἐκ
2369 983 2455 1028 ’Διὸς

1416 1041 1508 1095 ὥρας
1536 1042 1726 1095 εὐμάρειαν
1755 1043 1966 1094 ἐμηχανᾶτο
1985 1041 2171 1094 ἇμφιεννὺς
2193 1041 2282 1080 αὐτὰ
2307 1047 2454 1086 πυκναῖς

1411 1115 1448 1138 τε
1463 1099 1550 1152 θριξὶ
1580 1099 1641 1138 καὶ
1671 1107 1821 1152 στερεοῖς
1851 1099 2033 1153 δέρμασιν,
2060 1101 2192 1144 ἱκανοῖς
2226 1100 2289 1151 μὲν
2319 1104 2454 1153 α’μῦναι

1411 1161 1591 1211 χειμῶνα,
1613 1159 1770 1203 δυνατοῖς
1787 1158 1822 1197 δὲ
1839 1159 1900 1198 καὶ
1918 1158 2107 1209 καύματα,
2130 1159 2190 1197 καὶ
2207 1160 2240 1204 ἐς
2260 1160 2359 1205 εὖνὰς
2378 1161 2454 1199 ἰοῦ·

1411 1232 1465 1254 σιν
1484 1215 1576 1261 ὅπως
1596 1216 1750 1269 ὑπάρχοι
1769 1216 1815 1256 τὰ
1842 1217 1930 1256 αὐτὰ
1959 1221 2069 1255 ταῦτα
2088 1217 2255 1271 στρωμνὴ
2279 1218 2394 1258 οἰκεία
2415 1234 2454 1258 τε

1412 1276 1471 1314 καὶ
1491 1275 1664 1328 αὐτοφυὴς
1684 1275 1842 1328 ἑκάστῳ·
1866 1275 1926 1314 καὶ
1946 1275 2014 1315 ὑπὸ
2031 1277 2147 1314 ποδῶν
2166 1276 2211 1314 τὰ
2231 1277 2295 1327 μὲν
2313 1278 2453 1328 ὁπλαῖς,

1413 1334 1456 1373 τὰ
1474 1333 1509 1372 δὲ
1534 1334 1621 1386 θριξὶ
1640 1334 1701 1372 καὶ
1718 1334 1867 1387 δέρμασι
1889 1340 2039 1386 στερεοῖς
2061 1334 2122 1373 καὶ
2145 1334 2318 1386 ἀναίμοις.
2336 1337 2454 1376 Τοῦν-

1413 1397 1529 1431 τεῦθεν
1560 1392 1687 1447 τροφὰς
1715 1393 1833 1438 ἄλλοις
1864 1394 1972 1438 ἄλλας
2002 1393 2198 1446 ἐξεπόριζε,
2220 1399 2291 1438 τοῖς
2316 1394 2381 1446 μὲν
2410 1396 2453 1434 ἐκ

1413 1455 1476 1503 γῆς
1492 1452 1653 1504 βοτάνην,
1668 1452 1786 1496 ἄλλοις
1801 1451 1837 1490 δὲ
1856 1452 2002 1505 δένδρων
2019 1452 2186 1504 καρπούς,
2202 1459 2272 1497 τοῖς
2286 1452 2322 1492 δὲ
2345 1453 2453 1506 ῥίζας·

1413 1511 1536 1550 ἔστιδ’
1561 1506 1614 1556 ὀἷς
1634 1511 1762 1550 ἔδωκεν
1787 1506 1876 1551 εἶναι
1907 1511 2040 1566 τροφὴν
2069 1511 2167 1565 ζῴων
2189 1507 2305 1552 ἄλλων
2336 1513 2456 1565 βοράν.

1416 1571 1487 1610 Καὶ
1506 1576 1575 1614 τοῖς
1598 1570 1660 1620 μὲν
1677 1571 1894 1623 ὄλιγογονίαν
1914 1573 2099 1624 προσῆψε,
2121 1576 2191 1615 τοῖς
2213 1571 2242 1609 δ’
2265 1573 2452 1611 ἀναλισκο·

1413 1629 1529 1680 μένοις
1556 1629 1623 1668 ὑπὸ
1641 1630 1773 1668 τούτων
1800 1629 2042 1681 πολυγωνίαν,
2075 1628 2252 1682 σωτηρίαν
2280 1632 2331 1683 τῷ
2361 1629 2452 1682 γένει

1413 1687 1576 1740 πορίζων.
1594 1687 1676 1727 “Ave
1698 1687 1739 1735 δὴ
1761 1682 1819 1727 ουν
1837 1689 1874 1727 06
1899 1688 1991 1727 πάνυ
2009 1704 2044 1726 τι
2063 1703 2166 1742 σοφος
2181 1685 2229 1726 ὧν
2248 1691 2267 1727 ὁ
2288 1687 2454 1738 Ἐπιμη-

1413 1746 1488 1790 θευς
1518 1746 1636 1786 ἔλαθεν
1664 1747 1767 1785 αὑτὸν
1795 1746 2050 1790 καταναλώσας
2069 1747 2131 1791 τὰς
2152 1747 2313 1798 δυνάμεις
2338 1748 2386 1790 εἷς
2410 1746 2455 1785 τὰ

1414 1805 1537 1856 ἄλογα.
1561 1805 1693 1844 Λοιπὸν
1707 1806 1787 1852 δὴ’
1768 1805 1966 1857 ακόσμητον
1997 1805 2046 1844 ἔτι
2066 1807 2161 1857 αὐτῷ
2181 1809 2222 1852 ἠν
2247 1820 2287 1844 το
2303 1807 2372 1843 τῶν
2391 1806 2453 1843 ἄν·

1414 1863 1560 1915 θρώπων
1580 1880 1619 1913 γε
1610 1863 1676 1907 ’νος
1691 1893 1701 1910 ,
1727 1864 1788 1902 καὶ
1807 1864 1932 1916 ἠπόρει
1953 1863 1983 1911 ὅ,
1987 1880 2018 1902 τι
2040 1863 2223 1916 χρήσαιτο.
2255 1863 2456 1915 Ἀποροῦντι

1413 1922 1450 1960 δὲ
1465 1922 1596 1975 αὐτῷ’
1579 1938 1718 1975 ερχεται
1734 1921 1943 1974 Προμηθεὺς
1963 1921 2233 1974 ἐπισκεψόμενος
2246 1920 2310 1968 τὴν
2328 1921 2454 1972 νομήν,

1412 1980 1471 2020 καὶ
1485 1983 1551 2034 ὁρᾷ
1563 1981 1607 2020 τὰ
1624 1980 1685 2032 μὲν
1701 1981 1791 2019 ἄλλα
1803 1983 1875 2032 ζῷα
1891 1982 2052 2031 ἐμμελῶς
2067 1979 2203 2024 πάντως
2216 1980 2235 1997 *
2245 1979 2384 2032 ἔχοντα,
2398 1979 2457 2018 τὸν

1417 2038 1454 2078 δὲ
1479 2038 1657 2090 ἄνθρωπον
1677 2039 1806 2091 γυμνόν
1827 2055 1865 2078 τε
1882 2039 1942 2078 καὶ
1960 2039 2173 2086 ἀνυπόδητοι]
2197 2039 2257 2078 καὶ
2278 2039 2455 2091 ἄστρωτον

1412 2097 1473 2136 καὶ
1494 2097 1637 2139 ἄοπλον.
1693 2097 1789 2146 Ἤδη
1808 2098 1844 2136 δὲ
1863 2100 1924 2137 καὶ
1943 2101 1966 2145 ἡ
1986 2098 2182 2151 εἱμαρμένη
2195 2097 2312 2151 ἡμέρα
2322 2099 2457 2151 παρῆν,

1410 2206 1498 2248 quod
1517 2209 1787 2248 exstingueretur.
1811 2209 1985 2247 Postquam
2005 2216 2081 2240 vero
2099 2207 2139 2240 iis
2157 2210 2282 2240 mutuae
2298 2206 2398 2239 caedis
2409 2206 2458 2240 et·

1414 2267 1499 2307 lugia
1514 2267 1671 2308 praebuit,
1689 2268 1825 2308 quatuor
1837 2267 1911 2299 anni
1930 2270 2127 2308 temporum,
2143 2276 2217 2308 quoe
2234 2276 2253 2299 e
2265 2269 2358 2308 Jove,
2375 2267 2458 2300 tole-

1412 2325 1567 2356 rationem
1587 2324 1714 2356 facilem
1732 2323 1848 2363 reddit,
1865 2323 2026 2364 siqnidem
2042 2323 2174 2356 vestivit
2197 2332 2235 2356 ea
2252 2323 2360 2356 demis
2378 2325 2457 2356 setis

1413 2383 1572 2424 durisque
1599 2382 1739 2424 pellibus
1758 2382 1798 2414 ad
1833 2381 2016 2423 pellendam
2036 2382 2164 2423 frigoris
2186 2382 2251 2414 vim
2277 2382 2310 2414 et
2330 2381 2460 2414 ardores

1413 2443 1491 2476 solis
1509 2442 1663 2475 arcendos
1689 2443 1954 2481 accommodatis,
1973 2451 2048 2483 quae
2067 2442 2163 2474 simul
2190 2441 2338 2474 cubitum
2362 2442 2457 2475 ituris

1414 2502 1542 2542 propria
1553 2501 1688 2542 singulis
1701 2504 1734 2533 et
1749 2501 1907 2533 naturalia
1919 2502 2027 2543 essent
2041 2503 2152 2532 strata.
2172 2502 2332 2534 praeterea
2345 2509 2460 2533 eorum

1414 2560 1548 2600 pedibus
1575 2560 1692 2600 partim
1712 2560 1848 2599 ungulas
1873 2559 2019 2598 addidit,
2043 2559 2161 2600 partim
2187 2560 2276 2591 setas
2294 2558 2460 2600 pellesque

1413 2618 1566 2650 callorum
1590 2618 1692 2650 instar
1717 2617 1814 2649 duras
1845 2620 1878 2649 et
1900 2625 2090 2657 exsangues.
2125 2614 2247 2649 Deinde
2281 2616 2354 2648 aliis
2378 2616 2460 2650 alios

1414 2676 1611 2717 comparavit
1631 2673 1760 2717 pastus,
1774 2675 1968 2717 quibusdam
1981 2684 2020 2707 ex
2040 2678 2127 2707 terra
2143 2673 2279 2716 herbas,
2297 2674 2460 2708 nonnuliis

1415 2735 1538 2768 fructus
1554 2735 1724 2774 arborum,
1744 2734 1815 2766 aliis
1840 2734 1989 2773 radicem
2009 2742 2068 2766 nec
2082 2733 2255 2766 deruerunt
2280 2733 2400 2774 quibus
2413 2732 2458 2765 ad

1415 2793 1529 2825 samem
1546 2793 1738 2834 explendam
1758 2793 1821 2825 alia
1839 2792 1989 2824 animalia
2001 2792 2144 2825 voranda
2155 2791 2256 2824 daret.
2292 2792 2456 2824 Caetemm

1417 2852 1595 2885 carnivoris
1610 2852 1804 2885 animalibus
1828 2851 2068 2893 quodammodo
2087 2851 2310 2891 sterilitatem,
2332 2851 2368 2883 at
2382 2849 2458 2883 reli-
2500 2864 2510 2876 ·

1416 2912 1489 2952 quis
1509 2921 1584 2953 quoe
1598 2912 1734 2944 istorum
1751 2911 1868 2952 pabula
1886 2913 1960 2943 sunt
1984 2910 2212 2943 fecimditatem
2235 2909 2360 2951 generis
2376 2917 2455 2942 oon-

1417 2971 1564 3003 servandi
1585 2979 1682 3003 causa
1696 2970 1800 3003 dedit.
1819 2973 1927 3009 Quum
1941 2978 2019 3002 vero
2039 2978 2103 3002 non
2119 2969 2295 3002 admodum
2314 2968 2459 3011 prudens

1414 3031 1502 3063 esset
1516 3029 1738 3071 Epimetheus,
1755 3029 1876 3061 inscius
1889 3028 2058 3060 facultates
2075 3036 2188 3060 omnes
2211 3028 2246 3060 in
2267 3027 2364 3060 bruta
2390 3027 2458 3060 ani-

1415 3089 1509 3120 malia
1529 3088 1683 3129 profudit.
1708 3087 1867 3126 Quocirca
1886 3085 2030 3118 restabat
2049 3085 2078 3119 ei
2097 3085 2205 3118 adhuc
2225 3085 2392 3118 hominum
2405 3093 2458 3126 ge-

1416 3156 1475 3179 nus
1490 3147 1576 3179 nulla
1595 3155 1629 3179 re
1644 3146 1838 3178 instructum
1850 3168 1860 3185 ,
1882 3144 2020 3185 ideoque
2044 3144 2123 3184 quid
2147 3146 2258 3184 ageret
2268 3143 2455 3177 nesciebat.

1415 3206 1582 3239 Dubitanti
1594 3206 1779 3247 supervenit
1807 3204 2017 3237 Prometheus
2033 3204 2236 3245 partitionem
2252 3203 2338 3236 illam
2356 3204 2459 3236 consi·

1415 3265 1603 3304 deraturus,
1626 3264 1769 3305 viditque
1791 3266 1907 3296 caetera
1924 3263 2074 3295 animalia
2099 3262 2192 3303 plane
2220 3263 2376 3295 concinne
2398 3271 2456 3295 ve·

1415 3322 1503 3363 stita,
1528 3323 1688 3355 hominem
1716 3325 1822 3355 autem
1850 3321 1992 3361 nudum,
2022 3321 2272 3360 discalceatum,
2297 3321 2470 3354 intectum'

1416 3382 1514 3421 atque
1544 3382 1711 3414 inermem.
1747 3382 1820 3413 Jam
1852 3389 1929 3412 vero
1963 3383 1995 3412 et
2023 3379 2128 3412 fatalis
2159 3379 2269 3412 aderat
2289 3379 2372 3419 dies,
2391 3387 2457 3421 quo

1397 3449 1400 3452 ⁴
1416 3439 1584 3479 oportebat
1600 3439 1762 3470 hominem
1781 3447 1911 3479 quoque
1935 3447 1953 3469 e
1971 3438 2056 3469 terra
2079 3437 2111 3469 in
2128 3437 2235 3468 lucem
2253 3437 2317 3468 edi.
2344 3438 2455 3474 Quum

1419 3496 1514 3536 igitur
1534 3497 1674 3527 incertus
1686 3498 1767 3528 esset
1789 3497 2019 3534 Prometheus,
2037 3503 2133 3536 quam
2148 3494 2334 3527 hominibus
2359 3494 2456 3527 terret
2481 3528 2485 3532 .
