2606 3828
301 254 320 287 ³
328 253 375 285 76
565 299 567 302 v
1046 244 1350 286 CYNICORUM
1379 246 1441 287 FB
1450 246 1714 290 AGMENTA.

295 337 376 386 γ’ῆν,
397 334 455 373 καὶ
486 334 596 382 ἄλλην
618 333 782 387 κοπρίαν,
800 332 951 372 κᾶπειτα
972 332 1080 370 ἐλθὼν
1109 335 1156 376 εἰς
1187 333 1342 387 Δελφοὺς

298 394 483 446 ἀνηρώτα,
503 393 578 441 ἥτις
603 393 669 445 ἄρα
690 392 772 431 ποτὲ
795 393 888 442 αὐτῷ
908 387 950 437 ἦν
971 393 993 438 ἡ
1014 390 1162 444 πατρῴα
1190 392 1339 445 κοπρία,

296 452 358 492 καὶ
384 451 459 499 ἥτις
489 453 591 491 αὐτὸν
617 455 660 503 γῆ
683 451 815 495 δέξεται
839 449 1069 489 ἀποθανόντα.
1129 452 1254 489 Ταῦτα
1278 450 1341 502 μὲν

297 527 357 550 ουν
372 511 452 563 περὶ
471 513 539 549 τῶν
559 526 727 557 ποιητων.

351 569 550 622 <Eusebius
586 566 1037 619 P1ae1›Evang.lib.v
1065 580 1150 619 cap.
1189 559 1337 621 3'2-33‚

295 642 385 683 pag.
419 643 492 677 227
530 632 564 666 D
588 641 694 678 seqq.
719 627 778 664 ed.
804 626 934 676 Viger
971 627 1066 678 [vol.
1097 627 1113 664 l
1146 640 1232 678 pag.
1265 629 1340 671 480

297 703 408 740 seqq.
442 688 504 727 ed.
537 686 752 736 Gaissord.]
784 685 911 723 Pauca
942 685 1007 723 hic
1039 686 1232 724 notanda:
1252 689 1267 707 ³
1288 686 1338 726 cf.

295 748 533 786 Theodoret.
556 746 680 782 Graec.
699 745 824 782 affect.
847 744 919 784 lib.
943 744 988 791 X,
1006 758 1095 796 pag.
1122 750 1208 792 ¹4¹,
1235 759 1284 782 20
1305 754 1342 783 et

295 806 472 845 Valerius
505 805 695 842 Maximus
729 803 796 850 Vl,
834 804 869 840 3.
909 803 1048 842 Suidas
1083 818 1092 841 ι
1136 803 1340 856 Ἀρχίλοχον

297 865 446 912 ποιητὴν
466 864 619 914 γενναῖον
641 863 752 901 τᾶλλα
766 892 775 909 ,
800 861 832 900 εἴ
858 878 909 905 τις
929 864 1032 900 αὐτοῦ
1061 862 1100 900 τὸ
1135 862 1341 915 αἷσχροεπὲς

297 923 357 963 καὶ
377 923 414 961 τὸ
434 922 660 975 κακόῤῥημον
690 921 811 974 ἀφέλοι
843 922 919 959 κτλ.
935 943 989 950 -
1003 920 1020 944 ¹³
1039 921 1191 974 στεφέων
1223 923 1339 974 ἱερῶν]

296 981 434 1021 Suidas
451 995 460 1018 ε
478 980 576 1025 νίκας
597 980 632 1018 δὲ
654 979 764 1018 εἵλετο
783 978 903 1026 πέντε,
923 979 985 1023 τὰς
1002 979 1063 1030 μὲν
1080 980 1255 1032 τέσσαρας
1274 996 1342 1019 πε-

298 1040 393 1093 ριών,
421 1039 483 1087 τὴν
513 1039 549 1077 δὲ
581 1038 664 1088 μίαν
688 1037 777 1088 μετὰ
812 1037 991 1086 τελευτήν,
1014 1037 1275 1088 ἐπιδειξαμένου
1304 1037 1342 1077 τὸ

297 1100 414 1151 δρᾶμα
439 1100 499 1136 τοῦ
525 1098 723 1150 ἀδελφιδοῦ.
744 1118 796 1126 —
814 1101 828 1119 ⁰
850 1098 1017 1148 ἀμαυρῶν
1049 1096 1175 1144 ἠελίων
1198 1095 1338 1151 δισσῶν]

295 1157 469 1205 intellige
497 1156 700 1194 oculorum
726 1155 897 1202 lumina3
917 1168 1004 1193 nam
1033 1164 1201 1206 utroque
1227 1156 1341 1194 oculo

297 1224 430 1267 captus
451 1215 570 1254 fuisse
587 1215 707 1252 fertur
724 1215 924 1253 Homerus.
935 1236 988 1243 —
1002 1212 1018 1236 ‘¹
1032 1213 1123 1253 Vid.
1145 1215 1341 1253 Plutarch.

295 1275 343 1312 de
361 1275 433 1313 vit.
456 1274 569 1311 Hom.
594 1273 662 1312 Ic.
677 1276 795 1318 4.—‘³
816 1273 1085 1312 Theodoretus
1104 1274 1131 1311 l.
1149 1286 1205 1313 c.:
1226 1273 1266 1312 τὸ
1279 1273 1342 1324 μὲν

298 1332 354 1370 διὰ
364 1332 427 1379 τὴν
442 1331 691 1384 ἐπιγενομένην
705 1331 918 1385 τυφλότητα,
933 1332 972 1370 τὸ
986 1330 1021 1370 δὲ
1036 1331 1094 1369 διὰ
1109 1333 1172 1377 τὴν
1186 1323 1340 1379 ποίησιν.

294 1414 348 1420 --
367 1389 547 1430 ῐΜουσῶν
578 1389 755 1443 θεράπων]
787 1390 925 1429 Suidas
954 1403 994 1427 v.
1029 1388 1248 1442 Ἀρχίλοχος.
1285 1412 1340 1420 —

295 1449 547 1487 ⁸Archilochi
568 1449 855 1486 interfectorem
873 1448 1014 1486 Suidas
1025 1457 1063 1486 et
1082 1449 1149 1486 alii
1168 1463 1248 1486 non
1268 1450 1342 1487 Ar-

297 1509 447 1556 chiam,
470 1517 513 1546 ut
539 1508 783 1556 Oenomaus,
818 1507 884 1544 sed
917 1507 1143 1545 Callondam
1177 1516 1341 1554 vocant,

299 1567 532 1617 cognomine
555 1567 752 1604 Coracem.
767 1566 1000 1604 Plutarchus
1013 1566 1060 1604 de
1074 1579 1158 1604 sera
1172 1568 1344 1606 numinis

296 1627 469 1664 vindicta
487 1640 519 1663 c.
545 1640 607 1674 17,
629 1639 667 1676 p.
694 1625 770 1662 560
786 1624 846 1662 E:
874 1628 891 1663 ὁ
918 1624 985 1675 γὰρ
1020 1624 1229 1667 ἀποκτείνας
1247 1625 1281 1662 ἓν
1300 1627 1343 1677 τῇ

298 1701 349 1736 μα
351 1701 398 1737 [η
415 1685 616 1738 Ἀρχίλοχον
637 1685 796 1722 ἐκαλεῖτο
814 1682 1076 1730 Καλλώνδης,
1059 1698 1104 1725 ως
1121 1682 1242 1721 ἔοικεν·
1257 1686 1298 1729 ἠν
1314 1684 1344 1721 δ’

297 1746 393 1797 αὐτῷ
408 1743 564 1795 Κόραξ’
549 1742 759 1793 επωνύμιον.
806 1741 1015 1788 Ἐκὸληθεις
1029 1741 1063 1779 δὲ
1078 1741 1116 1779 τὸ
1127 1757 1263 1794 πρωτον
1276 1742 1344 1781 ὕπὸ

296 1807 359 1851 τῇς·
388 1803 579 1851 Πυθίας,ε
561 1819 607 1847 ως
627 1802 718 1855 ἱερὸν
742 1801 849 1856 ἄνδρα
873 1818 941 1839 των
964 1801 1115 1841 Μουσῶν
1139 1802 1340 1854 ἀνῃρηκώς,

299 1867 375 1902 εἶτα
394 1862 613 1915 χρησάμενος
631 1863 743 1904 λιταῖς
762 1877 832 1900 τισι
850 1877 908 1899 και
929 1866 1164 1913 προστροπαῖς
1185 1877 1227 1909 με
1213 1861 1273 1898 at&
1291 1862 1344 1899 δι-

300 1921 520 1972 καιολογίας,
538 1919 723 1967 ἐκελεύσθη
739 1919 894 1971 πορευθε
889 1935 916 1962 ις
938 1919 995 1957 ἐπὶ
1016 1919 1078 1965 τὴν
1100 1934 1159 1956 του
1180 1919 1346 1971 Ἰέττιγος

298 1981 433 2027 οἴκησιν
469 1978 660 2017 ἱλάσασθαι
701 1978 764 2025 τὴν
799 1981 860 2015 τοῦ
896 1977 1099 2030 Ἀρχιλόχου
1130 1977 1260 2029 ψυχήν.
1295 2000 1346 2008 —-

298 2039 314 2062 ¹¹
327 2040 470 2078 Versus
485 2047 567 2076 erat
582 2053 590 2075 :
612 2037 787 2076 Μουσάων
806 2036 1001 2088 θεράποντα
1019 2036 1245 2083 κατέκτανες,
1263 2035 1345 2080 ἔξιθι

297 2102 396 2146 νηοῦ.
419 2120 472 2127 ——
492 2094 499 2116 ¹
519 2096 668 2147 Scripsi
689 2095 791 2139 αὐτὸς
809 2096 855 2137 εἷς
878 2094 975 2136 κλέος
992 2094 1135 2147 ὄρουσεν
1158 2107 1243 2131 cum
1275 2093 1340 2131 Vi-

298 2171 413 2207 gero3
436 2155 551 2194 codd.
576 2155 679 2192 αὐτοῦ
701 2153 801 2196 κλέος
819 2152 974 2205 ὄρουσεν.
997 2180 1048 2186 -
1067 2151 1084 2173 ¹¹
1104 2151 1143 2190 τὸ
1164 2151 1343 2204 κρείττονα

298 2221 432 2269 φρονεῖν
453 2228 539 2253 cum
560 2214 695 2252 eodem
711 2228 722 2260 3
738 2212 835 2250 libri
856 2211 900 2250 τὰ
921 2211 1103 2264 κρείττονα
1123 2211 1274 2264 φρονεῖν.
1290 2232 1344 2240 -

300 2275 473 2321 ’ποιητῶν
494 2287 581 2311 cum
603 2272 760 2319 uodem3
781 2271 894 2309 codd.
915 2273 1067 2308 πυκτῶν.
1083 2292 1137 2300 —
1154 2274 1180 2291 ¹¹¹
1206 2270 1346 2307 Pausa·

299 2335 384 2372 nias
402 2333 474 2373 lib.
492 2332 627 2405 Xcap.
649 2336 728 2374 24·
745 2331 887 2368 θεάσαιο
907 2330 937 2367 δ’
955 2328 995 2366 ἂν
1017 2329 1077 2368 καὶ
1096 2327 1212 2367 εἰκόνα
1231 2327 1346 2378 Ὁμή·

302 2410 360 2446 ρου
387 2393 560 2445 χαλκην’
546 2405 603 2428 επι
631 2388 882 2441 στήλῃ,καὶε
869 2387 1016 2433 ἐπιλέξει
1048 2388 1086 2426 τὸ
1120 2388 1302 2438 μάντευμα
1330 2385 1349 2424 ὃ

302 2451 459 2503 γενέσθαι
479 2467 528 2502 τῳ
549 2448 700 2501 εΟμήρῳ
718 2448 887 2499 λέγουσιν
903 2445 1031 2485 'Oxeas
1063 2462 1121 2485 και
1142 2445 1347 2496 δύσδαιμον,

301 2510 382 2563 ἔφυς
413 2512 481 2561 γὰρ
513 2508 565 2547 ἐπ’
596 2506 847 2559 ἀμφοτέροισι,
868 2506 1020 2557 πατρίδα
1056 2505 1196 2551 δίζηαι,
1224 2519 1348 2555 μητρις

307 2570 345 2607 δέ
360 2583 431 2615 τοι,
452 2568 491 2605 οὗ
510 2565 634 2620 πατρίς
667 2567 773 2604 ἐστιν.
830 2561 955 2602 Ἔστιν
986 2562 1056 2607 ’Ίος
1083 2567 1185 2610 ν’ῆσος
1217 2563 1347 2615 μητρὸς

303 2626 447 2678 πατρίς,
465 2625 489 2672 ἥ
507 2642 546 2664 σε
574 2624 720 2662 θανόντα
742 2622 897 2670 δέξεται,
919 2622 1010 2660 ἀλλὰ
1028 2638 1064 2661 νε
1056 2622 1113 2660 ’ων
1137 2621 1270 2660 παίδων
1293 2621 1347 2659 αἴ-

306 2701 414 2736 νιγμα
446 2683 607 2737 φύλαξαι.
664 2683 759 2720 Vide
782 2692 820 2720 et
852 2682 1051 2720 Plutarch.
1084 2682 1157 2720 vit.
1187 2681 1344 2720 Homer.

304 2759 339 2784 c.
361 2751 399 2790 4,
417 2744 497 2781 vol.
517 2741 604 2780 XIV
620 2756 657 2793 p.
679 2746 752 2789 477
769 2741 831 2778 ed.
852 2740 1025 2792 Hutten.)

1457 350 1501 377 12.
1532 336 1634 378 Ἐπεὶ
1655 337 1690 377 δὲ
1712 339 1750 377 οὗ
1773 337 1897 390 μόνους
1917 338 2063 386 ποιητὰς
2081 338 2149 388 ἤδη
2167 339 2204 380 δὲ
2228 340 2288 381 καὶ
2310 341 2445 388 πύκτας

1402 395 1462 434 καὶ
1484 396 1635 443 ἀθλητὰς
1652 400 1670 436 ὃ
1688 397 1880 447 θαυμάσιος
1906 396 1979 441 θεὸς
2010 395 2068 435 διὰ
2092 400 2161 436 τῶν
2190 398 2326 438 οἰκείων
2348 415 2442 453 χρη-

1402 455 1502 505 σμῶν
1537 454 1734 503 ἐξεθέωσεν,
1756 455 1895 500 εἰκότως
1927 471 1986 506 μοι
2019 457 2114 495 δοκεῖ
2134 455 2195 496 καὶ
2219 461 2331 497 ταῦτα
2357 461 2444 499 ἀπε·

1402 512 1538 566 λέγχειν
1563 517 1582 553 ὁ
1602 515 1838 566 δεδηλωμένος
1860 514 1993 560 τούτοις
2011 520 2084 559 τοῖς
2103 515 2269 569 ῥήμασιν·

1455 594 1510 640 ὟΩ
1533 602 1632 646 εἰδὼς
1651 601 1799 656 ψάμμου
1821 602 1854 642 τ’
1871 602 2028 655 ἀριθμόν,
2042 602 2101 641 καὶ
2121 601 2232 656 μέτρα
2252 604 2447 655 θαλάσσης,

1457 660 1517 699 καὶ
1537 665 1653 715 κωφοῦ
1672 659 1794 706 ξυνιείς
1806 691 1817 712 ,
1836 663 1896 700 καὶ
1916 662 1966 712 μὴ
1989 661 2171 706 λαλέοντος
2190 661 2341 703 ἀκούων.

1406 753 1488 794 Εἴθε
1508 753 1638 807 ὤφελες
1658 754 1702 792 τὰ
1724 754 1786 805 μὲν
1808 758 1954 794 τοιαῦτα
1971 754 2089 795 πάντα
2109 756 2257 806 ἀγνοεῖν,
2277 756 2388 795 tacetve
2411 755 2450 796 δὶ

1405 812 1548 861 εἰδέναι,
1562 812 1614 851 ὅτι
1634 815 1655 859 ἡ
1677 811 1827 860 πυκτικὴ
1842 815 1904 860 τῆς
1921 815 2148 861 λακτιστικῆς
2166 813 2264 853 οὐδὲν
2282 813 2463 867 διαφέρει,

1401 871 1447 911 ἵν’
1468 871 1490 919 ἢ
1510 870 1571 910 καὶ
1590 870 1667 915 τοὺς
1688 871 1784 916 ὄνους
1805 870 2108 921 ἀπηθανάτους,ἢ
2130 872 2219 923 μηδὲ
2235 873 2450 924 Κλεομήδην

1405 928 1540 976 πύκτην
1560 934 1575 952 ⁰
1595 929 1852 969 Ἀστυπαλαιέα
1866 960 1877 981 ,
1899 930 2008 981 λέγων
2028 930 2156 975 οὕτως·

1457 1022 1634 1068 ”Υστατος
1653 1021 1802 1076 Ἡρώων
1824 1023 2032 1073 Κλεομήδης
2048 1024 2340 1075 Ἀστυπαλαιεύς,

1459 1082 1494 1121 ὃν
1517 1082 1650 1126 θυσίαις
1666 1082 1784 1133 τιμᾶθ’
1805 1084 1851 1125 ὥς
1871 1084 1934 1121 οὐκ
1952 1081 2002 1121 ἔτι
2022 1082 2143 1130 θνητὸν
2164 1084 2277 1123 ε’όντα.

1405 1174 1474 1214 Διὰ
1506 1175 1539 1214 τί
1564 1175 1651 1228 γάρ,
1666 1169 1695 1214 ὦ
1716 1173 1841 1229 πάτριε
1859 1178 1928 1215 τῶν
1948 1175 2129 1223 Ἑλλήνων
2150 1176 2323 1229 ἐξηγηταί,
2342 1176 2390 1222 ὥς
2411 1192 2451 1216 σε

1406 1235 1506 1273 καλεῖ
1537 1235 1690 1274 Πλάτων
1709 1234 1740 1283 ¹³,
1770 1235 1920 1280 ε’θέωσας
1945 1235 2003 1274 τὸν
2033 1235 2144 1288 ἄνδρα
2163 1240 2308 1285 τοῦτον;
2329 1235 2380 1278 Ἢ
2398 1236 2452 1276 ὅτι

1406 1292 1627 1343 Ὀλυμπίασι
1659 1295 1780 1348 πληγῇ
1811 1301 1875 1347 μιᾷ
1914 1293 2070 1339 πατάξας
2098 1294 2157 1334 τὸν
2188 1296 2450 1348 ἀνταγωνιστὴν
2497 1323 2501 1328 -

1408 1352 1536 1406 ἀνέῳξε
1563 1352 1626 1400 τὴν
1658 1353 1812 1406 πλευρὰν
1840 1355 1967 1400 αὐτοῦ,
1987 1354 2047 1392 καὶ
2071 1353 2236 1404 ἐμὸαλὼν
2257 1354 2323 1403 τὴν
2347 1356 2451 1409 χεῖρα

1407 1411 1553 1451 ἐλάὸετο
1572 1415 1635 1451 τοῦ
1664 1411 1878 1462 πνεύμονος;
1898 1411 2082 1460 Ἄπολλον,
2104 1412 2258 1458 ἀξιοθέου
2289 1412 2411 1467 ἔργου·
2426 1412 2450 1460 ἢ

1407 1473 1444 1509 οὗ
1468 1469 1587 1521 μόνον,
1609 1470 1701 1509 ἀλλὰ
1726 1470 1786 1509 καὶ
1819 1471 1871 1509 ὅτι
1903 1471 2153 1524 προστιμηθεὶς
2183 1470 2361 1526 τεσσάρων
2387 1486 2451 1510 τα·

1407 1529 1542 1568 λάντων
1563 1529 1692 1580 ζημίαν
1714 1530 1772 1568 ἐπὶ
1791 1529 1904 1583 τούτῳ
1923 1531 1989 1582 οὐχ
2007 1530 2139 1578 ὑπέστη
2150 1560 2162 1582 ,
2179 1530 2259 1569 ἀλλ’
2274 1531 2334 1569 ὕπ’
2347 1531 2455 1584 ἀχθη-

1408 1588 1503 1632 δόνος
1523 1588 1584 1627 καὶ
1607 1588 1824 1642 βαρυθυμίας
1844 1588 1998 1640 ἐνήρεισε
2017 1589 2076 1628 τὸν
2107 1589 2216 1639 θυμον
2240 1594 2313 1634 τοῖς
2338 1591 2373 1628 ἐν
2398 1592 2453 1643 τῷ

1408 1646 1639 1700 διδασκαλείῳ
1660 1647 1784 1694 παισί,
1805 1646 1863 1686 τὸν
1895 1647 1992 1686 κίονα
2021 1648 2241 1700 ὑφελκύσας,
2270 1647 2307 1692 ὃς
2333 1650 2452 1700 ἀνεῖχε

1408 1704 1472 1752 τὴν
1493 1705 1645 1757 στέγην,
1660 1699 1753 1758 Ἆρ’,
1773 1722 1802 1744 ω
1826 1706 1985 1756 θεοποιέ,
2006 1707 2063 1746 διὰ
2082 1708 2182 1745 ταυθ’
2203 1710 2284 1757 ὑμῖν
2302 1709 2322 1745 ὁ
2340 1709 2451 1747 Κλεο-

1410 1763 1524 1814 μήδης
1552 1764 1717 1816 τιμητέος
1754 1765 1866 1813 ἐστίν,
1897 1764 1951 1805 H
1983 1768 2122 1805 κάκεῖνο
2153 1765 2382 1817 προσθήσεις,
2413 1766 2453 1805 τὸ

1408 1823 1522 1875 ἕτερον
1555 1823 1682 1876 δεῖγμα
1718 1826 1780 1870 τῇς
1812 1824 1943 1862 ἐκείνου
1974 1823 2133 1876 ἀνδρείας
2156 1823 2233 1875 ἅμα
2257 1824 2317 1863 καὶ
2337 1828 2452 1877 θεοφι-

1409 1883 1506 1931 λίας,
1525 1882 1578 1921 ὅτι
1608 1883 1650 1930 δὴ
1674 1882 1785 1933 ἐμὸὰς
1817 1885 1864 1927 εἰς
1891 1882 1982 1935 ἱερὸν
2009 1882 2184 1930 κιὸώτιον,
2204 1881 2322 1922 καὶτὸ
2341 1884 2452 1933 πῶμα

1409 1941 1649 1993 ἐπαγόμενος,
1672 1942 1827 1989 ἄληπτος
1859 1941 1994 1991 εγένετο
2014 1946 2088 1984 τοῖς
2113 1940 2300 1989 διώκουσι,
2321 1955 2452 1994 πειρω-

1409 2000 1523 2050 μένοις
1540 2000 1643 2039 αὐτὸν
1664 1999 1864 2048 ἐξελκύσαι;
1879 1994 1933 2038 ’ΨΩ
1949 1999 2172 2050 Κλεόμηδες,
2190 1995 2258 2053 ἀρα
2277 1999 2372 2052 ἥρως
2389 2002 2453 2039 οὒκ

1406 2058 1459 2097 ἔτι
1501 2058 1646 2106 θνητός;
1681 2062 1737 2097 οῖα
1769 2058 1813 2097 τὰ
1846 2058 2091 2110 μηχανήματα
2131 2058 2241 2129 ὑπὲρω
2264 2058 2455 2104 ἀθανασίας

1407 2118 1552 2171 ἐξευρες.
1609 2114 1784 2174 ᾜσθοντο
1802 2121 1883 2169 γοῦν
1911 2118 2033 2161 εὐθέως
2053 2119 2085 2156 οἱ
2104 2116 2174 2155 θεοὶ
2198 2119 2260 2164 τῆς
2282 2119 2456 2170 ἀγαθουρ-

1408 2178 1486 2228 γίας
1499 2208 1510 2226 ,
1529 2177 1590 2216 καὶ
1609 2176 1842 2230 ἀνηρείψαντό
1861 2191 1918 2215 σε·
1939 2174 2060 2228 ὥσπερ
2083 2177 2114 2214 οἱ
2133 2179 2194 2214 τοῦ
2213 2174 2374 2228 Ὁμήρου
2393 2175 2452 2215 τὸν

1408 2234 1635 2285 Γανυμήδην·
1654 2234 1747 2273 ἀλλὰ
1772 2234 1830 2273 τὸν
1858 2234 1921 2284 μὲν
1949 2234 2006 2271 ἐπὶ
2027 2235 2077 2285 τῷ
2096 2233 2243 2281 κάλλει,
2266 2233 2305 2272 σὲ
2329 2233 2367 2273 δὲ
2392 2234 2452 2274 ἐπὶ

1409 2310 1454 2354 τη
1471 2293 1590 2353 ἰσχύϊ,
1608 2293 1748 2340 καὶτῆς
1763 2292 1882 2344 ἰσχύος
1901 2308 1943 2344 τῃ
1972 2291 2099 2343 χρήσει
2123 2294 2169 2344 τῇ
2189 2292 2315 2344 ἀγαθῇ.
2369 2291 2454 2333 Εἴθε

1410 2355 1482 2401 οὖν,
1498 2354 1528 2390 ὠ
1558 2350 1687 2403 μάντι,
1713 2353 1759 2394 ὣς
1787 2351 1886 2423 ἔφην,
1916 2350 2019 2393 ἐάσας
2049 2349 2113 2395 τὴν
2142 2349 2287 2402 ψάμμον
2306 2350 2365 2390 καὶ
2389 2349 2455 2399 τὴν
2481 2401 2486 2405 .

1411 2409 1541 2461 ἅλμην,
1563 2411 1638 2448 ἀντ’
1661 2410 1774 2447 αὐτῶν
1811 2410 1844 2446 ε’
1830 2408 1994 2458 ζέμαθες,
2025 2408 2154 2447 ὁπόσου
2179 2408 2273 2454 ἄξιόν
2310 2411 2403 2448 ἔστιν
2429 2412 2453 2458 ἡ

1411 2468 1586 2515 πυκτική,
1605 2467 1663 2506 ἵνα
1694 2468 1755 2508 καὶ
1785 2467 1863 2511 τοὺς
1889 2466 2070 2511 πύκτας”
2049 2483 2144 2512 ονους
2168 2467 2263 2511 θεοὺς
2283 2467 2455 2518 ἐνόμιζες,

1411 2527 1471 2566 καὶ
1490 2526 1569 2571 τοὺς
1589 2527 1756 2579 ὄνάγρους
1774 2529 1842 2565 τῶν
1862 2529 1947 2564 θεῶν
1971 2525 2050 2570 τοὺς
2074 2526 2236 2579 ἀρίστους
2248 2542 2257 2551 ·
2273 2526 2332 2565 καὶ
2348 2521 2392 2574 ἦν
2411 2527 2454 2566 ἄν

1410 2602 1443 2624 τι
1463 2587 1587 2625 οἰκεῖον
1604 2586 1719 2637 λόγιον
1734 2588 1789 2624 ἐπ’
1808 2585 2015 2625 ἀποθανόντι
2035 2586 2174 2638 ὀνάγρῳ
2192 2586 2340 2636 μᾶλλον,
2359 2585 2454 2633 ἢέπὶ

1410 2647 1460 2697 τῷ
1481 2646 1531 2697 σῷ
1551 2643 1692 2696 πύκτῃ,

1463 2737 1609 2789 Ἔξοχος
1627 2738 1807 2776 ἀθανάτων
1827 2739 1902 2781 ὄνος
1921 2736 2038 2791 ἄγριος
2051 2767 2062 2786 ,
2081 2738 2120 2776 οὗ
2143 2735 2374 2790 Κλεομήδης,

305 2893 462 2928 stercore,
479 2887 566 2919 unde
581 2887 678 2918 natus
694 2886 836 2927 primum
852 2887 956 2925 esset,
971 2888 1027 2917 aut
1046 2885 1171 2918 viveret
1193 2887 1250 2918 aut
1270 2894 1349 2918 con-

305 2948 502 2987 senesceret,
519 2945 573 2978 sed
594 2945 700 2977 infesti
729 2944 817 2976 venti
836 2947 892 2975 aut
910 2942 1067 2975 daemonis
1084 2944 1220 2984 alieuJ'us
1245 2953 1349 2976 scara-

306 3007 392 3040 beis·
402 3004 571 3047 perniciosi
589 3003 708 3043 impetu
722 3026 732 3043 ‚
750 3003 844 3033 allam
864 3003 896 3033 in
914 3001 1075 3042 regionem
1094 3003 1191 3043 atque
1214 3002 1301 3034 aliud
1318 3002 1352 3034 in

307 3070 430 3100 stercus
445 3063 592 3111 sublimis
611 3063 774 3102 raperetur
792 3073 799 3092 :
815 3061 907 3101 isque
924 3062 1035 3102 postea
1052 3070 1092 3093 ex
1107 3062 1263 3102 Delphico
1281 3070 1352 3094 ora-

308 3126 381 3158 culo
405 3124 586 3165 quaereret,
606 3120 769 3162 quodnam
792 3120 929 3161 patrium
952 3119 1011 3151 sibi
1041 3121 1164 3152 stercus
1191 3119 1303 3152 fuisset
1320 3121 1353 3152 et

309 3192 382 3225 quae
394 3184 480 3215 terra
491 3181 653 3212 mortuum
671 3181 843 3219 exceptura
857 3177 952 3209 esset.
997 3178 1077 3209 Haec
1090 3177 1184 3217 igitur
1197 3176 1237 3209 de
1252 3177 1353 3217 poetis

311 3244 396 3275 dicta
416 3240 587 3274 sufficiant.

355 3304 403 3333 12.
428 3298 587 3337 Quoniam
600 3306 676 3331 veru
691 3305 755 3328 non
773 3298 884 3337 poetas
902 3295 1007 3327 solum
1018 3319 1028 3335 ,
1046 3294 1100 3327 sed
1117 3294 1240 3336 pugiles
1256 3294 1353 3326 etiam

311 3361 408 3400 atque
425 3357 561 3390 athletas
582 3356 615 3388 in
637 3355 772 3387 deorum
789 3362 924 3386 numero
948 3353 1015 3384 suis
1040 3353 1179 3385 oraculis
1201 3353 1354 3385 mirabilis

312 3417 366 3450 ille
396 3415 475 3448 deus
503 3414 647 3455 reposuit
658 3436 667 3449 .
682 3413 754 3453 jure
782 3411 860 3444 milii
889 3410 1013 3443 videtur
1033 3411 1102 3442 haec
1133 3402 1261 3452 quoque
1288 3412 1355 3452 eius

315 3474 415 3508 verba
432 3475 618 3505 Oenomaus
634 3471 720 3503 hunc
734 3470 767 3503 in
784 3470 916 3502 modum
930 3469 1141 3510 redarguere:

1453 2886 1517 2924 Qui
1532 2886 1630 2927 pelagi
1643 2886 1722 2918 fines
1738 2893 1973 2925 numerumque
1982 2884 2119 2926 jacentis
2131 2893 2237 2917 arenae

1453 2947 1485 2978 et
1500 2946 1580 2978 muti
1593 2954 1708 2978 sensus
1721 2945 1886 2986 cognosti,
1899 2944 2054 2985 audisque
2067 2944 2227 2976 silentem.

1414 3043 1543 3075 Utinam
1553 3051 1630 3075 vero
1643 3041 1824 3074 istiusmodi
1837 3039 2200 3080 omniaignorares,h0c
2223 3047 2323 3070 unum
2343 3037 2454 3077 scires,

1412 3103 1492 3135 nihil
1507 3103 1590 3135 inter
1608 3102 1787 3144 pugilatum
1801 3103 1834 3133 et
1847 3099 2046 3133 calcitratum
2061 3099 2224 3139 interesse,
2240 3099 2275 3130 ut
2286 3097 2336 3130 vel
2349 3096 2456 3129 asinos

1413 3162 1508 3194 etiam
1530 3161 1677 3194 redderes
1694 3158 1911 3199 immortales,
1926 3158 1976 3190 vel
2002 3167 2041 3190 ne
2069 3156 2273 3189 Cleomedem
2300 3155 2452 3197 quidem,

1414 3220 1551 3262 pugilem
1568 3220 1838 3260 Astypaloeensem
1850 3241 1859 3257 ,
1878 3217 1917 3249 de
1935 3225 1999 3258 quo
2017 3216 2064 3248 sic
2082 3214 2220 3248 cecinisti
2238 3226 2246 3246 ε

1457 3314 1594 3345 Ultimus
1609 3312 1743 3345 heroum
1763 3310 1951 3344 Cleomedes
1970 3307 2211 3350 Astypalensis,

1443 3373 1600 3419 ‚divinum
1618 3381 1636 3404 a
1654 3371 1745 3404 vobis
1763 3371 1842 3403 serat
1857 3369 2046 3402 immortalis
2063 3369 2226 3400 honorem.

1413 3470 1480 3502 Cur
1495 3470 1596 3509 enim,
1620 3478 1639 3500 ο
1658 3468 1803 3508 indigena
1817 3469 2002 3500 Graecarum
2018 3465 2205 3505 religionum
2224 3463 2381 3504 interpres
2394 3460 2454 3504 (sic

2603 2751 2606 2778 ⁴-
2602 2713 2606 2730 ...
2599 2649 2606 2694 με.»
2595 2406 2606 2631 ,-...-Ακ,...,.....ὸα.<.-
2602 2379 2606 2391 -
2598 2307 2606 2367 ω-..
2604 2266 2606 2269 .
2605 2235 2606 2238 Α
2603 2178 2606 2180 ,
