2638 3840
357 253 513 280 mxxxvi

349 329 442 378 sitas
458 337 692 381 putaverunt
713 329 810 382 (75),
833 329 898 367 alii
918 327 1086 378 denique
1106 338 1186 364 rem
1220 326 1391 378 inexpli-

348 387 513 427 cabilem
544 401 627 427 esse
661 388 838 427 arbitrati
875 395 964 426 sunt
1019 386 1111 437 (76).
1142 385 1275 436 Neque
1315 384 1393 423 dif-

348 446 534 486 fitendum
566 456 625 486 est
659 448 700 486 in
739 447 916 486 funebris
954 444 1145 483 orationis
1180 443 1390 494 fragmine,

346 506 567 545 indubitato
604 507 701 545 tanti
732 506 880 556 ingenii
908 513 1182 552 monumento,
1203 502 1391 554 majorem

346 578 431 605 esse
446 565 658 604 verborum
679 566 930 616 granditatem
951 564 1206 615 altioremque
1226 572 1390 602 mentem

345 625 498 677 spirare
514 625 642 663 videri
657 638 771 676 quam
793 624 835 662 in
856 623 962 661 hisce
979 623 1249 662 oratiunculis.
1265 623 1392 663 Taceo

345 684 422 722 alia
441 693 667 735 argumenta
680 713 690 731 ,
708 682 851 734 quibus
871 681 1049 720 homines
1067 682 1211 721 eruditi
1230 682 1390 721 istarum

345 742 601 794 scriptionum
621 743 886 780 auctoritatem
906 739 1138 778 labefactare
1168 741 1390 782 voluerunt.

343 801 605 847 Quamobrem
643 801 809 838 aliorum
846 799 1067 851 exemplum
1104 802 1225 838 secuti
1255 800 1296 839 in
1326 801 1392 839 illa

343 859 461 911 hujus
493 860 719 911 quaestionis
752 859 986 899 obscuritate
1014 859 1131 898 nobis
1161 874 1317 912 quoque
1336 861 1392 899 li-

343 932 463 970 quere
482 931 678 969 negamus.
735 918 886 968 Agmen
911 918 1081 970 denique
1111 919 1266 960 claudat
1291 920 1393 959 liber

343 981 391 1015 de
421 992 542 1015 rerum
573 987 711 1015 natura
736 978 821 1016 sive
848 980 897 1015 de
923 992 998 1016 non
1023 988 1109 1016 ente
1134 978 1227 1032 (περὶ
1259 979 1393 1034 φύσεως

343 1038 365 1084 ἢ
386 1037 468 1091 περὶ
485 1040 545 1076 τοῦ
561 1036 610 1089 μὴ
625 1035 734 1088 ὄντος)
751 1045 989 1075 memoratus
1003 1036 1163 1076 Isocrati
1179 1038 1221 1076 in
1237 1039 1393 1078 Helenae

346 1097 569 1137 laudatione
590 1096 684 1151 (77),
709 1094 858 1134 Galeno
890 1094 984 1149 (78),
1023 1096 1262 1136 Philostrato
1290 1098 1389 1150 (79),

341 1160 624 1211 Olympiada-0
660 1159 757 1199 ‘th
790 1157 891 1203 aliis,
915 1156 1230 1208 compositusque
1258 1157 1392 1208 Olym-

351 1235 355 1240 ·
380 1221 436 1243 Ἀ
481 1214 717 1265 octogesima
733 1222 883 1265 quarta.
942 1215 999 1253 Ex
1021 1215 1095 1253 hoc
1115 1216 1239 1254 multa
1260 1229 1393 1255 excer-

344 1274 424 1325 psit
455 1274 684 1312 Aristoteles
710 1274 753 1312 in
777 1274 1118 1326 Disputationibus
1144 1274 1193 1313 de
1219 1275 1391 1325 Melisso,

341 1333 581 1386 Xenophane
599 1342 638 1372 et
655 1333 817 1383 Gorgia,
835 1333 953 1372 editis
969 1333 1073 1374 Phil.
1094 1333 1217 1372 Graec.
1236 1333 1391 1386 Fragm.

342 1393 425 1432 vol.
442 1391 462 1430 Ι
481 1405 570 1444 pag.
594 1393 788 1442 2'71-309.
810 1392 904 1444 Ejus
930 1402 1057 1432 autem
1080 1406 1270 1432 summam
1298 1408 1394 1446 pro-

342 1452 474 1503 posuit
506 1450 645 1490 Sextus
677 1452 900 1504 Empiricus
938 1452 1030 1494 adv.
1063 1452 1186 1492 Math.
1208 1453 1278 1492 lib.
1303 1453 1390 1501 Vll,

343 1510 466 1559 65-87
489 1524 528 1562 p.
551 1511 727 1549 383-388
754 1511 813 1550 ed.
834 1510 936 1550 Fabr
958 1511 1048 1563 (81).
1074 1510 1247 1563 Uterque
1274 1513 1395 1562 igitur

343 1569 512 1621 scriptor
529 1570 791 1609 consulendus
812 1578 870 1609 est
889 1571 926 1609 ei
946 1571 1014 1621 qui
1034 1584 1121 1622 quae
1140 1572 1304 1622 Gorgias
1323 1573 1395 1612 illo

343 1629 535 1680 opusculo
554 1638 780 1681 persecutus
799 1629 865 1677 sit,
885 1630 1002 1668 latius
1019 1629 1264 1681 perscribere
1283 1632 1391 1670 velit.

342 1687 480 1733 Quain
495 1701 537 1725 re
553 1701 600 1726 eo
619 1687 797 1726 breviori
813 1688 910 1726 mihi
928 1701 1011 1727 esse
1031 1689 1135 1736 licet,
1153 1690 1256 1740 quod
1275 1691 1396 1729 multa

344 1759 462 1798 super
480 1746 555 1784 hoc
585 1755 812 1796 argumento
835 1745 918 1797 jam
939 1747 979 1784 in
1010 1747 1327 1786 annotationibus
1347 1748 1395 1786 ad

338 1805 567 1844 Aristotelis
597 1805 777 1844 libellum
809 1805 914 1843 dicta
942 1814 1049 1846 sunt.
1129 1805 1393 1852 Quamobrem

345 1943 386 1977 ad
403 1944 537 1978 Lucian.
557 1944 636 1978 Jud.
653 1945 759 1978 vocal.
774 1954 803 1978 c.
823 1949 842 1978 5
861 1945 928 1978 vol.
947 1947 964 1977 I
980 1954 1011 1987 p.
1030 1948 1084 1987 885
1103 1947 1337 1988 Wesselingius
1354 1948 1394 1980 ad

346 1991 441 2024 Diod.
459 1993 524 2026 Sic.
547 1994 607 2033 lv,
629 1995 668 2025 33
684 1993 751 2025 vol.
768 1995 784 2026 Ι
804 2001 835 2034 p.
859 1996 933 2032 279,
951 1997 1010 2034 25;
1023 1994 1171 2026 Sturzius
1189 1994 1227 2026 ad
1249 1995 1388 2035 Emped.

343 2047 377 2079 p.
391 2040 432 2072 48
449 2040 482 2071 et
494 2049 528 2081 p.
546 2043 622 2080 1203
639 2040 786 2073 Reiskius
804 2042 909 2073 oratt.
924 2042 1030 2074 Graec.
1052 2042 1117 2074 vol.
1138 2042 1217 2074 VIII
1240 2043 1335 2083 praef.
1353 2060 1394 2065 —

345 2086 413 2127 (75)
432 2087 566 2119 Fulvius
581 2087 720 2119 Ursinus
739 2088 773 2120 in
793 2087 928 2129 Virgilio
949 2097 1024 2120 cum
1047 2090 1157 2121 Graec.
1170 2090 1262 2130 poet.
1279 2098 1390 2131 comp.

293 2175 298 2182 Α
344 2142 378 2174 p.
408 2137 488 2174 386;
518 2134 779 2167 Amersfoordtus
798 2135 830 2166 in
855 2134 976 2168 scheer.
1004 2135 1156 2176 Append.
1185 2136 1355 2169 Demosth.
1379 2139 1396 2170 I

345 2189 381 2221 p.
400 2183 478 2221 7933
495 2181 624 2214 Geelius
646 2181 678 2213 in
705 2181 789 2214 flist.
804 2180 875 2214 crit.
893 2182 987 2223 soph.
1006 2191 1040 2223 p.
1057 2185 1108 2214 23.
1125 2200 1167 2205 —
1181 2183 1247 2223 (76)
1263 2184 1397 2215 Fossius

345 2229 393 2260 De
413 2228 530 2269 Gorgia
555 2228 712 2261 Leontino
729 2237 800 2269 pag.
815 2230 950 2262 79-106.
964 2245 1007 2252 —-
1021 2229 1088 2269 (77)
1102 2230 1260 2262 Isocrates
1283 2230 1394 2263 Helen.

345 2273 432 2308 laud.
448 2284 480 2316 p.
490 2280 547 2308 231
557 2275 609 2308 ed.
621 2275 756 2309 Bekker.
770 2279 854 2312 ῑπῶς
865 2276 924 2317 γὰρ
935 2275 972 2308 ἄν
985 2287 1030 2313 τις
1047 2277 1251 2316 ὑπερὸάλοιτο
1263 2278 1397 2320 Γοργίαν

347 2322 402 2354 τὸν
432 2323 616 2363 τολμήσατα
654 2323 766 2364 λέγειν,
802 2324 845 2359 ὡς
881 2323 971 2355 οὐδὲν
1007 2327 1070 2355 τῶν
1106 2324 1205 2356 ὄντων
1229 2325 1324 2358 ἔστιν.
1356 2343 1397 2349 -

346 2369 414 2410 (78)
430 2370 572 2402 Galenus
597 2373 678 2402 tom.
701 2372 718 2403 Ι
743 2379 774 2410 p.
793 2373 845 2407 56,
859 2373 899 2402 26
917 2369 969 2402 ed.
992 2371 1125 2403 Gesner.
1139 2389 1182 2394 —
1200 2372 1267 2412 (79)
1285 2372 1396 2405 Philo—

345 2418 464 2449 stratus
476 2425 508 2458 p.
523 2419 596 2449 480.
609 2436 650 2444 -
665 2417 730 2458 (80)
747 2417 998 2458 olympiodorus
1012 2418 1200 2451 comment.
1218 2419 1251 2451 in
1265 2420 1393 2454 Platon.

347 2465 445 2504 Gorg.
467 2464 552 2506 apud
575 2465 678 2498 Leon.
701 2464 854 2497 Allatium
885 2465 1014 2506 Dialog.
1039 2465 1080 2498 de
1107 2465 1233 2507 scriptis
1258 2467 1399 2499 Socratis

348 2519 381 2551 p.
398 2515 457 2543 116
473 2523 483 2544 ε
498 2511 604 2551 ἀμέλει
622 2512 676 2543 καὶ
693 2511 800 2553 γράφει
815 2512 832 2543 ὁ
845 2511 972 2553 Γοργίας
987 2512 1056 2554 περὶ
1076 2512 1195 2552 φύσεως
1209 2513 1399 2555 σύγγραμμα

347 2558 407 2589 οὐκ
425 2558 569 2599 ἄκομψον
587 2562 625 2599 τῇ
647 2557 699 2590 τπδ’
734 2558 912 2599 Ολυμπιάδι
923 2582 933 2598 ,
948 2559 1031 2591 ὥστε
1057 2559 1177 2592 εἴκοσιν
1190 2560 1275 2592 ὀκτὼ
1295 2561 1396 2594 ἔτεσιν

350 2606 369 2643 ἢ
383 2604 482 2645 ὀλίγῳ
494 2605 634 2638 πλείοσιν
646 2605 883 2647 εἷναιπρὸτερον
895 2606 949 2638 τὸν
963 2607 1143 2648 Σωκράτην.
1153 2627 1196 2634 -
1206 2607 1270 2649 (81)
1283 2609 1398 2641 Sextus

350 2652 531 2693 Empiricus
543 2651 617 2685 adv.
632 2653 734 2684 Math.
746 2652 801 2684 lib.
812 2654 889 2694 VII,
903 2656 1011 2693 65-87,
1026 2662 1059 2694 p.
1076 2657 1213 2687 383-388
1225 2655 1277 2688 ed.
1293 2656 1393 2688 Fabr.

351 2699 398 2741 [p.
420 2702 562 2733 203-1208
578 2699 631 2732 ed.
648 2699 800 2741 Bekker.]
823 2712 833 2732 ε
852 2700 980 2741 Γοργίας
997 2701 1031 2732 δὲ
1048 2702 1066 2733 ὁ
1097 2704 1260 2740 Λεοντῖνος
1288 2703 1324 2735 ἐκ
1342 2707 1398 2735 τοῦ

351 2747 449 2779 αὐτοῦ
471 2747 526 2787 μὲν
547 2746 705 2788 τάγματος
734 2749 855 2788 ὑπῆρχε
882 2752 946 2785 τοῖς
968 2748 1140 2791 ἀνῃρηκόσι
1167 2751 1203 2783 τὸ
1231 2753 1398 2795 κριτήριον,

352 2796 389 2827 οὐ
408 2795 490 2827 κατὰ.
510 2795 566 2834 τὴν
588 2795 701 2837 ὁμοίαν
718 2796 752 2827 δὲ
774 2796 920 2834 ἑπιὸολὴν
938 2799 1002 2833 τοῖς
1018 2798 1088 2838 περὶ
1104 2798 1157 2830 τὸν
1174 2800 1398 2841 Πρωταγόραν.

352 2841 404 2874 Ἐν
424 2843 484 2884 γὰρ
501 2846 546 2884 τῷ
564 2843 800 2885 ἐπιγραφομένῳ
821 2843 890 2884 περὶ
913 2846 968 2875 τοῦ
991 2844 1034 2883 μὴ
1047 2844 1134 2882 ὄντος
1151 2847 1171 2883 ἢ
1187 2847 1256 2886 περὶ
1279 2847 1398 2887 φύσεως

352 2890 421 2931 τρία
435 2890 517 2921 κατὰ
528 2890 564 2922 τὸ
577 2891 643 2928 ἑξῆς
662 2890 816 2929 κεφάλαια
832 2890 1057 2927 κατασκευάζει
1070 2915 1080 2930 ,
1094 2891 1126 2923 ἓν
1142 2892 1196 2932 μὲν
1211 2893 1264 2924 καὶ
1278 2897 1400 2936 πρῶτον

354 2937 401 2969 ὅτι
415 2937 502 2969 οὐδὲν
521 2938 618 2974 ἔστιν,
633 2938 774 2979 δεύτερον
795 2937 842 2968 ὅτι
862 2938 889 2969 εἰ
905 2939 958 2969 καὶ
985 2938 1084 2978 ἔστιν,
1104 2939 1323 2977 ἀκατάληπτον
1346 2941 1400 2973 ἁν-

355 2985 470 3025 θρώπῳ
482 3009 491 3024 ,
505 2986 607 3027 τρίτον
621 2984 668 3015 ὅτι
687 2984 714 3015 εἷ
730 2984 785 3015 καὶ
801 2984 1013 3024 καταληπτόν,
1027 2985 1106 3016 ἀλλὰ
1118 2985 1166 3017 τοί
1179 2997 1215 3026 γε
1227 2986 1401 3024 ἀνέξοιστον

355 3033 408 3063 καὶ
427 3032 652 3073 ἀνερμήνευτον
669 3034 716 3071 τῷ
732 3032 837 3067 πέλας.
859 3030 933 3063 ’Ότι
954 3031 1009 3071 μὲν
1029 3031 1082 3063 οὗν
1106 3032 1193 3064 οὐδὲν
1216 3034 1312 3075 ἔστιν,
1334 3036 1401 3068 ἐπι-

355 3079 507 3118 λογίζεται
535 3079 588 3111 τὸν
615 3077 728 3119 τρόπον
757 3081 878 3109 τοῦτον.
910 3079 948 3110 Εἰ
969 3078 1028 3120 γὰρ
1059 3078 1125 3111 ἔστι
1148 3091 1196 3118 τι,
1224 3081 1292 3118 ἤτοι
1313 3083 1349 3114 τὸ
1368 3083 1402 3115 ὃν

357 3126 453 3164 ἔστιν,
473 3127 492 3164 ἢ
511 3126 547 3158 τὸ
568 3126 610 3167 μὴ
633 3124 681 3165 ὄν,
696 3125 716 3163 ἢ
736 3125 788 3156 καὶ
809 3125 845 3156 τὸ
871 3124 905 3156 ὃν
925 3124 991 3156 ἐστι
1017 3127 1068 3157 καὶ
1088 3126 1124 3158 τὸ
1149 3127 1191 3167 μὴ
1214 3128 1260 3159 ὄν.
1276 3129 1356 3161 Οὔτε
1370 3131 1402 3163 δὲ

1123 239 1192 278 DE
1223 236 1425 277 GORGlA
1456 237 1730 278 LEONTINO.

1453 326 1626 365 breviter
1644 327 1796 377 Gorgiae
1816 335 2008 379 praecepta
2025 339 2234 378 exponam.
2265 325 2363 364 Tres
2386 339 2498 363 com-

1455 386 1634 425 mentarii
1666 387 1776 425 illius
1807 395 1939 439 partes
1968 385 2088 424 fuisse
2121 395 2270 424 veteres
2302 385 2499 423 memoriae

1454 445 1721 497 prodiderunt.
1777 446 1827 485 Et
1845 445 2014 497 primum
2031 444 2188 495 quidem
2210 444 2381 496 sophista
2400 445 2502 482 m'hil

1453 517 1533 542 esse
1551 503 1853 552 demonstravit;
1876 503 2032 550 deinde,
2048 502 2198 541 etiamsi
2219 510 2332 553 esset,
2350 502 2499 554 percipi

1455 575 1534 601 non
1565 575 1701 614 posse;
1734 562 1922 613 denique,
1963 561 2117 600 etiamsi
2149 569 2250 599 esset
2278 570 2316 599 et
2350 561 2502 614 percipi

1454 630 1605 671 posset,
1635 621 1747 659 alteri
1777 620 1878 658 tradi
1902 633 1981 658 non
2002 632 2132 671 posse.
2189 619 2333 659 Primae
2355 620 2498 672 partis,

1454 680 1569 717 Sexto
1607 687 1785 727 auctore,
1830 678 1906 716 tria
1949 677 2105 717 fuerunt
2139 677 2277 730 capita.
2350 677 2501 717 Etenim

1455 737 1654 788 Gorgias-2
1681 754 1697 771 «ι
1721 738 1755 776 si
1777 737 1874 788 quid
1893 745 1973 785 est,
1995 737 2149 789 inquit,
2168 745 2234 775 aut
2251 751 2324 775 non
2346 751 2411 775 ens
2429 747 2501 786 est,

1454 804 1521 834 aut
1537 810 1625 842 ens,
1647 804 1714 834 aut
1733 809 1807 833 non
1830 809 1895 832 ens
1914 803 1952 833 et
1970 809 2057 845 ens;
2078 795 2189 847 atqui
2221 795 2391 847 primum
2423 809 2504 835 non

1454 863 1513 893 est
1547 868 1622 892 non
1660 868 1742 900 ens,
1769 853 1910 891 deinde
1932 867 2011 892 non
2037 862 2096 893 est
2121 869 2205 902 ens,
2226 854 2395 906 denique
2425 869 2504 894 non

1453 921 1511 951 est
1543 926 1617 950 non
1648 927 1713 950 ens
1741 920 1780 950 et
1805 926 1893 958 ειυς
1915 925 2008 963 ergo
2035 912 2138 951 nihil
2167 921 2236 951 est.
2261 930 2277 946 ν
2336 913 2391 952 Ea
2408 926 2504 952 vero

1456 971 1589 1008 omnia
1608 971 1735 1009 allatis
1753 970 1975 1010 rationibus
1997 979 2112 1022 atque
2130 971 2320 1023 exemplis
2339 968 2381 1010 in
2401 971 2506 1012 hunc

1456 1029 1615 1068 modum
1651 1029 1827 1068 docebat.
1882 1030 2060 1068 Primum
2102 1030 2202 1068 nihil
2241 1039 2318 1078 est,
2351 1043 2438 1069 nam
2472 1034 2506 1070 si

1455 1089 1551 1140 quid
1574 1098 1689 1139 esset,
1711 1090 1933 1128 necessario
1954 1098 2020 1128 aut
2038 1098 2166 1127 ortum
2189 1089 2287 1127 foret
2308 1096 2375 1127 aut
2391 1098 2505 1128 aeter-

1458 1161 1566 1187 num.
1625 1148 1746 1199 Atqui
1767 1161 1895 1199 neque
1914 1161 1963 1186 ex
1982 1157 2070 1187 ente
2089 1161 2216 1200 neque
2244 1160 2291 1188 ex
2321 1162 2402 1187 non
2419 1157 2507 1188 ente

1457 1208 1554 1246 oriri
1578 1208 1718 1260 potuit.
1775 1207 1908 1259 Neque
1928 1221 2024 1246 vero
2043 1217 2227 1246 aeternum
2247 1221 2331 1246 esse
2357 1217 2506 1260 potest;

1457 1267 1561 1317 quod
1580 1267 1685 1305 enim
1706 1276 1893 1305 aeternum
1914 1275 1985 1314 est,
1998 1266 2040 1305 id
2059 1267 2260 1306 infinitum
2279 1267 2331 1305 sit
2350 1280 2507 1306 necesse

1456 1334 1528 1365 est.
1561 1325 1763 1364 Infinitum
1781 1334 1907 1364 autem
1927 1339 2118 1377 nusquam
2139 1333 2217 1373 est,
2241 1339 2361 1377 quum
2381 1339 2508 1377 neque

1456 1385 1539 1423 suis
1575 1383 1721 1423 finibus
1755 1385 1973 1432 contineri,
1995 1397 2124 1436 neque
2155 1385 2294 1423 alienis
2328 1385 2507 1425 terminis

1457 1444 1728 1482 circumscribi
1750 1453 1882 1495 queat.
1939 1443 2053 1490 Quod
2087 1457 2182 1482 vero
2211 1457 2402 1496 nusquam
2429 1454 2506 1494 est,

1457 1503 1500 1541 id
1523 1503 1685 1541 omnino
1705 1517 1786 1542 non
1805 1512 1872 1542 est.
1930 1502 2081 1541 Deinde
2103 1503 2255 1541 etiamsi
2276 1502 2371 1554 quid
2390 1512 2503 1551 esset,

1460 1570 1590 1600 tamen
1610 1562 1793 1613 cognosci
1815 1576 1892 1601 non
1916 1571 2060 1614 posset.
2077 1562 2172 1600 Nam
2193 1562 2227 1601 si
2245 1575 2306 1601 res
2323 1563 2507 1613 cognosci

1458 1630 1638 1672 possent,
1678 1634 1922 1672 quaecunque
1960 1622 2195 1671 cogitantur,
2231 1626 2385 1670 essent;
2420 1635 2509 1673 quae

1457 1688 1586 1718 autem
1606 1694 1685 1719 non
1706 1689 1817 1727 sunt,
1838 1693 1883 1718 ea
1903 1693 1951 1718 ne
1971 1680 2134 1730 cogitari
2155 1680 2312 1731 quidem
2335 1689 2506 1732 possent.

1457 1741 1557 1780 Tum
1590 1755 1683 1780 vero
1714 1741 1918 1780 mendacio
1949 1755 2030 1779 non
2063 1742 2162 1779 foret
2190 1741 2320 1790 locus,
2343 1754 2393 1780 ne
2419 1751 2503 1780 tum

1458 1800 1640 1851 quidem,
1662 1801 1695 1839 si
1716 1801 1817 1852 quis,
1832 1800 2001 1850 diceret,
2021 1800 2063 1838 in
2084 1800 2181 1838 mari
2202 1813 2286 1838 esse
2318 1813 2503 1839 curruum

1460 1868 1669 1910 certamen,
1691 1859 1797 1911 quod
1817 1858 2029 1897 absurdum
2049 1867 2119 1898 est.
2165 1859 2343 1910 Denique
2355 1859 2506 1899 etiamsi

1460 1918 1556 1970 quid
1572 1927 1672 1957 esset
1697 1927 1735 1957 et
1764 1918 1917 1970 percipi
1945 1927 2088 1969 posset,
2105 1918 2216 1957 alteri
2249 1927 2376 1957 tamen
2402 1919 2506 1958 tradi

1460 1991 1539 2015 non
1558 1986 1699 2029 posset.
1754 1977 1953 2015 Differunt
1976 1977 2081 2015 enim
2100 1976 2223 2015 verba
2244 1990 2267 2014 a
2295 1976 2413 2016 rebus
2433 1977 2508 2016 de-

1459 2036 1633 2086 signatis.
1687 2036 1904 2083 „Quomodo
1926 2036 2031 2074 enim
2063 2036 2240 2074 oratione
2267 2035 2411 2087 aliquis
2440 2049 2505 2074 co-

1461 2095 1582 2133 lorem
1617 2096 1830 2147 exprimat,
1851 2107 1971 2145 quum
2004 2108 2085 2133 non
2114 2094 2291 2141 colores,
2325 2093 2394 2132 sed
2418 2094 2527 2132 soni¹

1459 2154 1622 2194 auribus
1639 2154 1936 2206 percipiantur?
1954 2154 2003 2191 Et
2025 2153 2222 2205 quomodo
2241 2152 2376 2191 eadem
2397 2154 2507 2191 notio

1460 2214 1502 2252 in
1520 2213 1675 2252 duobus
1702 2213 1930 2252 hominibus
1948 2226 2033 2252 esse
2050 2221 2176 2264 potest
2190 2212 2260 2263 qui
2279 2219 2407 2250 tamen
2422 2240 2423 2243 η
2436 2225 2507 2250 na-

1460 2273 1558 2312 turis
1571 2273 1673 2312 inter
1683 2286 1724 2312 se
1737 2273 1950 2312 differunt?
1966 2271 2157 2310 Caeterum
2176 2269 2401 2310 admirabili
2415 2283 2508 2310 casu

1461 2333 1603 2371 accidit
1625 2341 1667 2371 ut
1683 2332 1898 2382 Protagora
1916 2341 2072 2370 auctore
2097 2331 2225 2369 omnis
2244 2330 2379 2382 opinio
2396 2343 2505 2379 vcra,

1460 2393 1608 2443 Gorgia
1637 2400 1792 2430 auctore
1825 2391 1919 2429 falsa
1939 2391 2002 2430 sit.
2058 2390 2153 2437 Quae
2171 2403 2292 2442 quum
2322 2391 2376 2428 ita
2403 2390 2502 2438 sint,

1461 2452 1558 2491 nihil
1578 2460 1635 2490 est
1653 2464 1787 2489 verum
1801 2478 1814 2499 ‚
1832 2450 1899 2488 sed
1918 2450 1960 2488 in
1980 2450 2064 2488 sola
2083 2450 2259 2488 oratione
2283 2449 2331 2487 ad
2347 2462 2508 2501 persua-

1462 2511 1631 2550 dendum
1665 2509 1952 2548 accommodata
1972 2509 2120 2558 ingenii
2157 2508 2381 2558 magnitudo
2407 2522 2509 2546 con-

1461 2570 1575 2608 sistit.
1631 2568 1760 2606 Pauca
1807 2581 1892 2619 quae
1935 2577 2087 2606 exstant
2127 2567 2285 2617 Gorgiae
2331 2567 2436 2604 dicta
2470 2575 2508 2605 et

1463 2629 1674 2679 fragmenta
1693 2641 1715 2665 e
1739 2627 1862 2665 variis
1889 2626 2148 2678 scriptoribus
2170 2626 2329 2664 collecta
2349 2627 2509 2678 exposui

1462 2696 1576 2739 atque
1595 2687 1870 2737 interpretatus
1889 2699 1988 2725 sum.
2484 2682 2487 2684 ’

1460 2848 1497 2881 τὸ
1520 2847 1554 2880 ὃν
1573 2847 1668 2887 ἔστιν,
1686 2848 1728 2883 ὡς
1747 2846 1963 2887 παραστήσει,
1985 2846 2056 2877 οὔτε
2072 2846 2108 2878 τὸ
2130 2846 2172 2885 μή
2191 2845 2239 2885 ὅν,
2261 2846 2304 2880 ὡς
2324 2846 2506 2886 παραμυθή-

1463 2906 1572 2933 σεται,
1586 2894 1657 2926 οὔτε
1671 2895 1706 2926 τὸ
1726 2894 1761 2926 ὃν
1777 2896 1830 2926 καὶ
1850 2895 1885 2926 τὸ
1912 2895 1954 2934 μή
1978 2894 2025 2934 ὄν,
2041 2896 2083 2930 ὡς
2102 2895 2155 2925 καὶ
2180 2897 2272 2925 τοῦτο
2292 2893 2425 2930 διδάξει·
2449 2894 2507 2925 οὐκ

1463 2943 1524 2984 ἄρα
1539 2942 1605 2974 ἔστι
1623 2953 1665 2974 τι.
1685 2942 1747 2973 Καὶ
1766 2942 1803 2979 δὴ
1823 2941 1859 2972 τὸ
1884 2942 1939 2981 μὲν
1963 2943 2005 2982 μή
2027 2941 2061 2973 ὃν
2084 2941 2142 2973 οὐκ
2163 2942 2259 2973 ἔστιν.
2281 2941 2318 2972 Εἰ
2330 2941 2389 2983 γὰρ
2401 2941 2438 2972 τὸ
2457 2941 2501 2982 μὴ

1463 2990 1498 3022 ὃν
1514 2989 1611 3029 ἐστιν,
1631 2989 1719 3021 ἔσται
1741 2999 1769 3020 τι
1801 2988 1867 3029 ἅμα
1894 2988 1947 3019 καὶ
1970 2988 2029 3019 οὐκ
2049 2988 2157 3020 ἔσται·
2174 2987 2194 3028 ἦ
2217 2987 2271 3027 μὲν
2303 2987 2361 3028 γὰρ
2389 2988 2449 3019 οὐκ
2468 2987 2506 3019 ὃν

1467 3041 1603 3076 νοεῖται,
1619 3037 1676 3068 οὐκ
1697 3035 1785 3068 ἔσται
1795 3059 1804 3074 ,
1819 3035 1838 3075 ᾗ
1853 3036 1885 3067 δὲ
1900 3035 1966 3067 ἔστι
1987 3036 2029 3076 μὴ
2045 3035 2091 3074 ὄν,
2110 3036 2202 3066 πάλιν
2227 3034 2326 3066 ἔσται.
2341 3035 2506 3070 Παντελῶς

1464 3085 1497 3116 δὲ
1516 3084 1644 3122 ἄτοπον,
1666 3083 1702 3115 τὸ
1720 3082 1799 3115 εἷναί
1821 3093 1851 3114 τι
1875 3082 1941 3122 ἅμα
1959 3083 2012 3113 καὶ
2033 3083 2076 3122 μὴ
2105 3083 2202 3113 εἶναι·
2220 3081 2279 3112 οὐκ
2297 3081 2358 3122 ἄρα
2379 3081 2446 3113 ἐστι
2467 3081 2504 3113 τὸ

1465 3132 1507 3169 μή
1529 3131 1575 3163 ὄν.
1597 3131 1659 3163 Καὶ
1683 3130 1781 3167 ἄλλως
1792 3153 1801 3171 ,
1825 3130 1858 3173 εἰ,
1868 3130 1903 3161 τὸ
1921 3130 1964 3170 μή
1980 3129 2013 3160 ὃν
2029 3130 2094 3161 ἐστι
2105 3154 2113 3169 ,
2127 3130 2162 3162 τὸ
2179 3129 2213 3160 ὃν
2232 3126 2290 3159 οὐκ
2308 3128 2397 3160 ἔσται
2433 3128 2501 3158 κτλ.

1379 3287 1496 3309 μς,
