2606 3828
277 260 351 298 ,390
1019 252 1322 292 CYNlCORUM
1357 254 1690 296 FRAGMENTA.

272 348 391 391 τῆσαι.
450 342 667 394 Συνδραμὼν
686 343 753 394 γὰρ
777 341 827 379 ὅτι
850 343 964 384 κακῶς
986 341 1148 391 ἐπολέμει
1169 340 1312 392 Χάρης,

272 403 363 441 οὕτω
386 403 589 453 κατηγορῶν
620 400 787 452 Αἰσχίνου
804 400 992 451 προδοσίαν
1005 399 1061 437 ἐπὶ
1074 401 1122 450 τῷ
1141 402 1314 438 συνειπεῖν

270 460 509 512 Φιλοκράτει,
528 460 724 505 ἀξιόπιστος
742 459 852 504 ἔδοξεν
874 453 980 507 εἶναι,
1003 458 1055 496 ὅτι
1075 458 1135 496 καὶ
1155 457 1314 511 δῶρα-εἴ·

269 524 376 574 ληφε,
393 519 516 572 λέγων.

321 580 365 619 δ’.
399 578 613 631 Συνδραμων
629 577 663 615 δὲ
680 570 1049 650 πάλινοῖςὸἀντίδικος
1066 577 1190 628 λέγει
1171 578 1314 622 δικαίοις

268 643 365 686 οὖσι,
392 638 428 677 τὸ
457 653 569 690 συμφε
563 638 628 689 ’ρον
660 635 873 683 ἀντιτίθησιν
902 635 1034 688 οὕτως,
1063 638 1109 680 ὡς
1143 638 1161 674 8
1191 639 1314 686 Δημο-

267 699 388 746 σθένης
421 699 525 736 πάλιν
561 712 595 733 εν
630 712 680 733 τω
709 696 785 733 κατ’
808 695 993 747 Αἰσχίνου.
1051 694 1221 747 Λέγοντος
1245 695 1313 749 γὰρ

266 758 435 809 Αἰσχίνου
456 756 507 795 ὅτι
530 735 681 806 ΙΙονηρόὶ
701 755 841 797 Φωκεῖς
860 757 964 803 ἦσαν,
984 753 1043 792 καὶ
1064 756 1170 807 ἐχρῆν
1192 753 1314 798 αὖτοὺς

266 817 508 863 ἀπολωλέναι,
542 815 602 852 οὐκ
637 812 786 860 ἀντεστη
823 812 901 863 μέν,
930 811 1136 866 συνδραμὼν
1168 813 1244 851 δὲ
1226 829 1313 867 εφη,

267 875 371 915 Ἀλλὰ
393 888 573 925 συνεφερεν
596 872 718 916 αὐτους
740 871 851 916 σώους
874 866 962 910 εἶναι
979 875 1023 924 τῇ
1048 872 1162 912 πόλει.
1219 873 1311 912 Οὐδὲ

265 934 331 986 γὰρ
352 931 647 981 Λακεδαιμονίους
667 930 724 969 διὰ
743 930 807 978 τὴν
835 930 961 983 ἀρετὴν
983 932 1097 969 αὐτῶν
1118 947 1203 970 ποτε
1223 931 1311 970 ἐσώ-

264 1007 369 1042 σατε,
403 989 479 1029 οὐδὲ
503 989 578 1034 τοὺς
599 990 817 1043 καταράτους
847 990 1004 1034 Εὐὸοέας
1019 1021 1030 1039 ,
1054 990 1134 1029 ἀλλ’
1153 990 1206 1030 ὅτι
1232 1007 1310 1030 συν-

263 1051 360 1148 ε’φεερε
384 1052 485 1088 τοῦτο
503 1052 546 1101 τῇ
567 1049 680 1088 πόλει.

390 1107 472 1147 Ἀπὸ
490 1107 525 1146 δὲ
541 1111 603 1155 τῆς
619 1111 723 1147 αὑτου
741 1108 942 1151 ἀντιθέσεως
959 1107 1002 1155 ἣν
1023 1109 1040 1146 8
1062 1108 1231 1152 ἀντίδικος
1250 1125 1312 1146 πα-

264 1167 423 1220 ρὲχεται,
448 1167 701 1218 μεταὸιὸάσεις
722 1166 779 1205 τὸν
807 1166 1048 1217 δικαστὴνέφ’
1067 1167 1187 1229 ἑτέραν
1215 1167 1310 1206 ἀντί·

263 1231 369 1274 θεσιν,
397 1226 460 1272 τὴν
499 1226 561 1277 μὲν
594 1227 753 1271 ἄλυτον,
762 1225 810 1275 μὴ
846 1225 1048 1272 συνεκτικὴν
1082 1242 1169 1264 ειναι
1200 1226 1310 1277 λέγων

261 1307 319 1329 του
341 1290 509 1342 παρόντος
530 1292 681 1340 ἀγωνος,
710 1289 752 1336 ἢν
778 1289 813 1328 δὲ
835 1289 1049 1341 ἀντεισάγεις
1074 1289 1130 1327 σύ.
1189 1289 1311 1333 Οὕτως

261 1351 295 1387 ἐν
330 1351 380 1402 τῷ
412 1349 503 1388 κατὰ
531 1347 774 1401 Τιμοκράτους
800 1350 818 1386 8
849 1347 965 1401 ῥήτωρ
999 1347 1169 1395 πεποίηκε
1199 1346 1307 1401 λόγῳ.

260 1409 431 1460 Λέγοντος
451 1408 517 1461 γὰρ
537 1423 596 1446 του
618 1406 864 1458 Τιμοκράτους
880 1407 964 1444 ὅτι’
949 1406 1143 1445 εκτέτισται
1160 1406 1204 1446 τιι
1223 1423 1312 1460 χρη-

262 1484 358 1517 ματα
379 1467 596 1540 Ἀνδργοτίωνι
616 1482 676 1504 και
697 1466 881 1517 Γλαυκέτῃ
903 1466 963 1505 καὶ
981 1465 1235 1518 Μελανωπῳ,“
1224 1466 1286 1504 υπὲ
1273 1483 1310 1519 ρ

261 1531 308 1566 ὧν
331 1527 445 1565 αἰτίαν
467 1526 538 1579 ἔχω
562 1531 672 1565 θεῖναι
687 1525 745 1564 τὸν
766 1526 886 1597 νόμον,
906 1528 952 1569 ὡς
970 1526 1215 1577 ὂφειλόντων”
1198 1542 1247 1563 ετι
1266 1529 1309 1578 τῇ

260 1585 361 1624 πόλει
370 1584 516 1638 ,φησίν,
536 1584 628 1623 Ἀλλ’
649 1600 687 1623 ου
716 1600 797 1637 περι
826 1583 956 1623 τούτων
979 1583 1134 1636 κρίνεται
1154 1588 1225 1631 νυ’ν,
1241 1584 1310 1622 εἴτε

260 1644 459 1685 ἐκτέτισται
480 1643 524 1681 τὰ
546 1643 718 1696 χρήματα
740 1642 894 1691 τούτοις,
916 1642 983 1681 εἴτε
1006 1643 1075 1694 μή·
1099 1644 1177 1681 ἀλλ’
1194 1644 1223 1680 εἰ
1243 1659 1310 1681 πα-

260 1705 409 1758 ράνομον
446 1703 576 1755 ἔγραψε
609 1702 837 1754 Τιμοκράτης
867 1701 1046 1754 ψήφισμα.
1103 1700 1310 1752 Ἀπαγαγὼν

257 1763 326 1816 γὰρ
346 1765 407 1809 τῆς
428 1761 555 1801 ἀλύτου
582 1762 808 1808 ἀντιθέσεως,
825 1763 886 1807 τῆς
905 1761 1072 1811 λεγούσης
1100 1758 1151 1797 ὅτι
1173 1759 1308 1798 ἐκτέτι-

260 1837 340 1859 σται
360 1820 405 1859 τὰ
427 1820 598 1873 χρήματα
620 1822 756 1871 αὐτοῖς,
775 1822 839 1871 οὐχ
863 1820 950 1870 ὑπὲρ
978 1819 1106 1858 τούτων
1130 1818 1306 1872 κρίνεται,

257 1879 380 1930 λέγων,
398 1880 457 1917 καὶ
477 1881 542 1932 οὐχ
559 1881 646 1932 ὑπὲρ
662 1877 792 1918 τούτων
813 1877 950 1931 ἔγραψα
966 1877 1025 1915 τὸν
1045 1877 1165 1928 νόμον,
1180 1877 1219 1915 τὸ
1235 1894 1309 1916 πα·-

261 1940 411 1992 ράνομον
439 1938 616 1990 ἐπήγαγεν
645 1938 763 1986 εἰπών,
783 1940 830 1982 ὥς
850 1937 1055 1990 παρανόμου
1084 1940 1144 1985 τῆς
1173 1940 1310 1990 γραφῆς

258 2000 361 2046 οὔσης
379 1998 466 2050 ὑπὲρ
487 1993 527 2045 ἧς
547 1997 672 2045 ἥκουσι
692 1997 878 2049 κρίνοντες.

312 2056 363 2101 ς’.
396 2055 498 2096 Μετὰ
516 2055 629 2100 αἰτίας
650 2055 685 2093 δὲ
705 2055 744 2093 τὸ
763 2055 888 2093 πιστὸν
909 2057 978 2093 τῶν
998 2054 1224 2107 πραχθέντων
1241 2070 1305 2092 πα-

263 2117 386 2171 ρέξεις,
403 2115 463 2159 τὰς
483 2115 628 2159 ἀλύτους
646 2115 833 2159 ἀντιθέσεις
849 2113 1056 2166 μεθοδεύων.
1072 2113 1140 2158 ‘sse
1153 2116 1170 2151 8
1188 2116 1308 2164 Δημο-

259 2177 409 2224 σθένης’
395 2192 428 2213 εν
443 2191 492 2213 *tm
507 2174 593 2227 ὖπὲρ
607 2175 830 2228 Φορμίωνος,
842 2174 1000 2226 λέγοντος
1015 2173 1224 2225 Φορμίωνος
1238 2203 1248 2222 ,
1262 2172 1308 2212 H

261 2238 379 2288 μητηρ
396 2229 456 2273 οὖν
473 2237 494 2281 ἡ
513 2233 558 2281 σὴ
572 2233 633 2278 τὰς
645 2234 812 2281 διαθήκας
824 2233 1091 2284 ἓμοὶπεισθεῒσα
1106 2231 1307 2285 ἐξήλειψεῦ,

258 2295 317 2333 καὶ
341 2295 538 2347 ἐρωτῶντος
557 2293 667 2332 ἐδόκει
685 2293 850 2332 ἀπίθανον
869 2297 956 2330 εἶναι
978 2291 1015 2329 τὸ
1035 2290 1092 2329 τὸν
1110 2291 1307 2344 Φορμίωνα

258 2354 547 2414 προτιμηθηναι
536 2352 602 2392 υπὸ
615 2368 676 2399 της
686 2351 947 2403 Ἀπολλοδώρου
961 2349 1105 2402 μητρός.
1128 2349 1230 2388 Μετὰ
1248 2353 1310 2397 τῆς

259 2413 372 2457 αἰτίας
385 2416 442 2450 οὖν
457 2428 495 2451 το
510 2427 634 2451 πιστον
648 2411 869 2464 παρήγαγεν,
883 2410 1005 2458 εἰπών,
1022 2409 1073 2448 ὅτι
1076 2410 1174 2483 γ’μὴ
1156 2409 1307 2448 απίστει.

258 2472 472 2526 Διέφθαρται
491 2471 558 2523 γὰρ
589 2474 610 2517 ἡ
632 2470 770 2524 μήτηρ,
791 2470 851 2508 καὶ
871 2472 909 2509 οὐ
930 2470 1050 2512 δοῦλος
1074 2471 1115 2516 ἠν
1137 2467 1308 2521 Φορμίων

260 2532 338 2569 ἀλλ’
361 2529 462 2583 ἀνήρ.
521 2528 572 2569 To
605 2529 640 2567 δὲ
660 2527 809 2581 ἐπαχθὲς
836 2527 961 2581 ἔφυγε,
978 2543 1028 2580 τῳ
1057 2525 1151 2571 δόξαι
1179 2526 1310 2579 μητρὸς

258 2595 481 2643 κατηγορεῖν,
514 2587 915 2641 προσεπισημηνάμενος
947 2584 1000 2624 ὅτι
1030 2585 1310 2637 ἀναγκαζόμενος

258 2650 318 2688 καὶ
335 2651 401 2701 οὐχ
421 2647 508 2687 ἑκὼν
528 2647 620 2699 λέγει
637 2650 765 2685 ταῦτα.

313 2708 357 2753 ζ’.
386 2705 503 2747 ςὈταν
544 2706 580 2746 δὲ
620 2705 746 2745 ἀλύτου
784 2705 989 2748 ἀντιθέσεως
1023 2704 1112 2758 μέρη
1149 2705 1282 2757 ’διαιρῇς
1296 2734 1307 2755 ,

260 2767 411 2820 πειράσῃ
434 2764 645 2817 μεθοδεύειν,
663 2767 708 2809 ὡς
730 2767 747 2802 8
767 2763 991 2815 Δημοσθένης
1011 2765 1045 2801 ἐν
1068 2765 1115 2815 τῷ
1137 2765 1215 2801 κατ’
1241 2764 1307 2802 Αἷ-

262 2827 382 2880 σχίνου
415 2824 601 2873 πεποίηκε.
659 2823 829 2875 Λέγοντος
860 2822 928 2874 γὰρ
959 2822 1128 2874 Αἰσχίνου
1164 2822 1217 2861 ὅτι
1249 2838 1309 2860 και

261 2885 519 2940 Χερρόνησος
506 2891 587 2935 υμῖν
607 2883 678 2922 ἀπὸ
702 2886 762 2930 τ’ῆς
782 2882 920 2935 εἰρήνης
936 2880 1159 2953 περιγέγονε,
1177 2881 1238 2919 καὶ
1258 2882 1310 2919 εἷ-

264 2944 372 2998 ρήνην
403 2941 502 2994 ἔχετε
534 2940 611 2979 ἀντι
639 2939 814 2991 πολέμου,
832 2939 891 2978 καὶ
912 2940 1064 2991 τριήρεις
1086 2938 1308 2991 τριακοσίας,

261 3019 322 3041 και
350 3001 456 3048 σκεύη
479 3015 622 3043 ταυταις
644 3015 704 3038 και
727 2999 920 3051 χρήματα,
942 3013 979 3036 ου
1013 2997 1202 3049 δυνάμενος
1227 2997 1310 3049 πρὸς

263 3061 402 3100 ἅπαντα
423 3062 538 3098 ταῦτα
557 3060 575 3096 8
592 3057 819 3108 Δημοσθένης
840 3055 971 3109 ἀθρόως
988 3058 1213 3103 ἀντιστηναι,
1230 3056 1307 3094 ουδε

263 3123 307 3163 ὡς
335 3121 397 3158 οὐκ
429 3119 521 3157 ἔστιν
542 3119 655 3165 ἀληθῆ
685 3114 816 3166 δεῖξαι,
837 3115 941 3152 διεῖλε
965 3113 1027 3162 τὴν
1063 3115 1230 3152 ἀντίθεσιν
1260 3116 1307 3158 εἰς

264 3178 343 3230 τρία
383 3177 486 3229 μέρη.
545 3175 618 3215 Καὶ
636 3175 727 3214 κατὰ
757 3175 846 3227 μέρη
880 3172 1074 3224 εἰσαγαγὼν
1106 3172 1214 3217 οὕτως
1246 3176 1307 3225 τῇς

265 3237 375 3289 διαιρε
378 3253 428 3275 σει
459 3235 655 3287 μεθώδευσε
681 3233 743 3281 τὴν
782 3233 908 3272 ἄλυτον
957 3231 1144 3281 ἀντίθεσιν,
1165 3247 1225 3270 και
1254 3232 1313 3269 ταῒ

264 3294 437 3333 λύσεσιν’
422 3294 626 3345 εσοφίσατο,
644 3292 780 3331 ἀλύτων
801 3290 908 3330 ὄντων
928 3306 988 3328 και
1010 3292 1078 3328 τῶν
1098 3292 1228 3350 μερῶν.
1249 3290 1309 3328 Ἐν

269 3353 331 3403 μὲν
351 3353 417 3405 γὰρ
436 3356 480 3405 τῇ
501 3352 625 3406 πρώτῃ
644 3352 709 3399 τὴν
732 3347 992 3404 Χερρόνησον”
974 3363 1073 3401 εχετε
1099 3347 1132 3392 ἐξ
1157 3351 1199 3394 ῆς
1221 3353 1312 3391 σῖτος

269 3411 443 3463 ιίιίρθονοςε
430 3416 511 3461 υμῖν
530 3410 727 3461 κομίζεται,
745 3411 779 3448 ἐν
798 3411 843 3461 τῇ
860 3410 1037 3459 εἰσαγωγῇ
1056 3405 1119 3453 τὴν
1142 3406 1310 3443 δοκουσαν

268 3470 366 3508 λύσιν
403 3468 461 3508 διὰ
498 3471 559 3515 τῆς
602 3467 892 3520 ἀντικατηγορίας
934 3464 1169 3517 παρέστησεν,
1204 3463 1310 3502 εἰπὼν

1376 353 1461 386 fecit.
1509 356 1681 396 Postquam
1705 356 1791 389 onim
1814 358 1973 392 concessit
1988 359 2157 394 Charetem
2178 361 2258 394 male
2280 362 2310 394 iu
2331 363 2413 397 hello

1375 420 1409 444 se
1419 412 1566 454 gessisse,
1575 414 1618 446 ita
1630 414 1706 447 dum
1723 416 1824 456 arguit
1836 418 2018 450 AEschinem
2029 418 2226 459 proditionis,
2239 420 2324 462 quod
2342 423 2414 453 Plu·

1378 470 1486 504 locrati
1502 477 1584 505 esset
1599 474 1810 515 suffragatus,
1829 475 1888 508 lide
1901 476 2014 516 ‹l'gnns
2028 478 2123 509 etiam
2137 477 2274 520 videtur,
2286 480 2415 521 quando

1376 538 1508 562 munera
1525 541 1598 564 eum
1614 533 1775 574 accepisse
1790 534 1940 567 affirmat.

1415 591 1446 621 4.
1471 582 1616 631 Largitus
1642 600 1754 626 rursus
1780 602 1818 626 ea
1846 603 1919 635 quoe
1946 594 2147 628 adversarius
2170 596 2257 636 justa
2271 599 2304 631 et
2322 607 2416 640 aeqne

1373 657 1506 700 objicit,
1522 660 1693 694 utilitatem
1720 662 1854 704 opponit
1873 662 1933 703 ita,
1954 664 1989 695 ut
2004 664 2234 696 Demosthenes
2251 664 2366 699 iterum
2384 666 2416 699 in

1373 726 1517 759 oratione
1544 727 1701 760 adversus
1720 728 1913 761 AEschinem.
1960 732 2068 768 Quum
2097 730 2181 764 enim
2209 732 2260 764 ille
2285 732 2416 766 dixisset

1375 793 1477 827 malos
1498 794 1595 828 fuisse
1612 796 1794 829 Phocenses
1805 820 1814 837 ,
1832 797 1864 829 et
1881 798 1983 838 perire
1998 799 2179 839 oportuisse
2197 812 2205 832 t
2227 808 2290 832 non
2303 799 2418 833 advor-

1372 860 1462 893 satus
1477 863 1527 894 est
1539 862 1595 894 sed
1607 863 1796 903 astipulatus
1810 864 1838 896 ei
1854 876 1862 896 :
1876 865 1915 897 At
1931 865 2131 906 reipublicae,
2142 865 2258 908 inquit,
2270 866 2419 900 intererat

1371 939 1427 963 eos
1436 930 1615 964 incolumes
1627 932 1759 964 servari.
1804 934 1913 974 Neque
1924 933 2010 966 enini
2022 934 2280 967 Lacedaemonios
2289 925 2420 976 propter

1374 995 1526 1028 virtutem
1542 997 1619 1030 olim
1633 998 1859 1038 conservastis,
1870 1006 1974 1038 neque
1988 998 2125 1031 nefarios
2136 998 2207 1032 illos
2218 999 2418 1040 Euboenses,

1373 1064 1430 1097 sed
1447 1066 1536 1106 quod
1556 1075 1611 1099 eos
1628 1066 1806 1100 incolumes
1822 1077 1893 1101 esse
1913 1068 2095 1110 reipublicae
2111 1068 2315 1111 expediebat.

1414 1128 1445 1158 5.
1469 1125 1519 1157 Ab
1541 1125 1755 1166 objectatione
1770 1135 1835 1168 qua
1849 1126 1948 1159 utitur
1963 1127 2184 1168 adversarius,
2194 1127 2336 1169 judicem
2360 1128 2419 1160 ab·

1371 1192 1472 1224 duces
1495 1192 1535 1224 ad
1556 1193 1651 1225 aliam
1677 1193 1940 1233 objectationem3
1959 1194 2111 1236 illamque
2131 1195 2336 1233 insolubilem
2356 1209 2419 1234 ne-

1371 1259 1459 1299 gabis
1471 1260 1632 1292 cohaerere
1647 1269 1720 1292 cum
1735 1262 1885 1302 praesenti
1898 1263 2128 1306 controversia,
2141 1264 2199 1298 sed
2214 1265 2297 1300 hanc
2313 1267 2420 1309 polius

1372 1335 1470 1366 quam
1495 1329 1531 1359 tu
1561 1327 1704 1360 vicissim
1729 1328 1836 1360 affers.
1881 1329 1934 1361 Sic
1960 1330 2194 1363 Demosthenes
2216 1331 2250 1364 in
2271 1332 2419 1366 oratioue

1371 1391 1525 1424 adversus
1537 1393 1765 1434 Timocratem,
1777 1403 1877 1435 quum
1892 1395 1944 1428 ille
1958 1395 2091 1430 dixisset
2102 1399 2270 1438 pecuniam
2281 1398 2420 1432 solutam

1371 1469 1442 1492 esse
1458 1460 1498 1492 ab
1511 1461 1727 1502 androtione,
1739 1461 1892 1496 Glaucete
1912 1464 1944 1495 et
1962 1464 2150 1506 Melanopo,
2165 1474 2222 1507 pro
2237 1466 2356 1508 quibus
2371 1475 2421 1500 ac·

1371 1536 1466 1560 cusor
1488 1527 1590 1568 legem
1607 1528 1738 1568 tulisse,
1759 1530 1794 1561 ut
1812 1529 1867 1570 qui
1884 1526 2013 1563 'civitati
2039 1531 2145 1564 adhuc
2160 1532 2330 1566 debuerint
2346 1543 2418 1567 :re-

1371 1595 1508 1636 spondet
1529 1605 1593 1628 non
1612 1596 1679 1636 jam
1701 1596 1823 1637 quaeri,
1838 1597 1948 1628 utrum
1967 1598 2100 1638 pecunia
2119 1598 2160 1630 ab
2177 1598 2240 1632 illis
2256 1599 2361 1634 soluta
2377 1601 2419 1633 sit

1370 1670 1430 1694 nec
1446 1671 1486 1694 ne
1500 1688 1508 1701 ,
1531 1661 1589 1695 sed
1614 1662 1768 1695 feceritne
1786 1662 1986 1696 Timocrates
2001 1663 2164 1697 decretum
2184 1665 2308 1707 legibus
2339 1675 2418 1699 con-

1370 1729 1514 1761 trarium.
1561 1729 1690 1770 Quippe
1707 1728 1871 1762 abducens
1893 1729 2019 1770 judices
2041 1730 2082 1761 ab
2099 1730 2261 1764 insolubili
2277 1731 2418 1773 objecta-

1372 1797 1475 1837 tione,
1494 1795 1579 1837 quod
1605 1796 1739 1837 pecunia
1767 1796 1870 1829 soluta
1895 1797 1936 1828 ab
1960 1796 2022 1829 illis
2047 1799 2149 1838 esset,
2169 1800 2242 1831 Non
2267 1798 2308 1831 de
2336 1799 2416 1841 hoc,

1370 1864 1493 1905 inquit,
1510 1863 1728 1904 contenditur,
1746 1872 1851 1904 neque
1868 1863 1908 1895 de
1928 1863 1991 1895 hoc
2014 1863 2115 1904 legem
2134 1863 2216 1905 tuli,
2233 1864 2289 1897 sed
2308 1865 2420 1906 objicit

1370 1930 1410 1961 de
1430 1930 1618 1970 insolentia,
1639 1933 1670 1962 et
1684 1931 1843 1962 actionem
1862 1930 1966 1971 ipsam
1987 1930 2026 1962 de
2050 1940 2114 1971 qua
2129 1933 2197 1972 jam
2213 1931 2354 1972 litigent,
2371 1931 2417 1964 le·

1361 2000 1463 2042 ‘gibus
1483 2010 1670 2042 repugnare.

1413 2066 1443 2093 6.
1469 2063 1574 2093 Causa
1590 2061 1685 2093 allata
1705 2061 1802 2094 tidem
1820 2061 1916 2093 rebus
1931 2061 2044 2101 facies,
2058 2062 2154 2102 alque
2169 2062 2213 2094 ita
2231 2061 2420 2095 insolubili-s

1369 2128 1603 2168 objectationes
1634 2127 1823 2160 declinabis.
1868 2127 1921 2160 Sic
1949 2127 2183 2160 Demosthenes
2213 2127 2246 2160 in
2273 2127 2419 2162 oratione

1371 2207 1428 2238 pro
1461 2198 1679 2238 Phormione,
1707 2195 1813 2238 quum‘
1838 2196 1991 2229 Phormio
2022 2196 2159 2236 diceret,
2188 2197 2302 2229 mater
2332 2198 2416 2236 tua,

1369 2262 1583 2302 Apollodore,
1606 2261 1694 2294 mihi
1717 2261 1879 2294 obsecuta
1898 2261 2098 2294 testamenti
2123 2259 2268 2293 tabulas
2293 2259 2420 2293 delenit

1370 2329 1402 2358 et
1426 2326 1587 2368 proposita
1603 2325 1780 2366 quaestione
1808 2324 1971 2357 videretur
1985 2323 2172 2356 incredibile
2190 2323 2415 2356 Phormionem

1370 2390 1411 2422 ab
1425 2389 1609 2431 Apollodori
1621 2391 1724 2421 matre
1740 2388 1913 2429 praelatum
1926 2395 1998 2419 esse
2011 2385 2076 2421 lilio
2085 2410 2093 2426 ‚
2105 2394 2201 2418 causa
2217 2386 2312 2418 allata
2323 2385 2418 2418 tiden-

1374 2455 1417 2486 rei
1434 2454 1508 2486 tacit
1522 2453 1642 2494 aitque,
1652 2453 1723 2485 noli
1737 2451 1918 2494 diffiderae
1932 2452 2043 2489 maier
2053 2451 2145 2482 enim
2157 2448 2228 2491 suit
2241 2450 2417 2490 corrupta,

1370 2525 1432 2549 nec
1445 2525 1565 2549 servus
1582 2518 1659 2548 erat
1681 2515 1858 2555 Phormio,
1876 2513 1936 2547 sed
1953 2515 2018 2546 vir.

1371 2581 1472 2622 sugit,
1489 2580 1577 2622 quod
1598 2582 1734 2612 matrem
1754 2578 1921 2611 videbatur
1939 2585 2112 2617 accusare,
2137 2575 2318 2616 significans
2341 2583 2418 2608 coa-

1370 2648 1458 2679 ctum
1475 2649 1506 2679 et
1523 2645 1661 2679 invitum
1678 2653 1712 2677 se
1732 2643 1802 2676 haec
1821 2642 1939 2675 dicere.

1412 2709 1443 2738 7.
1467 2704 1676 2737 Insolubilem
1702 2702 1952 2743 obiectationem
1977 2699 2148 2733 commode
2177 2698 2317 2732 tentabis
2341 2706 2419 2732 eva-

1370 2764 1465 2805 dere,
1486 2764 1512 2796 si
1532 2773 1604 2795 earn
1624 2763 1656 2795 in
1680 2762 1788 2803 partes
1803 2760 1971 2800 diviseris,
1986 2760 2022 2792 ut
2043 2758 2118 2791 fecit
2134 2757 2366 2791 Demosthenes
2385 2755 2419 2789 in

1370 2824 1514 2856 oratione
1535 2823 1690 2855 adversus
1709 2820 1906 2854 AEschinem.
1951 2820 2061 2856 Quum
2077 2816 2163 2849 enim
2181 2816 2233 2849 hic
2250 2816 2420 2849 Athenien·

1370 2886 1460 2918 sibus
1477 2884 1664 2925 emmisset,
1679 2882 1765 2924 quod
1781 2881 1869 2922 pacis
1884 2878 2038 2912 beneficio
2059 2878 2297 2911 chersonesum
2318 2876 2419 2910 habe·

1370 2946 1461 2985 rent,
1482 2945 1514 2976 et
1534 2953 1592 2984 pro
1619 2941 1701 2975 bello
1730 2940 1903 2972 constituta
1921 2939 2007 2971 esset
2028 2945 2112 2978 pax,
2133 2938 2167 2968 et
2188 2930 2420 2968 trecentae'illis

1372 3004 1476 3036 sorent
1500 3011 1617 3043 naves,
1635 3001 1795 3041 simulque
1821 2999 2033 3030 instrumenta
2052 2995 2176 3027 navalia
2192 2995 2224 3026 et
2243 2992 2384 3034 pecuniae
2405 3001 2415 3024 ε

1370 3071 1536 3104 quumque
1557 3062 1628 3092 hacc
1643 3069 1707 3092 non
1721 3058 1830 3100 posset
1848 3055 2044 3095 conjunctim
2067 3053 2211 3086 refellere
2226 3050 2418 3084 Demosthe-

1372 3130 1448 3160 neS‚
1468 3129 1526 3152 nec
1542 3119 1621 3152 falsa
1642 3127 1711 3150 esse
1733 3115 1970 3154 demonstrare,
1987 3112 2098 3145 divisit
2121 3109 2366 3151 objectationem
2385 3107 2417 3139 in

1373 3184 1435 3212 tres
1463 3181 1569 3220 partes
1589 3178 1795 3218 singulasque
1823 3174 1976 3207 inducens
2005 3172 2049 3204 ita
2067 3170 2234 3202 divisionis
2253 3177 2314 3210 ope
2335 3168 2418 3198 hauc

1371 3232 1574 3270 insolubilem
1589 3235 1837 3277 obiectationem
1862 3233 1941 3264 scite
1963 3229 2152 3268 declinavit,
2166 3228 2199 3260 et
2221 3225 2417 3259 solutionum

1371 3297 1477 3338 specie
1496 3297 1590 3329 elusit
1609 3296 1705 3328 etiam
1731 3294 1834 3335 partes
1846 3315 1857 3332 ,
1872 3300 1945 3332 quoe
1965 3289 2047 3322 solvi
2069 3296 2134 3320 non
2151 3286 2291 3327 possent.
2334 3285 2416 3316 Nam

1373 3357 1569 3398 respondens
1594 3355 1633 3387 ad
1661 3354 1817 3395 primam,
1839 3351 2070 3384 Chersonesus
2087 3345 2180 3379 vobis
2200 3346 2268 3384 est,
2285 3351 2329 3374 ex
2345 3349 2417 3383 qua

1372 3422 1502 3455 maqna
1537 3415 1584 3446 vis
1619 3412 1790 3449 frumenti
1818 3409 1912 3442 vobis
1939 3404 2158 3443 subvehitur,
2181 3402 2214 3433 in
2233 3398 2417 3432 inductione

1374 3482 1432 3514 per
1447 3473 1595 3506 mutuam
1614 3469 1854 3503 accusationem
1876 3466 2001 3500 solvere
2022 3460 2271 3503 objectationem
2290 3457 2417 3490 videtur

2063 2511 2185 2552 Reique
2196 2511 2350 2544 invidiam
2365 2516 2418 2545 et-
2471 2512 2483 2521 ⁰

2562 1221 2606 1264 ‚5
