2606 3828
310 259 386 293 380

305 357 344 393 γε
375 344 434 380 τοῦ
455 340 669 384 Ἀπόλλωνος
697 339 944 390 ἐπανορθοῦται
957 365 967 385 ,
990 336 1031 373 δι’
1051 329 1098 374 ὧν
1119 334 1244 388 γράφει
1263 334 1347 374 τάδε

306 400 396 440 κατὰ
422 399 527 444 λέξιν.
587 399 635 440 Σὲ
660 393 718 438 οὖν
746 401 780 436 ἐν
808 396 951 448 Δελφοῖς
979 397 1151 441 καθῆσθαι
1173 393 1221 444 μὴ
1242 394 1346 432 δυνά-

307 474 424 511 μενον,
448 458 527 510 μηδ’
542 460 571 496 εἷ
593 458 746 510 βούλοιο,
764 460 913 494 σιωπᾶν.
972 452 1016 492 Ὁ
1037 452 1065 490 δ’
1083 450 1261 491 Ἀπόλλων
1279 451 1347 505 ἄρα

306 521 325 557 ὃ
339 524 398 558 τοῦ
424 518 505 562 Διὸς
530 517 600 562 υἱός
619 515 693 554 νυνὶ
711 514 897 566 βούλεται,
922 513 987 564 οὐχ
1003 510 1055 549 ὅτι
1073 510 1248 563 βούλεται,
1271 511 1349 549 ἀλλ’

307 577 360 616 ὅτι
383 578 442 615 ὑπ’
459 574 611 626 ἀνάγκης
628 574 672 616 εἷς
691 572 729 610 τὸ
750 572 962 623 βουληθῆναι
979 569 1157 608 τέτακται.
1189 570 1291 608 Δοκῶ
1314 567 1351 607 δέ

308 651 367 686 μοι
383 634 428 673 τὰ
441 633 547 673 λοιπὰ
563 632 679 671 πάντα
692 630 826 682 παρείς,
842 627 962 675 ἐπειδὴ
979 629 1026 671 εἷς
1042 630 1160 666 τοῦτον
1175 628 1233 666 τὸν
1248 626 1349 679 λόγον

307 694 370 732 οὔκ
383 687 445 732 οἶδ’
456 692 548 735 ὅπως
562 689 738 741 ὑπήχθην,
758 686 882 727 οἰκεῖόν
894 703 927 725 τι
938 687 998 725 καὶ
1013 685 1234 734 ἀξιοζήτητον
1247 685 1352 734 ζητή-

308 768 379 791 σειν
397 758 558 804 πρᾶγμα.
590 747 767 787 Ἀπόλωλε
786 746 874 799 γάρ,
893 744 931 784 τό
948 745 979 796 γ’
994 745 1051 783 ἐπὶ
1069 752 1141 789 τοῖς
1157 750 1296 798 σοφοῖς,
1312 746 1351 783 ἐκ

307 813 369 849 τοῦ
393 806 604 860 ἀνθρωπίνου
636 805 729 857 βίου,
750 804 947 851 ἀπόλωλεν,
970 802 1040 842 εἴτε
1061 802 1165 844 οἴακά
1191 821 1242 848 τις
1269 803 1353 843 αὐτὸ

309 868 377 906 εἴτε
397 867 487 920 ἕρμα
507 864 575 903 εἴτε
606 865 760 915 κρηπῖδα
782 863 960 915 ὀνομάζων
989 861 1130 915 χαίρει,
1163 865 1227 910 τῆς
1259 866 1352 913 ἡμε-

307 927 409 979 τέρας
441 927 529 970 ζωῆς
562 927 584 971 ἡ
621 922 778 971 ἐξουσία,
816 922 857 969 ἣν
889 925 993 972 ἡμεῖς
1025 920 1088 971 μὲν
1115 921 1354 974 αὐτοκράτορα

309 987 376 1023 τῶν
401 982 688 1036 ἀναγκαιοτάτων
721 980 908 1031 τιθέμεθα,
930 979 1149 1032 Δημόκριτος
1179 981 1216 1019 δέ
1248 995 1306 1032 γε,
1326 981 1356 1018 εἷ

313 1043 362 1094 μή
381 1058 415 1081 τι
437 1042 645 1092 ἠπάτημαι,
668 1039 728 1079 καὶ
749 1038 974 1091 Χρύσιππος,
997 1040 1015 1076 ὁ
1036 1038 1098 1089 μὲν
1127 1040 1262 1089 δοῦλον,
1281 1041 1299 1076 ὃ
1320 1039 1356 1078 δὲ

308 1100 497 1151 ἡμίδουλον
518 1101 646 1138 ἐπινοεῖ
664 1098 704 1137 τὸ
734 1098 922 1137 κάλλιστον
940 1099 1009 1135 τῶν
1032 1097 1256 1148 ἀνθρωπίνων
1278 1099 1355 1136 ἐπι-

310 1159 428 1203 δεῖξαι.
484 1157 590 1198 Ἀλλὰ
611 1158 742 1196 τούτων
764 1155 825 1207 μὲν
843 1155 943 1207 λόγος
959 1158 1141 1204 τοσοῦτος,
1156 1155 1236 1195 ὅσον
1253 1156 1294 1194 ἄν
1306 1173 1358 1201 τις

311 1218 488 1264 ἀξιώσειεν
510 1216 687 1269 ἄνθρωπος
718 1215 766 1254 ὢν
797 1214 1019 1268 ἀνθρωπίνως
1049 1215 1245 1267 μάχεσθαι·
1266 1217 1296 1254 εἷ
1327 1216 1357 1254 δ’

310 1277 377 1324 ἤδη
397 1276 457 1315 καὶ
487 1275 527 1314 τὸ
548 1277 636 1314 θεῖον
660 1275 763 1325 ἡμῶν
790 1272 1136 1327 καταστρατεύεται,
1156 1279 1286 1322 παπαῖ,
1301 1267 1358 1313 οἶα

311 1335 517 1386 πεισόμεθα.
572 1334 668 1373 Ἀλλ’
690 1336 751 1373 οὐκ
771 1332 883 1384 εἰκός,
906 1331 984 1371 οὐδὲ
1011 1331 1160 1384 δίκαιον,
1182 1332 1251 1371 ἀπὸ
1278 1337 1358 1385 γοῦν

313 1394 445 1434 τούτων
463 1391 751 1447 τεκμαιρομένοις
769 1394 869 1442 ἡμῖν,

365 1493 495 1546 Ἐχθρὲ
515 1495 788 1546 περικτιόνεσσι,
803 1491 873 1545 φίλ’
896 1490 1097 1531 ἀθανάτοισι
1113 1491 1254 1539 θεοῖσιν,

367 1551 450 1590 εἴσω
470 1551 527 1589 τὸν
547 1550 760 1603 προὸόλαιον
781 1549 871 1602 ἔχων
891 1549 1155 1603 πεφυλαγμένος
1173 1544 1253 1597 ἧσο.
1288 1558 1291 1559 ’

315 1643 364 1683 Τί
378 1643 468 1695 γάρ,
491 1642 594 1696 φησὶν
615 1644 633 1680 ὁ
654 1642 826 1694 Ἀργεῖος,
846 1643 875 1680 εἷ
898 1641 1106 1694 βουλοίμην,
1134 1640 1248 1685 ἔξεστί
1278 1657 1356 1692 μοι,

1052 245 1151 286 CYN
1159 244 1357 286 tconnM
1384 243 1720 287 FRAGMENTA.

1461 334 1634 389 Χείρωνος
1649 336 1726 390 φίλε
1746 335 1866 376 τέκνον
1883 338 2110 388 ἁγακλειτοῖο
2126 338 2291 394 Κάρυστε
2302 368 2315 389 ,

1463 394 1597 442 Πήλιον
1619 394 1839 448 ἐκπρολιπὼν
1860 394 2013 441 Bocota<
2028 397 2132 449 ἄκρον
2151 397 2308 450 ἱκέσθαι,

1464 452 1531 492 ἔνθ’
1552 453 1648 506 ἱερὰν
1669 452 1788 506 χώραν
1811 454 1936 500 κτίζειν
1954 470 2007 494 σοι
2025 455 2196 509 θέσφατόν
2217 459 2325 499 ἔστιν,

1464 510 1557 551 Ἀλλ’
1574 510 1638 563 ἴθι,
1656 512 1784 566 μηκέτι
1800 514 1923 566 μέλλε.

1411 606 1464 652 ’Ἦ
1477 612 1545 666 γὰρ
1564 615 1610 658 ὡς
1626 614 1762 662 ἀληθῶς
1780 615 1840 655 ἐπ’
1854 614 2027 669 ἀνθρώπῳ
2045 632 2080 655 τι
2100 616 2211 669 ἐστίν,
2225 610 2254 656 ὦ
2269 615 2458 670 Ἄπολλον,

1415 672 1474 711 καὶ
1495 674 1710 724 βουληθῆναι
1730 675 1867 722 Πήλιον
1886 676 2124 729 ἔκπρολιπεῖν,
2144 676 2260 729 κύριός
2278 678 2351 728 εἰμι
2370 676 2460 730 ἰγώς

1415 731 1489 771 Καὶ
1517 731 1586 783 μὴν
1611 733 1738 780 ἤκουον
1764 734 1861 787 παρὰ
1891 737 2032 775 πολλῶν
2053 736 2114 775 καὶ
2135 738 2262 790 σοφῶν,
2281 735 2334 776 ὅτι
2353 735 2386 777 εἴ
2401 750 2461 788 μοι

1414 791 1603 843 πέπρωται
1635 793 1788 838 Εὖὸοίας
1819 794 1925 846 ἄκρον
1951 795 2089 834 ἱκέσθαι
2119 795 2181 834 καὶ
2213 795 2310 848 ἱερὰν
2341 795 2463 849 χώραν

1415 851 1558 898 κτίζειν,
1577 851 1638 889 καὶ
1658 851 1777 903 ἵξομαι
1797 853 1858 892 καὶ
1879 854 2010 902 κτίσω,
2031 853 2101 892 εἴτε
2131 853 2262 906 λέγοις,
2287 852 2356 892 εἴτε
2389 852 2461 904 μή,

1417 909 1476 949 καὶ
1505 909 1574 948 εἴτε
1598 910 1804 962 βουλοίμην,
1821 911 1890 950 εἴτε
1913 912 1978 963 μή.
2036 914 2087 957 Εἰ,
2103 912 2141 951 δέ
2161 928 2205 963 με
2228 911 2358 952 δεῖκαὶ
2381 915 2465 965 βου-

1417 970 1565 1016 ληθῆναι
1584 968 1621 1018 ὅ,
1637 985 1672 1007 τι
1701 985 1762 1020 μοι
1783 969 1921 1022 ἀνάγκη
1955 971 2029 1010 ἐστὶ
2052 971 2113 1010 καὶ
2146 973 2176 1010 εἷ
2200 971 2249 1023 μὴ
2275 970 2466 1023 βουλοίμην

1422 1028 1653 1079 βουληθῆναι·
1675 1028 1766 1066 ἀλλὰ
1793 1027 1853 1076 σύ,
1882 1021 1911 1067 ὦ
1942 1027 2128 1078 Ἄπολλον,
2160 1029 2385 1069 πιστεύεσθαι
2416 1029 2467 1068 δι-

1421 1086 1612 1138 καιότερος.
1669 1085 1798 1126 Ἔοικα
1820 1087 1863 1135 δή
1885 1103 1938 1128 σοι
1962 1089 2096 1140 μᾶλλον
2116 1087 2309 1143 προσέξειν.

1475 1190 1654 1243 Ἄγγειλον
1673 1193 1841 1246 Παρίοις,
1867 1192 2112 1243 Τελεσίκλεες,
2128 1193 2175 1238 ὥς
2191 1209 2231 1233 σε
2249 1192 2381 1233 κελεύω

1476 1250 1572 1304 νήσῳ
1593 1253 1628 1290 ἐν
1648 1251 1771 1306 Ἢερίῃ
1788 1253 1914 1299 κτίζειν
1933 1253 2103 1294 εὐδείελον
2125 1253 2229 1295 ἄστυ.

1423 1353 1577 1407 Ἀγγελῶ
1598 1356 1639 1403 νὴ
1663 1357 1749 1406 Δία,
1781 1359 1902 1412 (φήσει
1922 1359 2017 1412 τάχα
2039 1359 2106 1399 πού
2129 1376 2182 1404 τις
2205 1359 2468 1415 τετυφωμένος,

1426 1413 1448 1460 ἤ
1482 1429 1521 1453 σε
1554 1414 1742 1469 ἐλέγχων,)
1776 1417 1842 1456 κᾶν
1877 1418 1926 1469 μὴ
1963 1421 2151 1471 κελεύσῃς·
2179 1418 2364 1472 πέπρωται
2387 1418 2469 1472 γάρ.

1427 1473 1501 1512 Καὶ
1532 1474 1607 1513 ἔστι
1639 1475 1758 1520 Θάσος
1786 1477 1850 1528 μὲν
1871 1478 2039 1531 ἡ“Ἧερία
2071 1481 2192 1526 νῆσος·
2220 1477 2344 1526 ἥξουσι
2361 1479 2396 1517 δ’
2415 1479 2472 1517 ἐπ’

1430 1531 1537 1579 αὐτὴν
1558 1534 1712 1585 Πάριοι,
1734 1535 1941 1588 Ἀρχιλόχου
1971 1540 2030 1575 τοῦ
2053 1538 2138 1588 ἐμοῦ
2157 1538 2232 1576 υἱοῦ
2253 1537 2473 1590 φράσαντος,

1428 1589 1482 1628 ὅτι
1515 1594 1537 1638 ἡ
1571 1594 1674 1639 νῆσος
1705 1593 1795 1642 αὕτη
1827 1595 1909 1648 πρὶν
1928 1595 2053 1648 Ἢερία
2089 1597 2261 1635 ἐκαλεῖτο.
2320 1595 2372 1635 Σὺ
2398 1591 2472 1644 οὖν,

1430 1648 1539 1694 δεινὸς
1557 1650 1624 1703 γὰρ
1654 1652 1862 1701 ἐπεξελθεῖν,
1882 1655 1944 1692 οὐκ
1965 1655 2068 1707 ἀνέξῃ
2093 1647 2193 1706 οἶμαι
2214 1657 2344 1707 αὐτοῦ,
2368 1655 2477 1700 οὕτως

315 1700 375 1740 καὶ
410 1701 577 1752 δύναμαι,
607 1700 639 1739 εἴ
670 1715 731 1751 μοι
763 1699 871 1749 δόξει,
893 1695 999 1747 ἧσθαι
1032 1700 1092 1738 καὶ
1117 1699 1362 1752 πεφυλάχθαι;
1427 1705 1523 1751 ὄντος
1557 1709 1751 1764 ἀχαρίστου
1785 1711 1845 1750 καὶ
1883 1713 2043 1764 θρασέος,
2077 1713 2132 1762 ὅς,
2171 1715 2202 1752 εἴ
2236 1712 2286 1764 μὴ
2322 1712 2364 1754 σὺ
2399 1729 2474 1765 μη-

314 1759 493 1810 Ἔξεστιν,
516 1758 624 1803 εἴποις
641 1761 699 1810 ἄν,
717 1758 778 1798 καὶ
795 1757 958 1798 δύνασαι·
975 1757 998 1806 ἢ
1015 1760 1089 1803 πῶς
1120 1759 1161 1797 ἄν
1194 1774 1247 1797 σοι
1270 1762 1364 1798 τοῦτ’

316 1817 386 1871 ἐγὼ
405 1816 661 1871 προσέταττον;

1427 1767 1530 1804 νῦσαι
1551 1770 1646 1821 αὐτῷ
1671 1769 1862 1817 ἐὸουλήθης
1876 1801 1886 1819 ,
1905 1772 1968 1810 οὐκ
1988 1771 2030 1809 ἄν
2049 1787 2133 1810 ποτε
2148 1771 2324 1824 ἤγγειλεν,
2343 1772 2414 1811 οὔδ’
2434 1771 2478 1811 ἂν

1428 1821 1632 1878 Ἀρχίλοχος
1651 1831 1669 1867 ὃ
1689 1828 1760 1872 υἱὸς
1783 1826 1887 1868 αὐτοῦ
1910 1829 2065 1883 Παρίους
2095 1829 2317 1880 ἐξενάγησεν,
2338 1831 2410 1869 οὐδ’
2432 1829 2476 1869 ἂν

322 1894 2466 1918 -.———————-..————————--

317 1939 479 1972 quamque
502 1930 617 1963 acriter
632 1939 706 1963 cum
725 1930 831 1971 VUlgls
849 1932 919 1963 tum
941 1931 1042 1971 iPSiUS
1060 1940 1190 1972 quoque
1212 1931 1369 1972 APOlfissiS
1432 1949 1527 1981 posse
1540 1940 1632 1972 illum
1653 1942 1879 1983 respondebis,
1894 1942 2035 1983 alioquin
2054 1943 2115 1975 hoc
2133 1945 2166 1976 te
2187 1952 2354 1985 nunquam
2374 1943 2477 1988 impe-

317 1998 439 2022 errores
461 1989 650 2022 convincat.
679 1989 732 2022 Sic
745 1989 830 2021 enim
850 1989 889 2021 ad
910 1989 1044 2022 verbum
1063 1989 1195 2022 scribit:
1212 1992 1256 2022 Te
1273 1990 1370 2031 igitur
1432 2002 1577 2032 saturum
1594 1999 1694 2032 fuisse
1712 2013 1720 2033 2

318 2048 450 2089 Delphis
467 2048 577 2081 sedere
590 2057 627 2080 ac
640 2053 700 2088 ne,
717 2048 744 2080 si
762 2048 841 2080 velis
859 2047 988 2088 quidem
999 2073 1007 2087 ,
1023 2048 1115 2081 silere
1130 2057 1233 2089 posse.
1246 2050 1370 2090 Nempe

322 2106 433 2147 Apollo
450 2107 540 2139 Jovis
564 2106 647 2139 filius
664 2115 752 2139 nunc
773 2106 844 2139 vult
871 2107 1014 2148 aliquid,
1033 2116 1098 2139 non
1118 2116 1183 2148 quo
1211 2107 1254 2139 ita
1270 2108 1368 2148 velit,

321 2165 375 2198 sed
396 2165 484 2207 quod
504 2165 692 2198 necessitate
706 2154 846 2206 qn'adam
862 2165 902 2197 ad
916 2165 998 2197 banc
1018 2165 1215 2198 voluntatem
1235 2167 1370 2207 cogitur.

322 2224 441 2256 Videor
461 2224 539 2256 mihi
556 2232 630 2256 vero
646 2224 774 2256 caeteris
793 2224 944 2256 omnibus
962 2224 1206 2265 praetermissis,
1226 2225 1371 2265 quando·

322 2283 452 2324 quidem
478 2282 585 2315 nescio
617 2291 682 2323 quo
717 2283 807 2324 pacto
830 2283 869 2314 ad
902 2282 985 2316 hanc
1014 2283 1190 2316 orationem
1212 2283 1372 2316 adductus

324 2351 415 2382 sum,
432 2342 471 2374 de
491 2350 527 2374 re
542 2350 616 2373 cum
637 2341 734 2382 hujus
752 2341 812 2374 loci
832 2342 979 2383 propria,
995 2342 1065 2374 tum
1081 2342 1165 2374 scitu
1184 2341 1372 2382 dignissima

326 2400 533 2440 quaesiturus.
585 2399 719 2431 Sublata
754 2399 906 2431 nimirum
942 2400 992 2431 est
1021 2399 1183 2438 funditus,
1214 2401 1371 2440 quantum

325 2458 454 2499 quidem
470 2458 503 2489 in
529 2458 649 2490 nostris
664 2457 859 2498 sapientibus
876 2457 952 2498 fuit,
971 2466 1011 2490 ex
1032 2458 1173 2490 humana
1191 2459 1275 2498 vita,
1294 2458 1369 2490 sub-

326 2517 407 2555 lata,
431 2516 581 2556 inquam,
598 2516 734 2548 facultas
759 2516 812 2548 illa
847 2516 922 2548 vitae
946 2519 1063 2548 nostrae
1091 2525 1190 2557 quam
1220 2516 1290 2557 ejus
1316 2525 1372 2549 seu

327 2574 605 2615 gubernaculum,
624 2583 681 2606 seu
699 2575 849 2607 columen
873 2575 997 2615 mavis,
1013 2583 1071 2607 seu
1095 2575 1237 2616 denique
1259 2575 1374 2607 funda·

329 2633 476 2664 mentum
489 2633 628 2673 appelles
641 2632 732 2673 licet;
747 2642 805 2664 nos
822 2641 930 2665 rerum
943 2633 1195 2676 necessariarum
1207 2633 1374 2666 dominam

329 2691 565 2731 existimamus,
586 2694 619 2723 at
646 2693 850 2724 Democritus
877 2694 910 2724 et
936 2693 1157 2735 Chrysippus,
1182 2693 1245 2726 nisi
1274 2693 1375 2734 fallor,

328 2749 408 2781 alter
425 2751 580 2791 servam,
607 2749 687 2783 alter
709 2750 843 2782 dimidia
874 2752 1030 2785 servitute
1055 2760 1240 2794 oppressam
1269 2761 1376 2784 rerum

330 2809 543 2841 humanarum
579 2809 826 2849 pulcherrimam
861 2819 934 2843 esse
974 2811 1196 2844 demonstrare
1224 2812 1374 2844 instituit.

329 2868 452 2899 Verum
470 2867 606 2899 istorum
634 2869 766 2900 eatenus
791 2877 869 2900 sane
887 2869 968 2901 ratio
995 2869 1122 2911 valeat,
1138 2870 1297 2911 quatenus
1315 2870 1375 2902 bu-

333 2925 466 2957 maniter
481 2924 637 2957 duntaxat
652 2925 800 2958 homines
818 2928 950 2959 utentur
968 2927 1079 2960 armis.
1124 2928 1180 2960 Sin
1196 2930 1305 2961 autem
1319 2938 1377 2962 nos

331 2983 437 3024 ipsum
453 2982 519 3023 jam
547 2983 680 3015 deorum
701 2993 821 3016 numen
839 2986 1054 3027 oppugnabit,
1077 2986 1167 3027 quis,
1191 2996 1299 3028 papae,
1320 2996 1375 3020 no·

314 3034 475 3073 'stratum
494 3041 714 3074 calamitatum
732 3042 806 3074 finis
826 3043 909 3075 erit?
932 3044 974 3076 At
998 3044 1029 3076 id
1054 3053 1158 3086 noque
1186 3046 1375 3087 verisimile,

332 3108 437 3140 neque
452 3099 575 3141 justum
595 3100 709 3140 tuerit,
724 3101 750 3132 si
768 3100 897 3141 quidem
916 3109 954 3132 ex
980 3101 1067 3134 hisee
1098 3102 1245 3135 versibus
1268 3103 1375 3144 conje-

333 3159 458 3189 cturam
472 3166 584 3199 capere
601 3157 712 3198 liceat,
1306 3148 1309 3151 μ

375 3250 534 3283 Finitimis
547 3251 667 3292 invise,
689 3251 756 3284 deis
770 3251 887 3284 dilecte
901 3251 1023 3291 beatis,

375 3309 507 3342 interius
525 3311 667 3344 tutamen
680 3310 801 3343 habens
813 3312 990 3352 cautusque
1004 3310 1126 3344 sedeto.

335 3405 418 3442 Quid
440 3407 543 3447 enim,
557 3407 661 3447 inquit
682 3408 836 3448 Argivus,
854 3407 1000 3440 licebitne
1023 3408 1049 3440 si
1070 3407 1201 3440 volam?
1224 3410 1375 3447 praeterea

337 3463 495 3502 possimne
515 3465 625 3497 sedere
642 3467 674 3498 et
690 3475 820 3506 cavere,
842 3467 867 3499 si
887 3466 1002 3499 libeat?
1018 3468 1067 3499 Tu
1089 3474 1166 3498 vero
1186 3466 1279 3499 licere
1298 3467 1325 3499 ei
1343 3469 1375 3499 et

1473 2076 1621 2109 Chironis
1635 2076 1741 2118 magni
1761 2077 1888 2110 soboles
1908 2077 2076 2119 praeclara,
2098 2079 2252 2119 Caryste,

1473 2135 1586 2168 desere
1602 2136 1765 2168 Peliacum
1780 2138 1923 2173 montem
1933 2160 1943 2179 ‚
1958 2137 2155 2178 Euboeeeque
2171 2138 2310 2179 potentis

1473 2195 1600 2227 eulmen
1619 2195 1670 2227 adi
1694 2208 1703 2227 ι
1721 2204 1846 2228 sacram
1867 2196 1920 2228 btc
1939 2196 2040 2229 fatum
2057 2198 2108 2230 est
2124 2196 2182 2229 tibi
2199 2205 2319 2238 ponere
2336 2197 2456 2232 sedem.

1474 2256 1559 2294 Ergo
1573 2263 1631 2294 age
1643 2277 1652 2293 ,
1670 2263 1783 2295 rumpe
1800 2263 1918 2287 moras.

1433 2346 1502 2379 Ain’
1519 2348 1556 2379 tu
1572 2346 1695 2387 aliquid
1708 2370 1718 2387 ,
1731 2355 1752 2378 o
1770 2346 1885 2386 Apollo
1897 2369 1907 2386 ,
1922 2354 1998 2378 vere
2017 2345 2050 2378 in
2068 2345 2206 2378 hominis
2223 2346 2376 2387 potestate
2392 2349 2482 2380 esse?

1434 2406 1548 2438 licetne
1575 2405 1655 2438 mihi
1678 2413 1750 2437 meo
1769 2404 1902 2437 arbitrio
1924 2404 2006 2437 velle
2024 2404 2150 2437 Pelium
2169 2404 2373 2446 relinquere?
2385 2406 2481 2447 Atqui

1434 2473 1475 2497 ex
1490 2464 1601 2497 multis
1616 2463 1814 2505 sapientibus
1831 2463 1908 2496 viris
1924 2462 2088 2495 audieram
2099 2488 2108 2503 ‚
2123 2463 2150 2495 si
2173 2463 2252 2495 mihi
2270 2455 2372 2496 fatum
2396 2465 2482 2497 esset

1435 2524 1468 2556 in
1489 2523 1621 2556 Euboeae
1647 2522 1905 2564 promontorium
1936 2521 2045 2554 venire
2075 2529 2114 2554 ac
2141 2530 2268 2554 sacram
2296 2522 2408 2554 urbem
2437 2522 2482 2556 ibi

1436 2583 1591 2622 condere,
1612 2582 1679 2614 fore
1699 2582 1735 2614 ut
1754 2589 1792 2613 eo
1811 2581 1955 2613 venirem
1983 2580 2135 2621 illamque
2153 2580 2282 2622 volens,
2299 2581 2432 2622 nolens,
2450 2583 2483 2615 te

1436 2645 1503 2677 sive
1528 2643 1654 2676 dicente
1679 2643 1746 2675 sive
1765 2651 1829 2675 non
1855 2641 2196 2682 dicente,conderem.
2239 2642 2295 2675 Sin
2324 2643 2482 2677 autemid

1436 2711 1564 2744 quoque
1586 2710 1638 2734 me
1656 2702 1739 2734 velle
1757 2701 1900 2742 oportet,
1921 2700 2007 2741 quod
2032 2700 2204 2733 necessitas
2222 2702 2260 2733 ut
2283 2700 2335 2734 vel
2362 2701 2482 2735 invitus

1438 2762 1535 2794 velim
1553 2769 1607 2794 me
1619 2763 1711 2801 cogat
1727 2770 1735 2792 :
1750 2762 1787 2793 tu
1800 2759 1864 2792 fide
1878 2759 2052 2797 nimirum,
2069 2759 2181 2801 Apollo
2191 2783 2200 2799 ,
2215 2759 2339 2800 dignior
2356 2769 2403 2793 ez.
2426 2761 2483 2794 Vi-

1436 2821 1514 2853 deor
1529 2829 1605 2860 ergo
1621 2819 1679 2852 tibi
1699 2820 1806 2861 potius
1823 2818 2074 2851 auscultaturus.

1478 2912 1492 2942 1
1512 2909 1688 2950 Pariosque
1705 2915 1818 2947 mone,
1836 2906 2027 2946 Telesieies,
2045 2905 2179 2938 numine
2196 2907 2330 2946 nostro,

1479 2968 1583 3001 insula
1597 2969 1630 3000 in
1642 2966 1738 3000 Aeria
1754 2965 1925 3012 sublimem
1943 2965 2073 2998 sedibus
2092 2964 2204 2998 urbem

1478 3027 1616 3060 condere
1633 3028 1665 3060 te
1678 3026 1818 3067 jussum.

1437 3117 1596 3150 certiores
1614 3115 1703 3155 illos,
1722 3123 1780 3155 per
1795 3115 1909 3147 Jovem
1921 3137 1930 3153 ‚
1945 3120 1982 3145 ea
1998 3111 2038 3144 de
2057 3120 2092 3144 re
2108 3111 2221 3143 faciam
2232 3134 2242 3152 ,
2261 3109 2396 3151 (inquiet
2413 3106 2492 3143 ror-t

1438 3177 1525 3207 tasse
1544 3175 1712 3215 protervus
1728 3172 1888 3214 quispiam
1899 3195 1909 3212 ‚
1922 3174 1978 3203 aut
1997 3170 2140 3212 quisquis
2158 3169 2301 3202 refellere
2315 3170 2346 3201 te
2366 3169 2480 3209 volet‚)

1438 3233 1566 3265 etiamsi
1587 3232 1665 3264 nihil
1679 3231 1794 3272 jubeas
1810 3243 1817 3263 z
1833 3230 1866 3262 id
1886 3229 1972 3263 enim
1996 3229 2097 3262 fatum
2117 3227 2196 3260 milii
2214 3228 2273 3260 est.
2317 3227 2478 3259 caeterum

1437 3293 1530 3325 Aeria
1547 3292 1598 3323 illa
1615 3291 1718 3324 insula
1737 3290 1862 3324 Thasus
1878 3290 1944 3330 est,
1957 3289 1990 3322 in
2003 3297 2105 3330 quam⁴
2123 3290 2252 3320 auctore
2265 3285 2456 3318 Archilocho
2468 3310 2478 3326 ,

1439 3352 1503 3384 tilio
1518 3360 1589 3383 meo
1600 3375 1609 3391 ,
1626 3350 1711 3382 Parii
1733 3358 1769 3382 se
1784 3349 1967 3389 conferent3
1980 3348 2050 3380 haec
2067 3346 2153 3379 enim
2166 3344 2268 3378 insula
2286 3345 2373 3386 prius
2386 3344 2479 3377 Aeria

1436 3411 1622 3442 vocabatur.
1667 3410 1715 3442 Tu
1732 3406 1840 3441 autem
1862 3408 1899 3440 ut
1918 3407 1952 3439 in
1971 3404 2153 3439 ulciscendo
2172 3411 2305 3436 severus
2328 3411 2382 3442 es,
2397 3411 2479 3434 nun-

1436 3476 1556 3508 quam,
1583 3467 1708 3508 opinor,
1733 3466 1896 3498 hominem
1925 3468 1989 3501 tam
2016 3464 2177 3504 ingratum
2203 3463 2298 3503 atque
2323 3460 2476 3493 audacem
