2638 3840
304 292 353 324 68
1145 280 1611 320 PYTHAGOREORUM

301 373 452 421 ταὸἧναι
473 380 520 406 ¹⁰7
542 375 592 412 δεῖ
612 375 688 426 μετ’
707 372 883 415 εὖσεὸείας
904 373 950 415 εἷς
969 370 1031 418 τὴν
1051 370 1216 418 τοιαύτην
1232 370 1344 416 τάξιν.

301 431 383 472 Ἔτι
413 431 449 471 δὲ
480 433 617 484 λέγουσι
649 431 766 471 πάντα
803 432 934 485 φαῦλον
970 429 1180 480 μαίνεσθαι,
1211 429 1352 480 ἄγνοιαν

303 491 431 544 ἔχοντα
452 495 559 530 αὑτοῦ
579 490 639 530 καὶ
663 493 732 529 τῶν
757 492 835 528 καθ’
856 488 975 539 αὑτόν,
1010 487 1096 540 ὅπερ
1122 487 1197 527 ἐστὶ
1231 487 1353 539 μανία.

304 550 382 597 Τὴν
403 549 439 588 δὲ
460 549 600 600 ἄγνοιαν
623 542 710 588 εἶναι
731 547 889 588 ἐναντίαν
909 546 1035 586 κακίαν
1058 549 1102 600 τῇ
1128 546 1355 600 σωφροσύνῃ·

304 609 434 656 ταύτην
466 607 503 646 δὲ
536 607 621 660 πρός
649 607 682 645 τί
709 623 782 651 πως
816 606 965 658 ἔχουσαν
998 606 1263 651 ἀκαταστάτους
1297 607 1357 646 καὶ

304 666 484 710 πτοιώδεις
506 666 751 718 παρεχομένην
783 664 844 710 τὰς
874 665 985 716 ὁρμάς
999 697 1009 715 ,
1030 665 1159 716 μανίαν
1179 659 1286 704 εἶναι·
1305 666 1358 705 διὸ

303 726 361 764 καὶ
381 724 622 778 ὓπογράφουσι
647 723 709 772 τὴν
728 724 857 774 μανίαν
879 724 1007 772 οὕτως,
1027 724 1169 776 ἄγνοιαν
1186 724 1355 772 πτοιώδη.

302 782 388 823 Ἔτι
409 783 444 821 δὲ
466 786 536 821 τῶν
560 785 698 835 ἀγαθῶν
725 782 770 821 τὰ
797 782 859 834 μὲν
877 775 964 821 εἶναι
978 782 1025 807 ¹⁰⁸
1053 784 1095 822 δι’
1115 784 1204 822 αὑτὰ
1224 784 1357 836 αἱρετοί,

306 842 350 881 τὰ
366 842 401 881 δὲ
419 841 595 889 ποιητικοί.
655 840 798 881 ‘ondam
815 841 877 892 μὲν
896 836 954 880 οἶν
969 841 1107 886 οὐδενὸς
1121 842 1228 882 ἄλλου
1246 841 1359 882 ἕνεκεν

307 904 354 946 εἷς
384 900 525 952 εὔλογον
558 898 691 953 αἵρεσιν
717 898 882 952 ἔρχεται,
905 900 948 939 δι’
967 901 1057 940 αὑτὰ
1083 902 1227 954 αἱρετά·
1246 903 1359 941 ὁπόσα

309 958 344 998 δὲ
365 963 414 1013 τῷ
436 958 564 1011 ἑτέρων
585 960 689 997 τινῶν
709 958 1022 1012 παρασκευαστικὰ
1047 960 1248 1012 γίγνεσθαι,
1269 960 1361 999 κατὰ

304 1019 342 1056 τὸ
363 1018 543 1066 ποιητικὸν
565 1017 745 1070 λέγεσθαι.
805 1017 879 1056 Καὶ
902 1025 972 1058 πᾶν
994 1019 1057 1070 μὲν
1080 1020 1209 1072 ἀγαθὸν
1226 1019 1361 1072 αἱρετὸν

309 1072 420 1124 εἶναι,
440 1075 583 1129 ἀρεστὸν
616 1076 704 1129 γάρ,
743 1076 803 1114 καὶ
839 1077 1067 1129 δοκιμαστόν,
1085 1079 1146 1117 καὶ
1178 1078 1361 1118 ἐπαινετὸν

309 1135 491 1189 ὑπάρχειν·
513 1141 584 1174 πᾶν
613 1135 649 1173 δὲ
678 1134 787 1174 κακὸν
813 1135 975 1189 φευκτόν.
1034 1135 1087 1175 Τὸ
1119 1135 1187 1189 γὰρ
1220 1136 1362 1188 ἀγαθόν,

306 1194 393 1233 καθὸ
417 1193 480 1244 μὲν
508 1192 640 1246 αἵρεσιν
675 1192 814 1248 εὔλογον
849 1200 961 1248 κινεῖ,
1002 1195 1136 1247 αἱρετόν
1164 1197 1251 1233 ἐστι·
1274 1195 1362 1234 καθὸ

311 1253 347 1291 δὲ
366 1253 573 1297 ἀνυπόπτως
593 1255 640 1296 εἷς
659 1250 790 1306 αἵρεσιν
809 1252 970 1307 ἔρχεται,
991 1254 1135 1308 ἀρεστόν
1154 1258 1214 1287 ¹⁰9·
1228 1254 1314 1292 καθὸ
1327 1253 1362 1292 δὲ

309 1313 415 1350 πάλιν
436 1313 584 1363 εὐλόγως
604 1311 644 1350 ἄν
666 1328 718 1355 τις
737 1313 818 1365 περὶ
838 1314 946 1352 αὐτοῦ
967 1313 1199 1366 ὑπολαμὸοίνῃ
1214 1320 1278 1362 ¹¹⁰,
1296 1315 1363 1351 τῶν

315 1374 505 1411 ἐπαινετῶν
526 1365 627 1412 εἶναι.
686 1370 770 1412 Ἔτι
788 1371 822 1410 δὲ
845 1374 914 1410 τῶν
938 1374 1075 1425 ἀγαθῶν
1107 1371 1151 1410 τὰ
1184 1371 1247 1423 μὲν
1277 1365 1365 1410 εἶναι

312 1433 347 1470 ἓν
366 1431 501 1478 κινήσει
519 1437 583 1480 ¹¹¹,
603 1429 647 1469 τὰ
667 1430 703 1469 δὲ
722 1432 756 1469 ἓν
778 1430 913 1484 σχέσει.
972 1431 1034 1470 Ἔν
1055 1431 1193 1478 κινήσει
1226 1430 1289 1482 μὲν
1321 1429 1365 1469 τὰ

310 1494 476 1536 τοιαῦτα,
510 1488 639 1542 χαράν,
676 1489 901 1542 εὐφροσύνην,
935 1489 1093 1543 σώφρονα
1136 1491 1296 1542 ὁμιλίαν·
1330 1491 1365 1528 ἐν

314 1547 434 1601 σχέσει
451 1547 487 1586 δὲ
508 1547 550 1585 τὰ
573 1550 743 1593 τοιαῦτα,
763 1546 929 1587 εὔτακτον
953 1548 1119 1601 ἡσυχίαν,
1140 1547 1249 1599 μονὴν
1279 1548 1364 1587 ἀτοί-

314 1623 436 1660 ραχον,
467 1606 646 1659 προσοχὴν
678 1606 861 1659 ἔπανδρον.
924 1609 1007 1647 Τῶν
1040 1606 1132 1645 δὲέν
1164 1607 1286 1660 σχέσει
1307 1607 1366 1652 τὰς

316 1666 378 1717 μὲν
394 1666 454 1705 καὶ
472 1667 506 1703 ἐν
526 1665 593 1710 ἔξει
612 1659 698 1703 εἶναι
710 1695 720 1712 ,
738 1660 807 1704 οἷον
829 1665 890 1710 τὰς
908 1666 1033 1719 ἀρετάς
1045 1682 1053 1691 ·
1070 1666 1131 1710 τὰς
1151 1667 1181 1704 δ’
1198 1668 1233 1704 ἐν
1248 1667 1367 1719 σχέσει

315 1724 434 1776 μόνον,
453 1725 500 1768 ὡς
518 1724 563 1762 τὰ
584 1723 743 1778 ῥηθέντα.
803 1724 864 1763 Ἐν
892 1724 960 1769 ἕξει
995 1724 1030 1763 δὲ
1068 1727 1106 1764 οὐ
1142 1725 1249 1775 μόνας
1281 1719 1368 1764 εἶναι

315 1783 376 1828 τὰς
411 1782 554 1835 ἀρετάς,
588 1783 680 1820 ἀλλὰ
707 1783 767 1822 καὶ
799 1782 862 1827 τὰς
894 1784 1004 1828 ἄλλας
1030 1784 1157 1836 τέχνας
1180 1784 1241 1828 τὰς
1262 1786 1297 1823 ἐν
1317 1787 1368 1837 τῷ

318 1842 497 1895 σπουδαίῳ
533 1840 633 1894 ἀνδρὶ
662 1842 910 1885 ἀλλοιωθείσας
942 1842 1008 1880 ὑπὸ
1040 1845 1101 1890 τῆς
1129 1845 1277 1895 ἀρετῆς,
1308 1843 1368 1882 καὶ

316 1899 502 1953 γενομένας
521 1899 795 1952 ἀμεταπτώτους
808 1931 816 1949 ,
831 1901 933 1939 οἱονεὶ
948 1901 1014 1953 γὰρ
1033 1901 1157 1954 ἀρετὰς
1176 1902 1366 1953 γίγνεσθαι.

316 1959 415 1999 Φασὶ
439 1960 475 1998 δὲ
495 1959 555 1998 καὶ
579 1963 648 1999 τῶν
666 1960 699 1997 ἐν
723 1959 790 2004 ἕξει
817 1961 957 2013 ἀγαθῶν
990 1954 1077 1999 εἶναι
1110 1961 1154 1999 τὰ
1188 1963 1370 2010 ἐπιτηδεύ-

318 2102 357 2125 ac
376 2102 434 2125 sua
451 2092 649 2133 ignorantes,
661 2092 695 2125 id
709 2093 794 2134 quod
811 2095 860 2125 est
875 2093 1017 2126 insaniae.
1036 2095 1248 2134 Ignorantiam
1265 2097 1372 2126 autem

321 2151 513 2192 pravitatem
534 2160 605 2183 esse
623 2151 801 2192 prudentiae
817 2152 1172 2194 contrariam3eamque
1190 2153 1222 2184 in
1241 2153 1374 2194 singulis

320 2210 538 2243 inconstantes
562 2212 659 2252 atque
681 2211 834 2244 attonitas
864 2211 1049 2244 reddentem
1075 2211 1286 2252 cupiditateS,
1304 2221 1375 2245 esse

321 2269 493 2309 insaniam3
515 2271 612 2310 atque
633 2270 715 2302 hanc
733 2269 775 2302 ob
795 2278 924 2302 causam
943 2270 1097 2302 insaniam
1116 2270 1272 2302 definiunt
1286 2270 1374 2311 igno·

323 2329 460 2361 rantiam
480 2330 663 2362 attonitam.
709 2331 873 2362 Bonorum
891 2339 986 2372 porro
1002 2330 1092 2371 ajunt
1112 2330 1174 2362 alia
1189 2339 1256 2363 esse
1273 2339 1328 2372 per
1343 2339 1376 2363 se

323 2388 506 2429 expetenda
518 2413 527 2430 ‚
542 2388 603 2421 alia
616 2389 798 2422 efficientia.
821 2391 902 2422 Nam
917 2399 989 2431 quae
1004 2389 1122 2422 nullius
1137 2390 1267 2422 alterius
1281 2399 1377 2422 causa

324 2451 410 2479 recte
430 2448 639 2489 expetuntur,
658 2456 713 2488 per
732 2456 768 2480 se
795 2448 971 2489 expetenda
999 2457 1085 2488 esse;
1104 2457 1178 2489 quae
1203 2453 1311 2481 autem
1336 2458 1376 2481 ex

324 2515 363 2537 eo
383 2505 469 2545 quod
489 2505 528 2537 ad
549 2505 635 2538 aliud
655 2505 732 2546 quid
760 2506 847 2538 viam
875 2507 1002 2547 parent,
1024 2506 1088 2538 dici
1108 2507 1287 2540 efficientia.
1331 2509 1378 2539 Ac

326 2563 445 2595 honum
465 2564 595 2604 quidem
609 2573 703 2596 omne
718 2564 933 2605 expetendum
953 2574 1042 2606 esse,
1057 2566 1208 2606 quoniam
1226 2566 1376 2606 placitum

325 2621 383 2662 sit,
410 2623 570 2662 simulque
600 2623 771 2664 probatum
803 2627 835 2656 et
862 2623 1020 2656 laudabile
1049 2634 1134 2663 esse3
1157 2625 1278 2659 malum
1304 2634 1379 2658 vero

328 2689 424 2712 omne
448 2681 644 2722 fugiendum.
690 2682 816 2714 Etenim
836 2682 957 2714 bonum
977 2687 1137 2724 quatenus
1152 2683 1282 2724 quidem
1305 2693 1379 2725 pro-

328 2747 404 2771 nam
432 2739 482 2771 sni
511 2740 694 2781 cupidinem
727 2742 856 2781 movet,
887 2742 1101 2783 expetendum
1130 2744 1196 2783 est;
1223 2746 1381 2784 quatenus

329 2801 437 2830 autem
458 2798 537 2830 citra
554 2799 772 2840 suspicionem
794 2799 935 2841 optabile
963 2801 1090 2841 evadit,
1111 2801 1264 2842 placitum
1279 2813 1288 2842 3
1304 2811 1381 2843 qua-

329 2862 423 2892 tenus
438 2868 515 2892 vero
532 2862 616 2892 recte
635 2860 676 2892 de
691 2868 729 2892 eo
746 2862 893 2900 sentitur,
910 2861 1079 2893 laudabile.
1126 2863 1213 2893 Bona
1229 2864 1381 2903 practerea

331 2918 391 2950 alia
406 2918 439 2950 in
458 2921 547 2950 motu
573 2920 714 2959 ponunt,
730 2919 792 2951 alia
809 2919 841 2950 in
861 2919 1040 2952 affectione.
1085 2922 1121 2952 ln
1144 2924 1233 2952 motu
1251 2921 1379 2961 quidem

332 2977 502 3018 gaudium,
518 2977 661 3009 laetitiam
677 2978 888 3010 ethonestum
903 2979 1131 3010 commercium
1145 2989 1152 3010 ε
1167 2981 1197 3012 in
1215 2971 1382 3013 affectione

333 3045 408 3068 vero
422 3036 562 3077 quictem
580 3035 753 3076 placidam,
773 3038 876 3068 otium
902 3036 1126 3069 inconcussum
1140 3061 1150 3078 ,
1166 3039 1309 3070 animum
1333 3039 1380 3071 vi-

334 3094 440 3128 rilem.
483 3096 602 3126 Eorum
622 3098 730 3126 autem
750 3104 823 3135 quae
847 3095 879 3126 in
896 3095 1063 3128 affectione
1078 3101 1251 3128 cernuntur
1267 3098 1327 3129 alia
1350 3098 1382 3130 in

334 3153 445 3186 habitu
461 3162 590 3194 quoque
607 3156 746 3194 ponunt,
767 3155 805 3185 ut
824 3154 977 3195 virtutes;
992 3154 1053 3185 alia
1069 3154 1100 3185 in
1117 3155 1286 3188 affectione
1300 3156 1383 3188 dun-

336 3212 442 3251 taxat,
458 3211 493 3243 ut
507 3211 669 3252 praedicta.
714 3212 826 3252 Neque
848 3220 924 3243 vero
951 3211 983 3243 in
1012 3212 1122 3244 habitu
1146 3213 1231 3244 solas
1251 3214 1385 3247 virtutes

338 3270 459 3302 versari
474 3270 673 3311 existimant,
692 3271 746 3302 sed
762 3270 898 3311 reliquas
913 3279 1043 3313 quoque
1060 3274 1143 3303 artes
1159 3272 1189 3303 in
1211 3274 1280 3304 viro
1303 3273 1386 3307 bono

341 3337 395 3367 per
408 3328 559 3360 virtutem
574 3329 758 3360 immutatas
771 3330 803 3360 et
817 3328 1033 3360 immutabiles
1047 3328 1196 3368 redditas,
1207 3330 1281 3370 quia
1293 3331 1385 3371 quasi

342 3388 497 3418 virtutum
513 3387 609 3419 instar
623 3387 804 3428 obtineant,
818 3387 918 3419 inesse
933 3387 1139 3419 arbitrantur.
1164 3388 1275 3420 Studia
1292 3389 1386 3421 etiam

344 3448 378 3477 nt
394 3449 548 3478 vocantur
564 3447 602 3479 ad
630 3448 713 3479 bona
736 3456 809 3489 quae
825 3447 857 3479 in
878 3447 987 3480 habitu
1018 3448 1197 3480 consistunt
1227 3449 1385 3489 referunt,

344 3503 434 3536 verbi
455 3513 550 3537 causa
573 3507 757 3547 Musarum,
778 3505 972 3548 litterarum,
990 3505 1172 3547 geometriae
1199 3505 1338 3539 studium
1359 3510 1390 3539 et

1426 386 1520 420 ματα
1544 369 1741 420 καλούμενα
1755 400 1764 418 ,
1781 363 1850 407 οἷον
1872 366 2111 421 φιλομουσίαν,
2138 363 2462 420 φιλογραμματίαν,

1415 429 1711 484 φιλογεωμετρίαν
1729 428 1788 469 καὶ
1810 427 1853 468 τὰ
1871 426 2115 480 παραπλήσια.
2175 418 2279 466 Εἶναι
2297 423 2368 480 γὰρ
2387 424 2463 463 ὁδόν

1417 504 1515 537 τινα,
1537 486 1740 534 ἐκλεκτικὴν
1757 493 1804 511 ¹¹²
1825 489 1894 526 τῶν
1921 488 1956 524 ἐν
1984 484 2127 529 ταύταις
2156 491 2232 530 ταῖς
2256 484 2395 536 τέχναις
2414 485 2463 523 οἷ-

1418 547 1520 587 κείων
1541 547 1626 601 πρὸς
1651 547 1794 601 ἀρετήν,
1815 544 2053 599 ἀναφέρουσαν
2076 543 2165 583 αὐτὰ
2185 543 2243 583 ἐπὶ
2258 543 2298 582 τὸ
2312 547 2371 582 τοῦ
2388 543 2464 596 βίου

1421 607 1533 651 τέλος.
1590 606 1674 646 Ἔτι
1695 607 1731 645 δὲ
1752 608 1820 644 τῶν
1838 606 1976 658 ἀγαθῶν
2000 605 2042 642 τὰ
2064 604 2126 655 μὲν
2144 596 2233 642 εἶναι
2250 604 2329 642 καθ’
2345 602 2466 652 ἑαυτά,

1419 664 1465 704 τὰ
1479 664 1515 704 δὲ
1530 665 1615 717 πρός
1627 664 1661 703 τί
1672 680 1746 707 πως
1761 664 1868 716 ἔχειν.
1929 662 2019 703 Καθ’
2034 662 2140 701 ἑαυτὰ
2159 661 2237 713 μέν,
2253 661 2465 713 ἐπιστήμην,

1422 722 1703 775 δικαιοπραγίαν,
1723 722 1783 761 καὶ
1805 722 1849 761 τὰ
1875 721 1997 772 ὅμοια·
2014 721 2098 774 πρός
2119 737 2153 759 τι
2178 719 2237 769 δέ,
2258 719 2381 771 τιμήν,
2403 718 2466 759 εὖ·

1419 797 1530 829 νοιαν,
1547 782 1679 835 φιλίαν.
1736 775 1840 820 Εἶναι
1856 779 1906 804 ¹¹³
1927 781 1962 819 δὲ
1976 779 2039 828 τὴν
2055 778 2255 830 ἐπιστήμην
2269 778 2467 833 κατάληψιν

1423 842 1565 894 ἀσφαλῆ
1585 841 1645 879 καὶ
1667 839 1920 890 ἀμετάπτωτον
1953 840 2020 879 ὑπὸ
2046 838 2147 890 λόγου
2160 853 2170 864 ·
2187 838 2306 891 ἑτέραν
2333 836 2369 876 δὲ
2387 839 2464 877 ἔπι-

1424 899 1563 950 στήμην
1584 899 1751 950 σύστημα
1780 898 1814 943 ἐξ
1836 900 2042 950 ἐπιστημῶν
2070 898 2246 946 τοιούτων,
2259 892 2329 936 οἷον
2355 899 2379 943 ἡ
2400 898 2470 935 τῶν

1422 958 1514 997 κατὰ
1539 958 1641 1011 μέρος
1660 957 1783 1011 λογικὴ
1801 960 1835 996 ἐν
1853 960 1903 1011 τῷ
1926 957 2104 1011 σπουδαίῳ
2120 957 2327 1010 ὑπάρχουσα
2336 956 2349 981 .··
2360 954 2471 1003 ἄλλην

1424 1017 1484 1065 δέ,
1503 1017 1669 1068 σύστημα
1692 1017 1727 1061 ἐξ
1747 1017 1952 1066 ἐπιστημῶν
1969 1018 2138 1068 τεχνικῶν
2153 1014 2186 1060 ἐξ
2207 1017 2311 1054 αὑτοῦ
2326 1013 2376 1042 ¹¹⁴
2390 1013 2472 1067 ἔχον

1423 1075 1464 1114 τὸ
1485 1075 1637 1128 βέὸαιον,
1656 1077 1703 1119 ὥς
1723 1075 1860 1127 ἔχουσιν
1883 1076 1919 1113 αἱ
1937 1074 2079 1127 ἀρεταί·
2097 1075 2206 1122 ἄλλην
2231 1073 2268 1113 δὲ
2290 1072 2358 1119 ἕξιν
2382 1087 2473 1127 φαν-

1424 1136 1553 1172 τασιῶν
1569 1133 1730 1182 δεκτικὴν
1745 1134 2000 1183 ἀμετάπτωτον
2014 1132 2082 1171 ὑπὸ
2095 1132 2218 1184 λόγου,
2232 1131 2355 1180 ἥντινά
2368 1146 2473 1186 φασιν

1426 1195 1460 1231 ἐν
1486 1192 1574 1246 τόνῳ
1600 1191 1650 1216 ”5
1680 1193 1741 1231 καὶ
1773 1194 1918 1243 δυνάμει
1950 1195 2102 1231 κεῖσθαι.
2160 1191 2292 1231 Φιλίαν
2327 1191 2356 1229 δ’
2386 1183 2475 1229 εἶναι

1426 1252 1607 1291 κοινωνίαν
1624 1253 1718 1305 βίου·
1736 1252 1939 1305 συμφωνίαν
1958 1251 2013 1299 δέ,
2031 1250 2294 1302 ὁμοδογματίαν
2311 1249 2475 1302 περὶτῶν

1427 1311 1517 1350 κατὰ
1552 1312 1610 1351 τὸν
1647 1312 1737 1365 βίον.
1803 1313 1875 1358 Τῆς
1896 1312 1932 1349 δὲ
1961 1309 2077 1364 φιλίας
2111 1303 2200 1349 εἶναι
2231 1307 2475 1363 γνωριμότητα

1430 1370 1509 1422 μέν,
1532 1371 1650 1424 φιλίαν
1673 1369 1913 1423 ἐγνωσμένων·
1938 1368 2123 1416 συνήθειαν
2141 1369 2190 1418 δέ,
2219 1368 2337 1422 φιλίαν
2363 1382 2478 1410 συνει-

1428 1430 1610 1482 θισμένων·
1627 1429 1782 1483 ἑταιρίαν
1802 1429 1839 1468 δέ
1854 1459 1864 1478 ,
1880 1428 1997 1482 φιλίαν
2015 1428 2093 1467 καθ’
2109 1427 2254 1481 αἵρεσιν,
2269 1430 2317 1473 ὣς
2332 1427 2372 1468 ἂν
2386 1429 2477 1480 ὁμη·

1428 1488 1548 1527 λίκων·
1571 1488 1684 1534 ξενίαν
1713 1488 1769 1538 δέ,
1800 1487 1916 1542 φιλίαν
1940 1488 2164 1528 ἀλλοδαπῶν.
2221 1478 2326 1528 Εἶναι
2352 1486 2389 1526 δὲ
2416 1486 2477 1526 καὶ

1429 1546 1636 1598 συγγενικήν
1666 1547 1742 1585 τινα
1767 1546 1900 1599 φιλίαν,
1923 1549 1962 1585 ἐκ
1987 1548 2173 1598 συγγενῶν·
2198 1545 2259 1585 καὶ
2290 1546 2476 1600 ἐρωτικήν,

1430 1605 1463 1649 ἐξ
1480 1604 1617 1658 ἔρωτος.
1671 1605 1754 1645 Ἔτι
1775 1605 1809 1643 δὲ
1833 1608 1901 1644 τῶν
1923 1607 2061 1657 ἀγαθῶν
2079 1605 2123 1644 τὰ
2142 1604 2205 1655 μὲν
2226 1598 2315 1644 εἶναι
2331 1599 2496 1655 ἄμικτα(

1430 1658 1499 1703 οἷον
1521 1664 1733 1715 ἐπιστήμην,
1749 1664 1794 1704 τὰ
1820 1664 1855 1702 δὲ
1881 1665 2094 1716 μεμιγμένα,
2115 1658 2187 1703 οἷον
2217 1663 2404 1712 εὐτεκνίαν,
2421 1665 2478 1702 εὖ·

1429 1723 1572 1777 γηρίαν,
1603 1722 1762 1769 εὖζωΐαν.
1821 1720 1929 1763 Ἔστι
1963 1724 1992 1761 δ’
2017 1726 2040 1770 ἡ
2073 1722 2135 1774 μὲν
2166 1725 2322 1763 εὐτεκνία
2354 1726 2480 1777 χρῆσις

1430 1782 1560 1821 τέκνων
1590 1782 1681 1821 κατὰ
1711 1782 1812 1836 φύσιν
1845 1783 1973 1834 ἔχουσα
1989 1812 1999 1833 ,
2019 1783 2212 1821 σπουδαία·
2226 1785 2248 1830 ἡ
2267 1782 2298 1821 δ’
2315 1782 2478 1836 εὐγηρία,

1430 1843 1558 1894 χρῆσις
1586 1841 1762 1880 σπουδαία
1788 1840 1903 1893 γήρως
1919 1847 1982 1889 ¹¹7,
2001 1840 2091 1879 κατὰ
2121 1841 2222 1894 φύσιν
2247 1840 2402 1894 ἔχουσα,
2418 1841 2480 1880 καὶ

1432 1899 1559 1948 ὁμοίως
1577 1904 1600 1948 ἡ
1621 1897 1758 1945 εὐζωΐα.
1821 1899 1987 1939 Ἀλυπίαν
2002 1900 2038 1938 δὲ
2055 1899 2115 1939 καὶ
2133 1899 2292 1945 εὐταξίαν
2303 1900 2363 1945 τὰς
2375 1899 2481 1945 αὐτὰς

1433 1953 1521 1998 εἶναι
1537 1962 1580 2013 τῇ
1601 1959 1806 2013 σωφροσύνῃ
1818 1988 1828 2008 ,
1842 1964 1922 1998 νοῦν
1939 1959 1978 1998 δὲ
1994 1960 2054 1998 καὶ
2072 1958 2197 2012 φρένας
2217 1959 2401 2014 φρονήσει,
2418 1976 2480 2012 με·

1435 2093 1561 2127 similia.
1605 2096 1687 2126 Esse
1702 2094 1787 2127 enim
1804 2094 1937 2126 modum
1955 2094 2089 2135 eligendi
2101 2103 2140 2127 ex
2155 2094 2206 2126 his
2217 2093 2340 2127 artibus
2355 2103 2429 2135 quoe
2440 2093 2480 2127 ad

1433 2153 1584 2185 virtutem
1604 2156 1738 2193 prosunt
1751 2162 1852 2194 eaque
1867 2153 1907 2185 ad
1927 2153 2002 2186 vitoe
2019 2153 2115 2185 finem
2133 2153 2300 2186 referendi.
2321 2155 2481 2187 Praeterea

1433 2212 1517 2244 bona
1533 2212 1594 2244 alia
1610 2221 1666 2253 per
1681 2221 1715 2245 se
1732 2212 1924 2253 subsistere,
1943 2212 2003 2244 alia
2018 2212 2060 2244 ad
2082 2212 2170 2244 aliud
2193 2211 2314 2245 referri.
2358 2215 2404 2245 Ac
2426 2221 2483 2253 per

1434 2278 1469 2302 se
1482 2270 1611 2311 quidem
1628 2271 1802 2303 consistere
1813 2270 1990 2310 scientiam,
1997 2271 2120 2311 justam
2134 2269 2290 2302 actionem
2303 2271 2337 2303 et
2348 2269 2482 2310 similia;

1435 2328 1476 2360 ad
1493 2328 1577 2360 atiud
1597 2329 1707 2361 referri
1725 2329 1897 2368 honorem,
1913 2328 2185 2368 benevolentiam,
2197 2328 2383 2360 amicitiam.
2405 2328 2484 2360 Esse

1437 2390 1545 2420 autem
1564 2387 1730 2419 scientiam
1750 2387 1891 2429 primum
1911 2387 2037 2419 firmam
2060 2396 2098 2419 ac
2122 2388 2242 2419 certam
2263 2395 2372 2419 rerum
2391 2395 2483 2418 ‹zom-

1437 2447 1678 2487 prehensionem
1703 2456 1722 2479 a
1747 2448 1871 2479 ratione
1896 2457 1960 2479 non
1985 2455 2150 2487 aversam;
2176 2447 2292 2480 deinde
2319 2447 2485 2480 scientiam

1436 2506 1547 2538 haberi
1577 2506 1700 2547 copiam
1718 2506 1954 2547 doctrinarum,
1980 2506 2084 2547 qualis
2108 2506 2141 2538 in
2170 2506 2238 2538 viro
2256 2505 2342 2538 bono
2367 2505 2420 2538 illa
2442 2505 2486 2538 sit

1437 2565 1613 2598 disserendi
1643 2565 1723 2598 ratio
1749 2575 1823 2606 quae
1851 2565 1884 2597 in
1911 2565 2105 2606 singularum
2137 2573 2243 2597 rerum
2275 2563 2486 2605 explicatione

1438 2627 1602 2667 versatur;
1632 2628 1701 2658 tum
1741 2626 1876 2666 judicari
1903 2625 2029 2666 copiam
2064 2625 2281 2658 doctrinarum
2308 2627 2342 2658 et
2366 2625 2485 2658 artium

1439 2695 1495 2727 per
1530 2694 1564 2719 se
1600 2685 1784 2717 firmitatem
1825 2685 1982 2717 virtutum
2017 2685 2118 2717 instat·
2150 2684 2336 2717 habentium
2348 2695 2359 2725 ;
2393 2684 2485 2717 deni·
2505 2709 2507 2711 .

1438 2753 1500 2786 que
1535 2743 1680 2776 habitum
1719 2744 1897 2785 specierum
1938 2745 2044 2776 mente
2074 2745 2301 2785 conceptarum
2334 2752 2484 2785 capacem

1439 2810 1579 2842 eumque
1600 2801 1720 2833 ratione
1738 2800 1851 2832 nixum
1864 2824 1873 2839 ,
1888 2809 1983 2841 quem
2002 2800 2034 2832 iu
2055 2800 2153 2832 animi
2174 2801 2281 2841 vigore
2298 2802 2330 2832 et
2346 2799 2380 2832 vi
2401 2800 2485 2841 posi-

1441 2864 1509 2892 tum
1530 2869 1597 2893 esse
1615 2859 1822 2892 contendunt.
1868 2859 2047 2891 Amicitiam
2067 2861 2176 2892 autem
2202 2868 2273 2891 esse
2296 2859 2374 2891 vitae
2396 2867 2487 2890 com-

1442 2919 1624 2953 munionem
1634 2931 1645 2962 ;
1663 2919 1862 2952 harmoniam
1880 2928 1956 2951 vero
1972 2928 2162 2952 consensum
2181 2919 2264 2951 circa
2282 2919 2357 2951 vitae
2368 2918 2485 2952 studia.

1441 2979 1597 3012 Amicitiae
1618 2988 1710 3020 porro
1731 2979 1852 3020 species
1876 2987 1946 3010 esse
1965 2978 2224 3018 familiaritatem,
2247 2986 2321 3018 quae
2341 2978 2482 3010 amicitia

1442 3039 1591 3071 notorum
1606 3038 1664 3080 sit;
1677 3037 1954 3076 consuetudinem,
1970 3046 2041 3078 quae
2055 3036 2195 3068 amicit-ia
2208 3037 2412 3069 familiarium
2424 3037 2486 3076 sit;

1443 3096 1644 3130 sodalitatem
1673 3105 1767 3137 vero,
1781 3105 1854 3137 quae
1881 3096 1924 3128 sit
1947 3095 2085 3127 amicitia
2104 3104 2142 3128 ex
2165 3096 2292 3136 propria
2314 3095 2485 3135 electione,

1444 3159 1481 3187 ut
1510 3156 1706 3197 aequalium;
1723 3155 1899 3196 hospitium
1929 3154 2087 3195 denique,
2110 3163 2182 3195 quae
2212 3156 2417 3187 externorum
2445 3154 2488 3187 sit

1445 3215 1594 3246 amicitia.
1638 3217 1706 3247 Nec
1723 3223 1786 3246 non
1814 3215 2021 3254 cognatorum
2037 3216 2070 3244 et
2091 3214 2268 3245 amantium
2299 3213 2382 3245 inter
2404 3212 2490 3254 ipsos

1445 3282 1516 3306 esse
1550 3273 1738 3306 amicitiam.
1782 3275 1914 3313 Insuper
1941 3271 2099 3304 bonorum
2130 3271 2194 3304 alia
2230 3281 2298 3304 esse
2327 3280 2427 3313 pura,
2452 3272 2490 3304 ut

1446 3333 1702 3373 scientiam,alia
1730 3332 1848 3371 mixta,
1865 3333 1901 3364 ut
1932 3330 2104 3363 liberorum
2135 3331 2325 3371 bonitatem,
2353 3331 2489 3363 faustam

1447 3395 1662 3431 senectutem,
1682 3392 1756 3423 vitae
1773 3391 1966 3423 felicitatem.
2011 3392 2058 3422 Ae
2075 3389 2246 3422 liberorum
2274 3389 2404 3430 quidem
2431 3389 2490 3422 bo-

1447 3449 1532 3481 nitas
1550 3452 1597 3482 est
1615 3459 1692 3482 usus
1716 3450 1889 3482 liberorum
1916 3451 2041 3481 naturae
2067 3448 2260 3481 conveniens
2290 3450 2323 3480 et
2351 3447 2488 3489 probus3

1450 3509 1551 3540 fausta
1568 3512 1714 3541 senectus
1731 3517 1805 3541 vero
1816 3531 1826 3549 ,
1841 3507 1945 3541 bonus
1957 3506 2126 3540 senectutis
2142 3515 2218 3540 usus
2232 3508 2264 3539 et
2281 3508 2402 3540 naturae
2414 3513 2490 3538 con·
