2606 3828
337 244 411 278 806
1075 232 1173 273 CYN
1181 233 1383 273 ICORUM
1412 233 1748 274 FRAGMENTA.

338 340 424 365 cum
447 325 640 364 Meinekio
663 323 862 378 περιπεσὼν
885 324 912 361 δ’
938 317 982 360 otu
1006 337 1091 362 τισι.
1121 322 1244 372 Vulgo
1276 337 1374 375 περι-

336 383 453 424 πεσὼν
477 384 510 424 ἔν
531 400 600 423 τισι
617 385 675 423 tel
696 385 724 421 8'
747 383 785 421 ἄν
807 382 913 434 τισι.)

388 457 436 484 7³.
469 443 633 515 Διογένης
652 443 732 481 ἷδων
765 456 874 493 γραυν
907 437 1231 489 καλλωπιζομένην,
1267 432 1374 479 εἶπεν·

336 505 380 542 Εἰ
400 502 463 554 μὲν
482 502 567 555 πρὸς
603 500 679 545 τους
710 503 861 547 ζωντας,
894 498 1140 549 πεπλάνησαι,
1173 499 1202 536 εἰ
1230 498 1266 537 δὲ
1290 499 1375 552 πρὸς

331 562 410 605 τοὺς
430 561 590 614 νεκρούς,
615 559 663 611 μὴ
687 559 845 611 βράδυνε.

386 620 602 674 (Antonius
619 619 740 657 Serm.
761 618 807 655 de
830 616 989 655 senibus
1011 616 1231 656 inhonestis
1244 625 1281 655 et
1299 617 1372 655 im-

333 679 591 732 prudentibus
605 693 643 730 p
669 677 775 727 875.)

383 752 432 778 7⁴.
458 736 621 787 Διογένης
651 738 668 773 ὁ
688 736 856 780 Κυνικός,
861 735 1095 796 ὀδυρομένου
1113 737 1223 788 τινός,
1252 736 1372 784 ἐπειδὴ

329 795 387 834 ἐπὶ
407 794 534 841 ξένης”
517 810 579 845 εμε
567 795 642 831 λλε
656 797 831 842 τελευτᾶν,
851 797 958 832 εἶπεν·
976 794 1022 834 Τί
1037 789 1198 848 ὀδύρῃτ
1173 813 1202 835 ω
1223 795 1369 846 μάταιε·
1360 824 1372 844 ,

327 854 544 907 πανταχόθεν
563 854 629 905 γὰρ
649 856 670 900 ἦ
691 853 766 897 ὁδὸς
785 857 805 900 ἡ
828 852 915 900 αὐτὴ
937 855 983 896 εἷς
1001 853 1121 910 ᾍδου.

384 912 602 966 (Antonius
646 919 684 948 et
735 910 927 949 Maximus
973 893 1099 951 Sei'm.

328 985 367 1022 p·
391 971 479 1017 878
497 969 508 1021 )
825 982 827 984 ·

381 1042 432 1068 75.
449 1027 637 1080 Διογένης,
660 1027 814 1071 εἰπόντος
828 1028 917 1071 τινός
931 1059 941 1079 ,
960 1028 1158 1068 Χαλεπόν’
1143 1045 1219 1068 εστι
1239 1029 1278 1068 τὸ
1297 1032 1372 1076 ζην·

327 1087 418 1135 Οὔκ,
441 1091 549 1135 εἶπεν,
573 1087 663 1126 ἀλλὰ
680 1087 719 1126 τὸ
739 1089 854 1130 κακῶς
874 1090 950 1135 ζῆν.

383 1147 582 1199 (Stobaeus
603 1147 736 1185 Florii.
757 1147 895 1194 CXXI,
916 1149 966 1185 26
991 1147 1211 1200 Διογένους.)

1154 913 1202 951 de
1250 921 1373 950 morte

377 1220 426 1246 76.
447 1205 594 1258 Ἔλεγεν
614 1209 632 1245 ὁ
653 1206 841 1259 Διογένης,
882 1206 934 1245 ὅτι
967 1206 1007 1245 ἂν
1040 1207 1102 1258 μὲν
1135 1207 1234 1250 κύνες
1268 1205 1372 1246 αὐτὸν
1419 1217 1421 1219 ’

325 1264 572 1318 σπαράξωσιν,
605 1264 777 1318 Ὑρκανία
816 1265 914 1305 ἔσται
947 1270 968 1314 ἡ
1005 1266 1113 1320 ταφή·
1141 1266 1182 1304 ἂν
1206 1265 1242 1305 δὲ
1264 1270 1373 1318 γῦπες

326 1325 530 1374 ἅπτωνται,
550 1324 696 1373 Ἰνδική·
718 1325 760 1364 ἂν
792 1325 827 1363 δὲ
855 1326 976 1376 μηδεὶς
996 1326 1193 1379 προσέλθῃ,
1213 1328 1232 1364 ὃ
1251 1324 1372 1378 χρόνος

325 1385 437 1432 καλὴν
461 1385 602 1433 ποιήσει
622 1384 686 1432 τὴν
715 1384 830 1439 ταφὴν
854 1385 910 1423 διὰ
943 1387 1012 1423 τῶν
1048 1384 1372 1433 πολυτελεστάτων,

327 1450 424 1498 ἡλίου
450 1450 510 1489 καὶ
529 1449 676 1502 ὄμὸρου.

382 1509 579 1561 (Stobaeus
598 1509 732 1547 rimu
759 1507 935 1555 CXXIII,
963 1523 1004 1546 11
1027 1508 1220 1559 Διογένους.
1242 1509 1371 1555 Quum

327 1568 465 1606 Sextus
495 1567 720 1618 Empiricus
758 1567 953 1617 Pyrrhon.
991 1566 1134 1618 llypot.
1179 1567 1255 1614 Ill,
1295 1581 1370 1614 227

326 1641 416 1679 pag.
444 1627 515 1664 185
533 1627 592 1664 ed.
615 1626 726 1664 Fabr.
753 1626 898 1664 scribat
918 1635 1160 1664 mortuorum
1187 1626 1375 1666 cadavera

327 1685 514 1736 quosdam
535 1685 721 1723 Indorum
750 1684 975 1723 vulturibus
1002 1685 1202 1723 inhumata
1229 1683 1372 1735 proje-

327 1745 440 1790 cisse,
477 1744 587 1781 facile
618 1751 715 1793 erat,
748 1743 875 1781 iocum
910 1753 1135 1794 corruptum
1158 1743 1369 1792 corrigere.

327 1804 432 1841 Sexti
459 1802 580 1840 verba
599 1811 689 1840 sunt
716 1815 726 1841 ζ
751 1801 918 1854 “Υρκανοὶ
939 1803 975 1840 δὲ
996 1803 1092 1841 κυσὶν
1122 1801 1244 1845 αὖτοὺς
1281 1801 1372 1839 ἐκτί-

329 1865 444 1899 θενται
481 1860 604 1913 βοράν,
625 1861 748 1899 Ἰνδῶν
782 1861 818 1900 δὲ
840 1861 922 1899 ἔνιοι
950 1861 1068 1914 γυψίν.
1101 1862 1291 1899 Similiter
1326 1861 1374 1898 de

326 1920 455 1958 Persis
474 1920 692 1958 Herodotus
711 1919 781 1959 lib.
804 1920 821 1957 I
845 1934 929 1972 cap.
961 1926 1034 1964 140
1055 1934 1062 1956 ;
1086 1919 1170 1959 τάδε
1191 1920 1308 1970 μέντοι
1328 1921 1374 1963 ὡς

325 1978 548 2030 κρυπτόμενα
564 1977 705 2030 λέγεται
725 1978 836 2016 καὶού
858 1978 1039 2030 σαφηνέως
1059 1979 1139 2031 περὶ
1157 1982 1218 2017 τοῦ
1241 1980 1375 2017 ἀποθα-

327 2038 464 2086 νόντος,
493 2040 539 2081 ὡς
570 2039 607 2076 οὗ
628 2038 795 2091 πρότερον
822 2037 991 2075 θάπτεται
1024 2038 1146 2090 ἀνδρὸς
1178 2037 1326 2089 Πέρσεω
1357 2039 1375 2075 ὁ

328 2098 427 2141 νέκυς
453 2097 530 2150 πρὶν
554 2096 594 2135 ἂν
625 2099 683 2135 ὑπ’
703 2097 833 2149 ὄρνιθος
852 2095 875 2143 ἢ
898 2097 997 2140 κυνὸς
1020 2099 1185 2148 ἑλκυσθῇ.
1233 2096 1375 2147 Μάγους

331 2155 393 2206 μὲν
415 2155 480 2207 γὰρ
502 2157 674 2208 ἀτρεκέως
693 2151 769 2195 οἶδα
790 2160 902 2195 ταῦτα
925 2157 1117 2200 ποιέοντας.
1150 2157 1284 2208 ltaque
1301 2170 1373 2207 pro

331 2208 640 2253 membranarum
675 2217 840 2254 lectione
871 2215 913 2254 ἂν
939 2216 975 2254 δὲ
1003 2220 1134 2267 γῦπες,
1156 2215 1283 2254 ἁπτέον
1311 2216 1372 2253 vel

331 2275 528 2313 ἁπτέωνται
554 2276 712 2327 reposui
739 2275 780 2314 ἂν
804 2275 840 2314 δὲ
859 2279 966 2328 γ’ὗπες
987 2276 1191 2324 ἅπτωνται,
1220 2275 1371 2321 Ἰνδική,

329 2335 464 2372 ultima
486 2344 610 2373 autem
632 2337 649 2372 ὁ
684 2334 804 2388 χρόνος
835 2335 970 2373 καλλίω
994 2336 1058 2382 τὴν
1089 2334 1202 2388 ταφὴν
1226 2334 1282 2372 διὰ
1303 2337 1371 2372 τῶν

370 2529 421 2558 73.
441 2524 594 2566 Diogenes
613 2514 711 2558 anum
730 2528 870 2558 comtam
889 2526 1090 2566 conspicatus
1112 2538 1119 2557 ε
1141 2527 1176 2558 Si
1200 2527 1300 2565 vivis,
1322 2525 1374 2557 in-

329 2583 418 2622 quit,
442 2585 479 2614 in
497 2592 612 2615 errore
627 2586 778 2616 versaris
788 2595 800 2623 ;
819 2586 876 2616 sin
894 2586 1014 2617 autem
1029 2586 1192 2620 mortuis,
1215 2592 1258 2616 ne
1285 2591 1371 2616 cun-

329 2642 439 2672 ctare.

369 2701 425 2730 74.
449 2698 604 2738 Diogenes
639 2699 797 2740 Cynicus,
820 2699 1015 2732 lamentante
1046 2701 1202 2742 quodam,
1238 2710 1310 2733 sese
1340 2701 1372 2732 in

332 2757 494 2797 peregrina
519 2760 604 2789 terra
621 2758 812 2789 moriturum
836 2767 907 2790 esse
927 2767 935 2786 ι
959 2759 1049 2796 Quid
1078 2760 1302 2799 lamentaris,
1322 2759 1373 2791 in-

332 2813 422 2854 quit,
444 2823 463 2846 o
489 2815 623 2847 stult&³
648 2815 803 2857 Undique
826 2819 918 2848 enim
941 2816 1063 2849 eadem
1085 2819 1142 2849 via
1166 2818 1214 2850 ad
1243 2816 1373 2859 inferos

332 2874 394 2905 est.

374 2934 425 2964 75.
445 2931 616 2972 Diogenes,
650 2942 752 2972 quum
787 2932 918 2965 dixisset
939 2933 1069 2974 quidam
1097 2944 1105 2966 ε
1126 2935 1299 2967 Molestum
1324 2937 1374 2968 est

334 2990 442 3023 vivere
460 3000 469 3023 :
490 2993 580 3031 Non,
594 2992 709 3032 inquit,
723 2991 783 3023 sed
796 2991 890 3023 male
906 2994 1030 3025 vivere.

376 3053 430 3084 76.
462 3050 619 3089 Diogenes
637 3049 787 3090 dicebat,
813 3050 840 3082 si
860 3059 955 3083 canes
979 3051 1115 3084 cadaver
1132 3061 1228 3084 suum
1253 3053 1373 3086 lacera-

335 3113 416 3149 rent,
431 3109 622 3149 Hyrcaniam
639 3108 835 3149 sepulturam
858 3109 943 3149 i'ore3
958 3109 1006 3141 sin
1021 3110 1169 3143 vultures
1198 3112 1352 3150 esitareut
1364 3137 1374 3154 ‚

334 3167 478 3202 Indicam
490 3179 500 3208 ;
520 3169 553 3200 at
574 3167 602 3200 si
621 3167 745 3199 nullum
769 3166 951 3206 hujusmodi
965 3167 1082 3199 animal
1098 3169 1271 3211 accederet,
1289 3172 1371 3203 tem-

335 3225 422 3264 poris
457 3224 611 3257 beneficio
644 3224 777 3265 pulchra
809 3233 844 3257 se
871 3225 1032 3266 sepultura
1052 3227 1202 3260 affectum
1231 3228 1291 3269 iri,
1308 3238 1376 3262 cor-

334 3291 412 3323 pore
429 3283 663 3324 pretiosissimis
675 3283 771 3316 rebus
783 3307 792 3324 ‚
812 3283 877 3315 sole
890 3285 921 3315 et
932 3283 1100 3324 imbribus,
1117 3287 1298 3319 consumto.

377 3343 428 3373 77.
446 3341 604 3382 Diogenes
620 3342 761 3373 oratores
773 3340 806 3373 id
819 3341 950 3382 quidem
965 3341 1127 3374 studuisse
1142 3343 1205 3383 ait,
1218 3347 1254 3375 ut
1272 3345 1379 3378 verbis

336 3398 504 3431 hominum
514 3399 586 3440 jura
597 3400 782 3439 tuerentur;
799 3402 832 3432 at
845 3399 990 3440 minime,
1006 3402 1042 3432 ut
1058 3400 1142 3440 juste
1158 3403 1298 3441 agerent.

377 3460 431 3491 78.
448 3457 604 3499 Diogenes
644 3457 829 3491 existimare
861 3467 895 3490 se
926 3458 971 3490 eit
1006 3458 1112 3491 videre
1142 3461 1316 3492 Fortunam
1344 3462 1375 3493 in

1435 323 1761 374 πολυτελεστάτων,
1784 323 1883 370 ἡλίου
1902 322 1962 361 καὶ
1981 323 2113 377 ὄμὸρου
2135 326 2278 364 mutavi
2295 326 2336 364 in
2355 327 2374 364 ὁ
2388 323 2475 379 χρό-

1435 399 1490 427 νος
1509 382 1622 430 καλὴν
1639 382 1778 431 ποιήσει
1791 382 1854 430 τὴν
1871 381 1984 435 ταφὴν
1997 381 2053 421 διὰ
2071 385 2140 422 τῶν
2155 382 2478 435 πολυτελεστάτων,

1436 442 1536 489 ἡλίου
1557 441 1618 481 καὶ
1638 440 1811 494 ὅμὸρου.)

1488 515 1536 542 77.
1557 501 1724 552 Διογένης
1742 499 1822 544 τοὺς
1837 499 1985 554 ῥήτορας
1997 500 2043 540 τὰ
2057 499 2175 541 δίκαια
2189 501 2252 554 μὲν
2269 502 2334 555 ἔφη
2350 502 2475 541 ἐσπου-
2497 507 2501 510 ’

1437 562 1580 600 δακέναι
1599 561 1726 612 λέγειν,
1748 560 1915 613 πράττειν
1937 558 1973 598 δὲ
1993 560 2166 611 οὐδαμῶς.

1492 621 1704 672 (Antonius
1726 628 1765 658 et
1792 619 1986 658 Maximus
2015 621 2136 659 Serm.
2166 620 2216 659 de
2238 619 2418 659 doctrina
2441 628 2481 659 et

1436 681 1575 719 litteris
1598 695 1636 732 p.
1660 680 1776 730 933.)

1488 753 1536 779 7‘3.
1573 738 1739 789 Διογένης
1772 737 1837 790 ἔφη
1861 738 2014 789 νομίζειν
2039 739 2122 790 ὁρᾶν
2145 735 2208 784 τὴν
2229 735 2354 790 Τύχην
2374 737 2481 790 ἱφορ·

1437 800 1559 849 μῶσαν
1577 798 1671 848 αὐτῷ
1692 813 1751 836 και
1770 798 1952 848 λέγουσαν·
1971 798 2103 837 Ἰοῦτον
2124 798 2155 835 δ’
2179 799 2218 836 οὗ
2233 796 2387 847 δυναμαι
2415 798 2480 849 βα·

1434 837 1523 895 λεέιν
1542 856 1626 896 κύνα
1646 840 1865 909 λυσσητῆρα.

1490 915 1687 965 (Stobaeus
1718 916 1850 966 Eclog.
1875 915 1947 955 lib.
1974 915 2014 955 II
2033 929 2117 967 cap.
2138 930 2176 967 7,
2200 930 2246 954 21
2270 913 2475 967 Διογένους,

1437 989 1524 1027 pag.
1549 978 1625 1020 348
1658 976 1718 1014 ed.
1755 975 1917 1015 Heeren.
1948 975 2065 1027 [pag.
2099 976 2150 1026 98
2184 975 2247 1015 ed.
2279 973 2478 1025 Meineb]

1437 1034 1632 1086 Rescripsi
1651 1036 1856 1088 ἐφορμῶσαν
1874 1035 1970 1088 αὐτῷ
1989 1048 2062 1086 pro
2082 1047 2128 1072 eo
2157 1034 2261 1085 quod
2290 1034 2332 1071 in
2363 1033 2478 1072 codi-

1436 1094 1547 1132 cibus
1583 1095 1724 1145 legitur
1758 1095 1931 1146 ἐνορῶσαν
1966 1095 2074 1145 αὐτῷ.
2107 1093 2298 1131 Caeterum
2319 1091 2481 1131 Homeri

1435 1154 1543 1191 locus
1563 1162 1621 1191 est
1640 1153 1753 1192 Iliad.
1778 1153 1850 1192 lib.
1866 1152 1976 1202 VIII,
1995 1153 2107 1203 299.)

1488 1226 1536 1252 79.
1571 1212 1688 1256 Δεινὸς
1717 1206 1760 1259 ἦν
1781 1211 2155 1264 κατασοὸαρεύσασθαι
2182 1212 2252 1249 τῶν
2271 1209 2401 1258 ἄλλων,
2419 1207 2491 1248 καὶ·

1435 1271 1498 1318 τὴν
1520 1270 1582 1322 μὲν
1604 1272 1795 1310 Εὐκλείδου
1821 1270 1951 1323 σχολὴν
1973 1269 2072 1322 ἔλεγε
2093 1268 2219 1322 χολήν,
2236 1268 2300 1316 τὴν
2320 1266 2358 1307 δὲ
2378 1266 2482 1308 Πλά-

1436 1346 1542 1374 τωνος
1575 1329 1756 1382 διατριὸὴν
1787 1329 2018 1382 κατατριὸήν,
2052 1328 2130 1372 τοὺς
2158 1328 2194 1366 δὲ
2232 1325 2483 1372 Διονυσιακοὺς

1436 1391 1572 1440 ἀγῶνας
1593 1389 1731 1440 μεγάλα
1758 1387 1923 1440 θαύματα
1951 1387 2079 1442 μώροις
2100 1386 2212 1439 ἔλεγε·
2231 1387 2292 1426 καὶ
2310 1385 2390 1432 τοὺς
2417 1387 2482 1436 δη-

1435 1449 1621 1501 μαγωγοὺς
1635 1448 1740 1501 ὄχλου
1756 1448 1943 1492 διακόνους.

1490 1507 1709 1557 (Diogenes
1728 1506 1906 1545 Laertius
1924 1506 1993 1545 lib.
2017 1506 2084 1554 vl,
2111 1505 2204 1556 αἱ..)

1487 1580 1534 1605 80.
1553 1564 1758 1617 Ἐλεγεν,
1737 1582 1783 1610 ως
1799 1565 1855 1604 ὅτε
1880 1564 1944 1615 μὲν
1960 1564 2027 1604 ἴδοι
2045 1563 2261 1617 κυὸερνήτας
2277 1564 2312 1602 ἓν
2331 1565 2382 1617 τῶ
2399 1562 2481 1616 βίῳ,

1434 1624 1493 1663 καὶ
1525 1624 1663 1684 ἶατρους
1693 1640 1753 1663 και
1775 1624 2001 1678 φιλοσόφους,
2033 1622 2269 1662 συνετώτατον
2291 1625 2361 1662 τῶν
2383 1622 2483 1676 ζῴων

1434 1682 1584 1733 νομίζειν
1604 1686 1691 1721 εἶναι
1710 1683 1768 1722 τὸν
1791 1683 1984 1736 ἄνθρωπον·
2005 1682 2061 1721 ὅτε
2081 1682 2117 1720 δὲ
2141 1682 2248 1721 πάλιν
2279 1681 2360 1727 τους
2394 1682 2484 1720 ovet·

1436 1740 1595 1793 ροκρίτας
1611 1757 1671 1780 και
1694 1741 1834 1793 μάντεις
1854 1757 1915 1780 και
1935 1757 2014 1786 τους
2035 1740 2271 1795 προσέχοντας
2291 1739 2441 1789 τούτοις,
2459 1739 2484 1788 ἢ

1433 1799 1513 1843 τοὺς
1533 1799 1590 1838 ἐπὶ
1607 1799 1687 1853 δόξῃ
1716 1798 1937 1853 καὶπλούτῳ
1965 1801 2234 1854 πεφυσημένους
2248 1829 2260 1849 ,
2295 1798 2394 1839 οὐδὲν
2413 1815 2485 1852 μα-

1435 1859 1611 1911 ταιότερον
1631 1859 1779 1908 νομίζειν
1801 1859 2002 1912 ἀνθρώπου.

1490 1919 1705 1970 (Diogenes
1727 1919 1906 1957 Laertius
1925 1919 1998 1958 lib.
2021 1919 2088 1970 vl,
2114 1925 2180 1964 24.
2204 1919 2355 1971 Scripsi
2382 1933 2484 1958 συνε-

1434 1976 1586 2016 τώτατον
1604 1994 1672 2015 των
1686 1977 1733 2031 ζό
1736 1994 1782 2016 ων
1803 1977 1954 2028 νομίζειν
1971 1981 2085 2029 εἶναι,
2086 1978 2224 2019 codd.
2244 1976 2481 2017 συνετώτατον

1434 2038 1503 2074 τῶν
1525 2036 1622 2090 ζώων
1642 2040 1744 2076 εἰναι.
1759 2036 1769 2089 )

1487 2109 1534 2134 81.
1555 2095 1769 2134 Πλάτωνα’
1754 2111 1788 2134 εν
1806 2095 1934 2134 δείπνω
1948 2096 2134 2134 πολυτελεῖ
2147 2094 2368 2143 κατανοήσας
2378 2094 2484 2140 ἐλάας

1433 2155 1500 2206 οὐχ
1544 2154 1737 2207 ἁψάμενον·
1775 2154 1845 2204 Τί,
1878 2154 2007 2207 φησίν,
2049 2159 2067 2193 ὁ
2095 2170 2198 2206 σοφος
2232 2156 2279 2198 εἰς
2312 2154 2483 2194 Σικελίαν

1433 2213 1587 2257 πλεύσας
1607 2216 1677 2252 τῶν
1703 2215 1887 2266 τραπεζῶν
1909 2212 2041 2252 τούτων
2076 2212 2198 2267 χάριν,
2224 2215 2285 2251 ν’ὗν
2306 2227 2484 2265 παρακει-

1434 2273 1545 2323 μένων
1578 2274 1642 2311 οὔκ
1664 2271 1871 2320 ἀπολαύεις;
1903 2273 1976 2312 Καὶ
1992 2270 2048 2316 ὅς·
2070 2271 2176 2311 Ἀλλὰ
2194 2271 2237 2320 νὴ
2257 2274 2337 2317 τοὺς
2356 2272 2453 2317 θεούς
2469 2302 2481 2320 ,

1434 2332 1541 2385 φησί,
1563 2332 1744 2385 Διόγενες,
1773 2334 1875 2371 κάκεῖ
1896 2332 1941 2371 τὰ
1960 2330 2076 2370 πολλὰ
2107 2331 2188 2384 περὶ
2219 2331 2326 2376 ἐλάας
2354 2331 2417 2371 καὶ
2435 2331 2483 2370 τὰ

1436 2523 1542 2565 ipsum
1555 2523 1730 2556 irruentem
1747 2523 1970 2565 dicentemque
1989 2535 1997 2556 :
2015 2525 2076 2557 Asc
2092 2523 2186 2557 hunc
2200 2532 2270 2558 non
2279 2525 2382 2566 potui
2399 2525 2483 2558 teti-

1434 2588 1525 2626 9t'sse
1545 2594 1667 2618 canem
1685 2584 1876 2618 rabiosum.

1475 2646 1526 2676 79.
1549 2645 1625 2676 Erat
1645 2644 1751 2676 autem
1774 2643 1950 2676 acerrimus
1975 2644 2166 2676 caeterorum
2182 2644 2369 2694 exagitator,
2393 2619 2484 2677 ideo·

1434 2713 1497 2744 que
1511 2702 1655 2735 Euclidis
1672 2703 1813 2734 scholam
1827 2702 1936 2734 demta
1953 2702 2054 2743 prima
2068 2703 2175 2735 littera
2187 2703 2319 2745 χολὴνὶ.
2337 2712 2367 2736 e.
2383 2703 2481 2737 bilem

1434 2761 1633 2802 appellabat,
1652 2770 1745 2802 porro
1775 2760 1915 2793 Platonis
1936 2760 2185 2802 disputationem
2210 2762 2481 2803 consumtionem,

1434 2822 1511 2854 item
1536 2820 1628 2853 ludos
1643 2820 1850 2860 Dionysiacos
1870 2829 1986 2860 magna
2013 2820 2186 2853 stultorum
2213 2821 2372 2854 miracula
2384 2845 2395 2862 ,
2407 2830 2483 2854 ora-

1434 2882 1519 2912 tores
1541 2878 1680 2920 denique
1693 2879 1796 2911 turbae
1816 2879 1978 2910 ministros
1995 2879 2144 2911 vocabat.

1476 2941 1528 2971 80.
1551 2937 1686 2970 Dicebat
1701 2937 1761 2969 sibi
1780 2937 1812 2969 in
1832 2937 1896 2969 vita
1912 2937 2051 2969 humana
2070 2938 2298 2978 gubernatores
2325 2938 2478 2980 intuenti,

1434 2997 1578 3029 medicos
1593 2996 1672 3028 item
1689 2999 1722 3029 et
1745 2995 1953 3037 philosophos
1965 3020 1974 3036 ‚
1998 2996 2186 3028 animalium
2202 2997 2348 3029 omnium
2368 2996 2479 3030 solier-

1434 3055 1596 3088 tissimum
1617 3054 1718 3087 videri
1737 3054 1918 3095 tiorninem3
1933 3057 2046 3087 contra
2059 3055 2087 3087 si
2106 3043 2306 3088 somniorum
2330 3056 2482 3096 interpre-

1436 3115 1486 3146 tes
1503 3114 1772 3156 contemplaretur
1798 3115 1832 3146 et
1861 3115 1950 3146 vates
1979 3115 2012 3146 et
2034 3114 2088 3154 qui
2105 3113 2175 3146 istis
2199 3112 2414 3146 auscultarent
2430 3113 2481 3146 vel

1434 3172 1490 3213 qui
1522 3172 1620 3213 gloria
1643 3175 1674 3205 et
1701 3172 1820 3204 divitiis
1855 3172 2078 3214 superbirent,
2101 3174 2170 3204 tum
2191 3172 2271 3204 nihil
2293 3181 2328 3205 se
2351 3172 2482 3205 homine

1435 3232 1574 3273 ineptius
1594 3241 1662 3265 esse
1676 3232 1835 3264 arbitrari.

1478 3294 1584 3325 81.1n
1605 3301 1693 3324 coena
1714 3292 1799 3323 lauta
1817 3291 1917 3323 olivas
1930 3300 1993 3323 non
2008 3294 2134 3332 gustare
2154 3290 2320 3323 Platonem
2336 3289 2476 3322 animad-

1436 3351 1591 3382 vertens·
1610 3350 1771 3390 Quidest,
1784 3350 1905 3391 inquit,
1925 3350 2030 3392 quod,
2043 3353 2182 3391 sapiens
2194 3351 2254 3390 qui
2265 3351 2327 3389 sis,
2342 3348 2478 3381 horum·

1439 3415 1505 3447 que
1521 3408 1675 3440 ciborum
1695 3411 1812 3448 qratia
1831 3411 1867 3441 in
1882 3410 2036 3441 Siciliam
2056 3408 2247 3449 prosectu-5,
2256 3407 2337 3447 jam
2359 3410 2476 3440 tamen

1436 3467 1602 3506 appositis
1629 3468 1672 3498 iis
1696 3475 1761 3499 non
1786 3468 1899 3500 utaris
1911 3470 1930 3499 Ρ
1945 3469 2027 3499 Tum
2050 3467 2142 3499 Plato
2159 3478 2167 3498 :
2183 3467 2227 3499 Ac
2241 3474 2305 3507 per
2322 3465 2412 3506 deos,
2424 3465 2477 3498 in-

2598 981 2606 1022 f.-
2584 0 2606 975 „momufflffl-nnufflm-„smmffl

2592 1076 2606 1355 ,mmmmm-u«
2601 1043 2606 1049 Α-
2597 1023 2606 1027 ι
