2638 3840
319 303 368 335 ss
1143 288 1603 328 PYTHAGonnonuM

313 382 443 427 ἐνδείας
464 381 717 433 ἆπολλυμένῳ·,
735 379 811 419 τίνα
829 380 857 416 δ’
881 380 943 416 οὐκ
957 377 997 415 διν
1019 378 1070 414 ἐπ’
1096 378 1239 429 ἐρημίας
1254 377 1337 415 ἀνύ-

315 444 395 494 δρου
410 441 541 491 νάμασι
552 440 778 493 περιτυχόντα
794 436 1009 489 γνωρίσμασι
1026 435 1254 483 διαδηλώσειν
1269 441 1341 479 τοῖς

317 501 376 547 τὴν
394 499 503 547 αὐτὴν
523 500 598 539 ὁδὸν
627 496 824 549 βαδίζουσι;
847 494 924 532 τίνα
955 495 984 531 δ’
1010 495 1048 532 οὐ
1068 497 1129 540 τῆς
1162 494 1250 544 μετὰ
1282 494 1338 532 τὸν

315 559 387 612 βίον
418 558 589 611 εὐφημίας
616 554 724 595 πολὺν
757 554 927 592 ποιεῖσθαι
958 551 1078 602 λόγον;
1112 550 1190 590 τίνα
1215 551 1246 589 δ’
1281 554 1342 590 οὐκ

313 618 521 666 ἆποστυγεῖν
554 614 615 659 τὰς
643 612 802 655 τοιαύτας
821 610 958 664 φωνάς,
986 612 1033 654 ὡς
1059 609 1156 660 παρὰ
1184 611 1246 656 τὴν
1282 611 1340 648 ἀν-

313 674 485 728 θρωπίνην
505 671 607 716 οὔσας
628 671 726 724 φύσιν
747 669 811 718 ²²⁸,

399 770 496 808 Ἐμοῦ
510 766 651 802 θανόντος
667 767 743 806 γαῖα
760 762 900 805 μιχθήτω
919 762 1002 804 πυρί.

391 813 491 846 Οὐδὲν
508 814 590 855 μέλει
606 824 669 854 μοι,
687 810 771 851 τάμὰ
786 810 844 851 γὰρ
859 810 960 846 καλῶς
973 808 1054 850 ἔχει.

310 896 469 949 Φανερδν
488 890 546 936 οῦν
565 894 617 934 ὅτι
638 894 721 946 πρὸς
746 892 879 937 πάντας
895 892 987 931 ἐστὶν
1008 880 1093 941 ’ἡμῖν
1110 891 1224 931 εὔνοια
1241 907 1343 944 φυσι-

310 955 355 1000 κὴ
373 953 432 993 καὶ
445 952 560 1007 φιλία,
577 953 617 992 τὸ
632 949 867 1002 διαυθαίρετον
885 949 1099 1002 ἐμφαίνουσα
1120 949 1178 988 καὶ
1196 950 1236 988 τὸ
1254 949 1344 988 κατὰ

309 1014 420 1063 λόγον.
440 1030 456 1048 α
475 1011 543 1052 “Εν
563 1011 630 1064 γὰρ
650 1009 853 1062 ἀνδρῶνῖῗθ,
875 1007 911 1047 ἓν
927 1010 1011 1047 θεῶν
1026 1008 1132 1060 γένος·
1155 1010 1192 1047 ἐκ
1210 1015 1290 1059 μιᾶς
1310 1008 1344 1046 δὲ

307 1070 454 1121 πνέομεν
488 1068 617 1121 ματρὸς
650 1067 891 1120 ἀμφότεροι»,
913 1069 974 1114 τῆς
1001 1066 1147 1120 φύσεως.
1242 1067 1344 1105 Ἐπεὶ

310 1128 347 1167 δὲ
361 1127 458 1175 κοινή
474 1143 525 1173 τις
542 1128 628 1178 ἡμῖν
646 1126 795 1178 ὑπάρχει
814 1125 1056 1179 φιλανθρωπία
1069 1155 1079 1175 ,
1102 1125 1188 1164 πολὺ
1207 1128 1338 1176 μᾶλλον

309 1186 393 1238 πρὸς
408 1184 484 1230 τοὺς
501 1187 536 1224 ἐν
556 1184 717 1235 συνηθείᾳ
737 1184 856 1236 φίλους
875 1183 915 1222 τὸ
930 1184 1165 1238 διαυθαίρετον
1186 1185 1343 1238 φανερώο

307 1256 418 1297 τερον*
453 1245 484 1283 εἴ
512 1245 572 1282 δ’ὁ
595 1242 691 1296 φίλος
715 1241 758 1280 δι’
785 1241 887 1280 αὑτὸν
910 1242 1066 1294 αἱρετός,
1085 1243 1145 1281 καὶ
1175 1246 1196 1290 ἡ
1224 1244 1343 1297 φιλία,

311 1301 372 1341 καὶ
391 1305 413 1349 ἡ
428 1301 563 1349 εὔνοια,
583 1301 642 1340 καὶ
659 1304 681 1348 ἡ
702 1299 798 1353 παρὰ
814 1300 955 1339 πάντων
971 1304 1037 1340 τῶν
1056 1305 1115 1341 τοῦ
1138 1302 1213 1354 βίου
1230 1318 1348 1341 κοινω-

310 1361 479 1409 νούντων,
511 1359 571 1399 καὶ
603 1359 700 1411 παρὰ
727 1361 795 1397 τῶν
823 1358 995 1397 πλείστων
1020 1359 1225 1412 ἀνθρώπων,
1257 1361 1347 1400 ὥστε

310 1419 370 1459 καὶ
384 1419 441 1458 τὸν
459 1417 600 1457 ἔπαινον
618 1412 704 1456 εἶναι
716 1418 760 1455 δι’
777 1417 877 1455 αὑτὸν
890 1418 1039 1471 αἱρετόν,
1056 1420 1264 1458 οἰκειοῦσθαι
1280 1419 1346 1473 γὰρ

309 1482 401 1528 ἡμᾶς
420 1476 504 1530 πρὸς
517 1475 595 1520 τοὺς
613 1477 849 1519 ἐπαινοῦντας.
892 1477 938 1515 Εἰ
957 1475 993 1514 δὲ
1013 1478 1031 1515 ὁ
1044 1475 1183 1521 ἔπαινος
1202 1478 1246 1515 δι’
1265 1480 1348 1517 ἔαυ-

309 1536 368 1575 τὸν
394 1535 546 1589 αἱρετός,
570 1534 630 1574 καὶ
650 1537 671 1581 ἡ
692 1533 835 1579 εὐδοξία·
856 1533 999 1587 καὶγὰρ
1025 1533 1120 1573 οῦδὲν
1143 1535 1258 1589 ἕτερον
1281 1536 1344 1584 τὴν

310 1594 459 1640 εὐδοξίαν
480 1593 571 1633 κατὰ
589 1592 650 1640 τὴν
683 1592 886 1645 ὑπογραφὴν
910 1592 1177 1647 παρειλήφαμεν
1192 1625 1203 1645 ,
1237 1597 1266 1634 εἷ
1295 1595 1344 1646 μὴ

309 1653 367 1693 τὸν
386 1652 483 1707 παρὰ
504 1654 641 1691 πολλῶν
661 1651 812 1690 ἔπαινον·
829 1650 919 1689 ὥστε
938 1649 991 1675 ²³⁰
1009 1652 1119 1705 ταύτῃ
1140 1653 1202 1704 μὲν
1227 1654 1272 1693 τὰ
1289 1656 1346 1694 λε-

310 1711 443 1763 γόμενα
462 1713 531 1750 τῶν
557 1710 621 1756 ἔξω
647 1711 783 1761 ἀγαθῶν
800 1708 852 1748 ὅτι
872 1710 1093 1763 διαυθαίρετα
1102 1711 1252 1764 πέφυκεν
1273 1714 1346 1751 ἐπι-

312 1771 485 1823 δεδεῖχθαι
516 1771 643 1823 σαφῶς·
672 1772 745 1812 πῶς
773 1762 831 1807 οῦν
863 1771 901 1808 οὔ
921 1769 1009 1808 πολὺ
1034 1771 1166 1821 μᾶλλον
1191 1771 1235 1810 τὰ
1265 1772 1346 1826 περὶ

311 1831 404 1877 ἡμᾶς
423 1828 483 1866 καὶ
502 1829 537 1866 ἐν
563 1830 664 1877 ἡμῖν;
684 1826 774 1879 λέγω
795 1825 836 1873 δὴ
856 1826 900 1866 τὰ
917 1826 995 1879 περὶ
1022 1827 1126 1878 σῶμά
1147 1843 1184 1866 τε
1204 1828 1262 1867 καὶ
1282 1831 1346 1882 ψυ-

313 1887 394 1939 χήν.
447 1887 494 1925 Ei
513 1885 579 1938 γὰρ
604 1888 622 1923 ὁ
641 1885 816 1937 ἅνθρωπος
844 1886 888 1923 δι’
914 1885 1016 1924 αὑτὸν
1049 1885 1202 1939 αἱρετός,
1223 1888 1283 1925 καὶ
1303 1888 1346 1925 τὰ

316 1943 405 1996 με’ρη
422 1948 480 1982 τοῦ
497 1942 674 1995 ἀνθρώπου
701 1943 745 1980 δι’
766 1941 854 1981 αὑτὰ
874 1942 913 1981 ἂν
936 1942 989 1992 εἴη
1011 1944 1132 1995 αἱρετά
1146 1943 1213 1984 ²³¹.
1247 1944 1347 1996 Μέρη

314 2004 344 2040 δ’
364 2001 454 2040 ἐστὶν
480 2002 660 2053 ἀνθρώπου
690 2000 969 2054 ὃλοσχερέστατα
1005 2005 1106 2052 σῶμα
1141 2002 1201 2041 καὶ
1232 2005 1343 2056 ψυχή.

313 2060 426 2100 Ὥστε
445 2061 504 2099 καὶ
519 2060 558 2099 τὸ
570 2063 672 2111 σῶμα
686 2059 728 2099 δι’
748 2061 832 2099 αὑτὸ
849 2060 889 2099 ἂν
909 2061 1040 2114 αἱρετὸν
1061 2061 1128 2109 εἴη.
1176 2064 1260 2107 Πῶς
1278 2063 1345 2116 γὰρ

313 2119 352 2158 τὸ
368 2118 431 2171 μὲν
443 2123 502 2158 τοῦ
518 2119 663 2167 πλησίον
681 2121 784 2170 σῶμα
808 2119 850 2157 δι’
869 2119 954 2158 αὑτὸ
973 2121 1107 2172 αἱρετόν
1129 2123 1221 2159 ἐστιν
1236 2124 1338 2173 ἡμῖν,

1406 381 1541 430 Ορωπος
1561 378 1604 415 δι’
1623 377 1725 416 αὑτόν
1745 378 1837 415 ἐστιν
1866 374 2020 427 αἱρετός,
2041 374 2120 427 οὐχὶ
2145 374 2182 413 δὲ
2208 374 2268 414 καὶ
2295 373 2440 418 ἕκαστος

1404 439 1504 487 ἡμῶν
1530 437 1624 488 αὐτῷ
1647 437 1688 474 δι’
1707 435 1809 474 αὑτὸν
1830 434 1982 486 αἱρετός;
2006 432 2030 479 ἢ
2054 436 2128 476 πῶς
2146 436 2247 472 τοῦτο
2266 432 2342 483 με’ν,
2361 432 2439 485 οὐχὶ

1403 494 1439 533 δὲ
1459 495 1518 533 καὶ
1545 494 1590 534 τὰ
1618 495 1705 547 μέρη
1726 493 1769 531 τὰ
1793 496 1853 531 τοῦ
1875 491 2056 542 σώματος,
2089 491 2150 530 καὶ
2170 493 2205 530 αἱ
2232 493 2302 530 τῶν
2323 493 2439 543 μερῶν

1405 552 1523 603 ἀρεταὶ
1543 553 1602 591 καὶ
1624 554 1659 590 αἱ
1678 555 1736 589 τοῦ
1758 551 1838 589 ὅλου
1862 549 2022 599 σώματος
2041 548 2082 587 ἂν
2101 542 2168 587 εἷεν
2199 548 2334 602 αἱρεταί
2362 546 2436 602 ²³²5

1403 608 1517 649 “stote
1550 612 1592 648 δι’
1615 608 1703 648 αὑτὰ
1733 608 1853 662 αἱρετὰ
1888 609 1970 657 ἡμῖν
2000 600 2090 646 εἶναι
2119 607 2182 654 τὴν
2207 606 2438 659 ὑγίειαν,τὴν

1406 668 1506 720 ἰσχύν
1522 699 1531 716 ,
1554 669 1594 707 τὸ
1621 668 1769 714 κάλλος,
1802 666 1864 713 τὴν
1886 664 2102 714 ποδώκειαν,
2122 664 2186 712 τὴν
2206 664 2353 715 εὐεξίαν,
2374 665 2439 713 τὴν

1406 726 1640 773 εὖαισθησίαν,
1660 724 1806 763 καθόλου
1820 723 1935 767 πάσας
1949 725 1996 768 ὥς
2011 722 2091 768 ἔπος
2107 725 2214 763 εἰπεῖν
2233 723 2359 775 ἀρετάς
2368 721 2436 765 ²⁸³.

1410 785 1479 823 Καὶ
1498 784 1564 835 γὰρ
1587 783 1698 826 ἄλλως
1724 783 1830 826 οὐδεὶς
1850 782 1890 820 ἂν
1908 777 1946 821 εὗ
1976 784 2107 835 φρονῶν
2131 781 2265 827 δέξαιτο
2289 781 2443 836 ἄμορφος

1406 843 1465 880 καὶ
1491 842 1733 892 λελωὸημὲνος
1753 835 1840 879 εἶναι
1863 840 1954 880 κατὰ
1973 841 2013 880 τὸ
2031 835 2130 888 εἶδος,
2148 840 2213 880 κᾶν
2237 842 2267 880 εἶ
2285 839 2442 891 μηδεμία

1409 901 1529 951 μέλλοι
1547 898 1762 951 δυσχρηστία
1789 898 1827 937 τὸ
1847 899 2015 951 παράπαν
2037 899 2282 937 ἐπακολουθεῖν
2302 897 2363 937 διὰ
2379 896 2442 944 τὴν

1405 957 1566 1003 τοιαύτην
1599 956 1801 1008 εἷδέχθειαν.
1867 956 1982 995 “sse-re
2014 956 2074 994 καὶ
2098 955 2180 1008 δίχα
2201 959 2264 1004 τῆς
2288 956 2442 1008 δυσχρη-

1406 1015 1503 1058 στίας
1520 1014 1656 1065 εὔλογον
1684 1013 1794 1067 φυγὴν
1816 1014 1995 1067 φαίνεσθαι
2012 1017 2071 1053 τοῦ
2093 1013 2247 1067 αἴσχους.
2278 1015 2323 1054 Ei
2344 1014 2380 1054 δὲ
2399 1011 2442 1052 δι’

1407 1074 1490 1112 αὑτὸ
1516 1073 1659 1126 φευκτόν
1677 1075 1751 1111 ἐστι
1770 1073 1809 1111 τὸ
1829 1067 1968 1125 αἶσχος,
1987 1073 2048 1112 καὶ
2064 1073 2103 1112 τὸ
2126 1073 2254 1117 κάλλος
2269 1074 2308 1112 οὗ
2340 1074 2443 1124 μόνον

1410 1131 1466 1170 διὰ
1485 1132 1546 1179 τὴν
1570 1131 1691 1183 χρείαν
1714 1131 1848 1184 αἱρετόν
1860 1162 1871 1182 ,
1888 1132 1978 1171 ἀλλὰ
1994 1132 2053 1171 καὶ
2071 1131 2113 1171 δι’
2129 1132 2229 1171 αὑτό.
2268 1129 2355 1172 ’Ὅτι
2374 1131 2443 1185 γὰρ

1408 1191 1441 1235 ἐξ
1455 1192 1559 1228 αὑτοῦ
1582 1190 1833 1241 προσκλητικόν
1849 1207 1881 1229 τι
1897 1190 1970 1242 ἔχει
1985 1189 2024 1229 τὸ
2043 1190 2171 1234 κᾶλλος
2186 1190 2254 1241 ²³⁴,
2274 1189 2438 1244 ἐμφανίς.

1410 1250 1553 1294 Πάντας
1571 1253 1651 1300 γοῦν
1676 1253 1827 1302 φυσικῶς
1855 1252 2063 1288 οἰκειοῦσθαι
2094 1252 2164 1293 τοῖς
2190 1251 2310 1294 καλοῖς
2336 1248 2443 1302 χωρὶς

1407 1307 1523 1354 πάσης
1543 1309 1681 1359 χρείας,
1713 1307 1773 1346 καὶ
1789 1307 1856 1359 γὰρ
1881 1307 1966 1360 πρὸς
1984 1307 2023 1345 τὸ
2051 1301 2089 1346 εῧ
2113 1313 2223 1346 ποιεῖν
2243 1306 2366 1352 αὖτοὺς
2384 1307 2444 1347 καὶ

1410 1365 1599 1415 εὐεργετεῖν
1628 1365 1774 1416 ἑτοίμως
1801 1365 1906 1419 ἔχειν,
1927 1364 2002 1404 ὅθεν
2028 1364 2069 1412 δὴ
2098 1366 2159 1404 καὶ
2179 1366 2290 1404 δοκεῖν
2311 1365 2445 1411 εὖνοίας

1409 1417 1495 1461 εἶναι
1515 1425 1849 1476 παρασκευαστικόν·
1873 1424 1962 1463 ὥστε
1979 1425 2039 1464 καὶ
2054 1424 2145 1464 κατὰ
2163 1429 2287 1465 τοῦτον
2304 1425 2365 1464 τὸν
2376 1425 2446 1465 ’λό-

1410 1498 1468 1532 γον
1483 1482 1523 1520 τὸ
1541 1483 1604 1533 μὲν
1624 1483 1750 1527 κάλλος
1768 1487 1837 1523 τῶν
1857 1485 1900 1522 δι’
1922 1483 2006 1522 αὑτὸ
2032 1485 2176 1535 αἱρετῶν
2198 1484 2384 1538 ὑπάρχειν·
2404 1481 2446 1522 τὸ

1410 1538 1444 1576 δὲ
1468 1532 1613 1591 αἶσχος,
1634 1543 1702 1579 τῶν
1719 1540 1762 1579 δι’
1785 1540 1868 1580 αὑτὸ
1888 1542 2056 1593 φευκτῶν.
2080 1540 2150 1580 Τὸν
2170 1541 2202 1580 δ’
2219 1541 2323 1581 αὗτὸν
2340 1539 2443 1594 λόγον

1410 1600 1469 1638 καὶ
1494 1599 1574 1651 περὶ
1603 1599 1730 1651 ὑγιείας
1762 1594 1848 1637 εἶναι
1868 1599 1928 1638 καὶ
1946 1599 2050 1639 νόσου
2064 1629 2075 1648 ,
2096 1598 2156 1638 καὶ
2173 1598 2293 1652 ἰσχύος
2311 1600 2372 1638 καὶ
2401 1600 2447 1638 ἃ·

1412 1657 1586 1705 σθενείας,
1611 1659 1671 1697 καὶ
1691 1658 1882 1701 ποδωκείας
1901 1657 1961 1697 καὶ
1981 1658 2214 1710 βραδυτῆτος,
2231 1657 2293 1697 καὶ
2311 1657 2438 1705 αἰσθή-

1412 1731 1496 1759 σεως
1511 1715 1570 1754 καὶ
1595 1716 1798 1769 πηρώσεως.
1863 1714 1968 1755 ‘'sset’
1988 1718 2018 1756 εἷ
2035 1716 2095 1755 καὶ
2113 1716 2159 1754 τὰ
2174 1715 2360 1767 σωματικὰ
2375 1719 2444 1755 τῶν

1411 1775 1547 1824 ἀγαθῶν
1568 1774 1738 1814 δέδεικται
1761 1775 2007 1828 διαυθαίρετα,
2034 1775 2095 1814 καὶ
2115 1774 2283 1814 τάναντία
2313 1774 2445 1814 τούτων

1412 1833 1505 1872 κακὰ
1521 1834 1564 1871 δι’
1582 1834 1670 1872 αὑτὰ
1691 1833 1844 1887 φευκτά,
1876 1833 1937 1873 καὶ
1955 1832 2001 1872 τὰ
2027 1837 2089 1880 τῆς
2111 1835 2225 1886 ψυχῆς
2258 1833 2445 1885 ἀναγκαῖον

1413 1890 1502 1944 μέρη
1517 1892 1736 1944 διαυθαίρετα
1750 1893 1933 1945 ὑπάρχειν,
1952 1892 2014 1931 καὶ
2028 1892 2091 1936 τὰς
2111 1892 2234 1944 ἀρετὰς
2253 1893 2367 1931 αὐτῶν
2385 1891 2447 1934 καὶ

1411 1952 1474 1996 τῆς
1491 1948 1574 1998 ὅλης
1592 1953 1720 2003 ῲυχῆς.
1776 1951 1856 1998 Τὴν
1872 1950 1940 2003 γὰρ
1955 1950 2085 1990 εἴσοδον
2104 1953 2126 1997 ἡ
2140 1949 2246 2004 ἀρετὴ
2268 1950 2442 2000 afficte«,

1413 2007 1569 2060 καθάπερ
1593 2008 1840 2058 ὑπεδείξαμεν,
1868 2010 1937 2048 ἀπὸ
1967 2012 2035 2048 τῶν
2058 2013 2270 2060 σωματικῶν
2297 2009 2357 2049 καὶ
2374 2011 2446 2048 τῶν

1412 2066 1532 2111 ἔξωθεν
1550 2069 1701 2118 ἀγαθῶν,
1719 2068 1778 2107 καὶ
1788 2067 1871 2120 πρὸς
1890 2068 2014 2115 ἑαυτὴν
2031 2068 2270 2122 ἐπιστρέψασα
2288 2069 2349 2108 καὶ
2364 2071 2447 2107 θεα-

1411 2125 1548 2175 σαμένη
1563 2125 1616 2149 ²³⁵
1647 2126 1734 2165 διότι
1764 2128 1850 2178 αὐτῇ
1886 2126 1930 2165 τὰ
1949 2126 2040 2165 κατὰ
2067 2127 2184 2180 ψυχὴν
2204 2125 2292 2166 πολὺ
2312 2128 2444 2177 μᾶλλον

315 2178 354 2218 τὸ
386 2179 418 2218 δ’
445 2178 612 2231 ἡμέτερον
635 2179 697 2218 οὒκ
718 2177 788 2227 ἔτις
820 2176 844 2226 ἢ
878 2180 952 2222 πῶς
979 2182 997 2218 ὁ
1021 2178 1084 2229 μὲν
1106 2179 1251 2226 πλησίον
1287 2180 1349 2219 ἄν-
1372 2187 1379 2214 Ι
1409 2186 1476 2221 τῶν
1509 2188 1568 2222 τοῦ
1590 2184 1750 2236 σώματος
1781 2187 1918 2237 ἀγαθῶν
1952 2185 2130 2238 ᾠκειώθη,
2159 2185 2268 2230 οὕτως
2284 2182 2445 2238 sputu-'10²3

316 2289 434 2321 fontem
452 2288 486 2321 in
503 2297 600 2330 quem
616 2288 697 2321 sorte
715 2288 827 2321 incidit
845 2288 1028 2321 hominibus
1048 2288 1134 2321 idem
1150 2289 1211 2321 iter
1231 2291 1350 2323 saeien-

316 2350 400 2382 tibus
421 2350 517 2391 signis
530 2349 720 2391 quibusdam
731 2348 814 2382 datis
828 2348 969 2382 indicare
981 2351 1129 2382 recuset?
1145 2350 1219 2390 quis
1233 2352 1282 2382 est
1297 2351 1352 2392 qui

318 2417 381 2440 non
406 2408 524 2441 bonam
550 2412 622 2450 post
649 2408 788 2440 mortem
811 2407 927 2440 ramam
951 2407 1057 2448 magni
1086 2407 1205 2440 faciat?
1235 2411 1352 2441 Contra

319 2468 390 2508 quis
411 2468 460 2500 est
489 2467 545 2508 qui
563 2475 627 2499 non
644 2465 830 2507 hujusmodi
856 2474 971 2507 voces,
992 2470 1028 2499 ut
1050 2466 1201 2499 humanae
1229 2471 1351 2500 naturae

319 2525 538 2565 repugnantes,
554 2524 737 2557 aversetur?

391 2601 434 2628 Me
447 2600 567 2627 mortuo
579 2600 648 2634 igue
661 2600 742 2628 terra
756 2598 918 2635 conflagret
929 2599 1008 2629 licet.

391 2652 440 2680 Nil
454 2652 507 2681 ista
521 2659 615 2686 ουτος
635 2658 683 2681 res
695 2651 806 2681 habent
820 2652 896 2682 bene
907 2660 938 2682 se
950 2660 1035 2683 meae.

327 2724 465 2762 Apparet
483 2723 590 2762 igitur,
607 2731 680 2762 erga
696 2731 808 2755 omnes
826 2724 918 2756 nobis
933 2725 1034 2756 inesse
1058 2725 1235 2757 naturalem
1259 2725 1354 2758 bene-

327 2780 500 2811 volentiam
517 2781 549 2811 et
567 2779 752 2820 amicitiam,
761 2780 858 2812 officii
872 2781 1064 2822 rationisque
1078 2782 1217 2823 speciem
1236 2782 1355 2814 liaben-

327 2839 401 2869 leni.
445 2838 499 2869 Est
516 2837 599 2870 enim
614 2846 713 2869 unum
727 2837 860 2870 deorum
875 2838 1105 2879 hominumque
1123 2848 1234 2880 genus,
1256 2841 1354 2880 atque

329 2905 390 2927 una
411 2897 511 2927 matre
529 2897 641 2927 natura
662 2895 788 2936 utrique
803 2895 899 2935 geniti
914 2896 1082 2936 spiramus.
1124 2900 1231 2935 Quum
1248 2901 1354 2930 autem

328 2954 507 2985 eommunis
534 2954 625 2986 nobis
652 2953 725 2986 insit
765 2953 961 2994 humanitas,
996 2956 1098 2987 multo
1122 2957 1222 2996 magis
1250 2957 1357 2989 debita

329 3012 439 3043 :runicis
460 3011 577 3051 quibus
592 3011 785 3043 familiariter
806 3011 928 3043 utimur
951 3012 1057 3044 officia
1073 3016 1259 3054 comparent
1277 3026 1285 3046 ι
1306 3015 1357 3046 sin

330 3073 437 3100 :uitem
452 3068 574 3100 amicus
594 3078 650 3109 per
666 3077 699 3101 se
713 3069 907 3109 expetendus
922 3070 986 3108 est,
1008 3070 1104 3102 simul
1121 3073 1153 3102 et
1170 3071 1309 3103 amicilia
1325 3073 1357 3103 et

333 3127 551 3159 benevolentia
567 3135 622 3167 per
634 3135 667 3158 se
680 3127 856 3167 expetenda
876 3127 916 3158 sit
931 3129 1073 3167 oportet,
1087 3129 1156 3159 tum
1170 3138 1206 3160 eo
1213 3138 1282 3160 rum
1303 3130 1358 3169 qui

334 3186 397 3216 vila
411 3185 559 3217 fruuntur
572 3185 729 3224 omnium,
744 3187 811 3216 tum
826 3184 1048 3225 plerorumque
1059 3185 1244 3226 hominum;
1263 3189 1357 3228 atque

334 3246 413 3275 lianc
429 3243 471 3275 ob
497 3251 626 3275 causam
645 3242 713 3274 laus
739 3251 865 3282 quoque
879 3251 932 3282 per
951 3251 983 3274 se
996 3243 1171 3283 expetenda
1187 3247 1244 3283 est,
1263 3245 1361 3284 siqui-

332 3305 404 3336 dem
422 3303 623 3336 laudantibus
639 3302 855 3335 conciliamur.
914 3302 1034 3339 Quodsi
1058 3303 1126 3334 laus
1141 3312 1195 3343 per
1209 3312 1242 3334 se
1261 3313 1359 3344 expe-

336 3363 428 3394 tenda
450 3363 509 3401 est,
528 3358 711 3401 hujusmodi
730 3360 826 3392 etiam
849 3361 946 3400 gloria
970 3361 1052 3392 erit:
1072 3361 1221 3400 quoniam
1242 3361 1354 3393 descri-

1413 2292 1495 2326 bona
1517 2303 1647 2335 quoque
1668 2304 1740 2336 quae
1766 2297 1898 2328 externa
1922 2295 2122 2336 appellantur
2142 2304 2197 2336 per
2218 2304 2252 2328 se
2272 2294 2450 2336 expetenda

1412 2361 1482 2384 esse
1499 2353 1659 2393 perspicue
1669 2353 2009 2393 demonstraverinnis;
2026 2354 2137 2394 quidni
2151 2354 2253 2386 multo
2264 2353 2364 2394 magis
2375 2361 2450 2395 quae

1413 2411 1496 2443 circa
1509 2419 1567 2443 nos
1584 2413 1681 2453 atque
1698 2412 1729 2444 in
1744 2412 1835 2445 nobis
1850 2416 1940 2452 sunt,
1955 2411 2068 2443 animis
2079 2410 2151 2443 dico
2164 2412 2196 2443 et
2212 2410 2340 2452 corpori
2353 2410 2448 2452 bona,
2466 2431 2476 2439 -

1413 2475 1625 2514 expetentur?
1644 2475 1676 2506 Si
1695 2475 1780 2507 enim
1802 2475 1898 2506 homo
1926 2474 1992 2515 ipse
2020 2483 2077 2514 per
2104 2482 2138 2505 se
2163 2472 2362 2514 expetendus
2379 2475 2450 2515 eut,

1413 2533 1518 2572 partes
1549 2532 1645 2564 etiam
1678 2532 1814 2564 hominis
1842 2541 1897 2573 per
1923 2541 1957 2564 se
1978 2531 2162 2572 expetendae
2189 2533 2295 2563 erunt.
2338 2531 2450 2565 Partes

1415 2591 1520 2622 autem
1536 2590 1672 2622 hominis
1683 2591 1855 2631 praecipuae
1870 2599 1985 2631 corpus
2002 2591 2076 2622 suut
2087 2593 2182 2630 atque
2191 2589 2329 2623 animus.
2343 2591 2452 2628 Quare

1414 2657 1528 2689 corpus
1543 2658 1671 2690 quoque
1687 2658 1742 2689 per
1759 2658 1793 2681 se
1809 2649 2020 2689 expetendum
2037 2648 2143 2680 suerit.
2207 2650 2276 2682 cur
2295 2647 2384 2681 enim
2404 2647 2451 2680 ala

1412 2707 1513 2739 terius
1531 2716 1649 2749 corpus
1668 2716 1722 2749 per
1737 2716 1770 2740 se
1784 2707 1876 2739 nobis
1898 2715 2008 2738 carum
2026 2707 2088 2746 sit,
2103 2709 2250 2739 nostrum
2268 2715 2332 2739 non
2346 2705 2448 2739 item?

1415 2771 1479 2802 Aut
1511 2778 1569 2801 cur
1595 2769 1676 2801 alter
1704 2778 1760 2810 per
1781 2777 1814 2801 se
1831 2768 1923 2800 nobis
1948 2777 2042 2800 carus
2074 2769 2138 2808 sit,
2165 2771 2200 2800 at
2231 2767 2452 2810 uuusquisque

1416 2831 1560 2861 nostrum
1575 2828 1632 2860 sibi
1654 2828 1715 2869 ipsi
1732 2837 1794 2860 non
1819 2828 1919 2860 item?
1934 2831 1996 2860 Aut
2013 2828 2039 2860 si
2065 2828 2125 2860 hoc
2151 2827 2326 2868 concedas,
2347 2835 2453 2861 nonne

1416 2888 1512 2920 etiam
1528 2887 1671 2927 corporis
1685 2888 1810 2928 partes,
1829 2889 1861 2919 et
1882 2887 2023 2927 partium
2046 2888 2144 2928 atque
2163 2886 2243 2918 adeo
2260 2885 2357 2919 totius
2379 2882 2448 2918 cor·

1418 2949 1502 2989 poris
1527 2948 1610 2980 vires
1628 2957 1683 2988 per
1711 2957 1745 2980 se
1770 2949 1876 2980 carm?
1903 2948 2060 2985 Quocirca
2077 2957 2133 2989 per
2154 2956 2188 2980 se
2216 2948 2413 2988 expetuntur
2429 2954 2451 2979 a

1419 3010 1512 3042 nobis
1527 3010 1662 3049 sanitas,
1684 3010 1792 3048 robur,
1814 3009 2035 3050 pulchritudo,
2055 3009 2170 3049 pedum
2190 3009 2371 3050 pernicitas,
2392 3007 2452 3040 bo·

1418 3079 1479 3101 nus
1500 3069 1640 3110 corporis
1657 3068 1797 3108 habitus,
1812 3076 1964 3100 sensuum
1978 3068 2152 3109 integritas,
2170 3067 2308 3110 denique
2319 3068 2453 3100 omnino

1419 3131 1526 3162 omnia
1545 3130 1688 3171 corporis
1710 3120 1803 3161 bona.
1849 3129 1972 3161 Etenim
1995 3138 2090 3161 nemo
2107 3128 2246 3169 prudens
2262 3132 2382 3160 temero
2399 3126 2455 3160 ,de-

1422 3189 1531 3221 formis
1555 3198 1592 3221 ac
1623 3189 1755 3220 mutilus
1771 3187 1870 3219 videri
1889 3188 1976 3228 volit,
2007 3188 2129 3219 etiamsi
2156 3188 2234 3219 forte
2262 3186 2351 3219 nulla
2367 3194 2454 3227 pror-

1421 3256 1476 3278 sus
1495 3256 1535 3279 ex
1548 3246 1731 3288 hujusmodi
1750 3246 1951 3278 deformitate
1964 3246 2208 3278 incommoditas
2221 3245 2381 3277 exoritura
2390 3243 2446 3276 sit.

1422 3306 1636 3342 Quamobrem
1663 3305 1717 3338 vel
1735 3305 1803 3337 sine
1825 3305 1891 3337 ulla
1914 3304 2175 3336 incommoditate
2202 3303 2312 3338 vultus
2329 3302 2453 3335 foedit»

1423 3365 1520 3395 tatem
1537 3373 1593 3402 par
1605 3367 1653 3396 est
1669 3363 1847 3404 fugiendam
1864 3363 1955 3396 nobis
1973 3363 2085 3395 videri.
2130 3362 2183 3394 Sin
2203 3363 2308 3393 autem
2326 3362 2455 3402 propter

2624 926 2627 934 -
2606 392 2638 896 ι-ΜιζΜῌ-νώ,
2624 330 2627 336 ,

338 3421 472 3459 pliouem
486 3419 587 3452 secuti
603 3419 734 3459 gloriam
754 3418 834 3450 nihil
856 3418 944 3450 aliud
970 3427 1038 3450 esse
1061 3419 1242 3459 accepimus
1267 3429 1362 3460 quam

340 3478 464 3510 laudem
484 3478 575 3510 alicui
595 3487 612 3509 a
628 3478 736 3509 multis
760 3477 914 3510 tributam
932 3490 940 3509 ι
958 3486 1058 3517 quum
1075 3477 1172 3517 igitur
1185 3486 1221 3509 ea
1245 3478 1362 3509 ratione

1422 3430 1455 3452 se
1469 3421 1615 3462 fugienda
1634 3424 1683 3454 est
1704 3422 1887 3455 deformitas
1901 3446 1910 3461 ,
1938 3420 2140 3462 pulchritudo
2158 3428 2287 3461 quoque
2303 3428 2367 3451 non
2384 3421 2455 3451 tan-

1425 3481 1494 3511 tum
1518 3481 1647 3520 propter
1665 3489 1779 3521 usum,
1797 3481 1850 3513 sed
1869 3480 1965 3513 etiam
1982 3481 2112 3521 propter
2134 3487 2168 3510 se
2184 3479 2243 3510 erit
2259 3477 2450 3519 expetenda.
