2606 3828
442 389 1273 478 ΑΝΤΙΣΘΕΝΟΥΣ

531 557 1183 611 ΑΠΟΣΠΑΣΜΑΤΙΑ

639 852 684 892 α’.
708 853 747 891 ἐκ
763 855 823 890 τοῦ
841 851 1068 905 Ἡρακλέους.

394 986 420 1011 t.
445 970 595 1024 Ἀρέσκει
612 970 640 1008 δ’
657 971 774 1013 αὐτοῖς
793 968 852 1007 καὶ
871 968 967 1013 τέλος
988 962 1074 1007 εἶναι
1096 969 1136 1007 τὸ
1154 968 1232 1007 κατ’
1249 968 1373 1021 ἀρετὴν

338 1034 410 1078 ζῆν,
425 1032 470 1074 ὥς
486 1029 699 1077 Ἀντισθένης
719 1028 822 1082 φησὶν
844 1030 878 1067 ἐν
898 1030 947 1076 τῷ
972 1027 1157 1080 ἹῙρακλεῖ.

390 1090 591 1139 (Diogenes
611 1088 786 1126 Laertius
806 1087 874 1126 lib.
890 1087 955 1134 Vl,
984 1087 1091 1139 iol..)

391 1161 422 1187 2.
454 1147 607 1199 Ἀρέσκει
627 1146 663 1185 δὲ
685 1148 798 1190 αὐτοῖς
816 1146 878 1184 καὶ
898 1145 960 1192 τὴν
981 1144 1108 1199 ἀρετὴν
1138 1146 1302 1193 διδακτὴν
1324 1140 1374 1185 εἷ-

338 1223 413 1255 ναι,
442 1206 532 1244 καθά
567 1221 670 1259 φησιν
703 1204 919 1251 Ἀντισθένης
949 1206 983 1243 ἐν
1017 1207 1066 1256 τῷ
1102 1204 1295 1257 Ἡρακλεῖ,
1316 1205 1375 1243 καὶ

338 1264 579 1311 ἀναπόὸλητον
599 1264 784 1317 ὑπάρχειν·
807 1263 1006 1315 ἀξιέραστόν
1029 1279 1066 1301 τε
1092 1263 1150 1302 τὸν
1183 1263 1287 1316 σοφὸν
1314 1264 1375 1303 καὶ

337 1323 581 1376 ἀναμάρτητον
601 1323 660 1361 καὶ
680 1323 779 1375 φίλον
793 1323 844 1375 τῷ
863 1321 992 1374 ὁμοίῳ,
1007 1321 1097 1373 τύχῃ
1116 1337 1152 1360 τε
1173 1321 1280 1373 μηδὲν
1301 1324 1376 1361 ἐπι-

336 1382 487 1434 τρέπειν.

393 1442 598 1492 (Diogenes
614 1441 789 1479 Laertius
807 1439 879 1478 lib.
903 1439 968 1486 VI,
991 1439 1096 1491 105.)

389 1513 421 1539 3.
452 1501 515 1553 Τῷ
531 1498 599 1551 γὰρ
620 1501 715 1553 σοφῷ
735 1499 826 1544 ξένον
849 1497 945 1537 οὐδὲν
966 1498 1038 1537 οὐδ’
1055 1498 1200 1551 ἄπορον.
1222 1498 1375 1552 Ἀξιέρα-

337 1572 414 1602 στος
434 1561 451 1596 6
466 1558 605 1608 ἀγαθός’
621 1559 652 1596 οἱ
667 1559 845 1596 σπουδαῖοι
862 1556 967 1610 φίλοι·
982 1557 1189 1610 συμμάχους
1202 1562 1376 1596 ποιεῖσθαι

338 1614 414 1660 τοὺς
434 1614 603 1669 εὐψύχους
621 1615 696 1667 ἅμα
728 1615 788 1654 καὶ
820 1614 991 1659 δικαίους·
1010 1615 1239 1669 ἀναφαίρετον
1269 1615 1374 1655 ὅπλον

338 1674 456 1727 ἀρετή.

392 1734 598 1785 (Diogenes
617 1735 792 1773 Laertius
811 1734 882 1774 lib.
904 1735 974 1782 Vl,
1002 1748 1062 1774 12.
1087 1734 1164 1772 Pro
1185 1734 1377 1773 membra-

338 1806 473 1832 narum
497 1794 661 1832 lectione
679 1793 770 1839 ξένον
792 1793 887 1832 οὐδὲν
911 1793 980 1833 οὐδ’
1003 1793 1072 1832 ἄπο
1105 1795 1261 1845 reposui
1293 1794 1378 1832 Ste-

338 1851 458 1902 phani
470 1852 730 1903 conjecturam
749 1852 840 1897 ξένον
850 1853 945 1891 οὐδὲν
961 1853 1029 1891 οὐδ’
1040 1853 1184 1905 ἄπορον.
1199 1853 1378 1892 Kuhnius

337 1911 435 1948 illud
455 1911 524 1949 ἄπο
543 1913 684 1950 mutari
704 1911 858 1950 volebat
877 1913 918 1950 in
950 1913 1094 1952 ἄτοπον.
1123 1912 1233 1963 Apud
1253 1912 1378 1963 Hesy-

339 1969 467 2008 chium
486 1969 679 2009 Milesium
711 1972 754 2009 in
785 1971 1010 2009 Antisthene
1029 1985 1068 2022 p.
1093 1985 1138 2009 10
1170 1971 1232 2011 ed.
1251 1971 1373 2012 Orell.

343 2028 467 2065 solum
497 2029 639 2081 legitur
660 2043 671 2068 ε
694 2031 744 2082 τῷ
771 2032 866 2081 σοφῷ
887 2028 979 2074 ξένον
1001 2029 1112 2068 οὐδέν·
1135 2028 1336 2082 ἀξιέραστος
1361 2032 1379 2068 6

340 2086 494 2138 ἀγαθός,)

394 2157 424 2184 4.
455 2145 527 2184 Καὶ
546 2147 563 2182 6
592 2145 805 2193 Ἀντισθένης
822 2139 928 2185 εἶπεν·
945 2141 1023 2201 ’Ἆρ’
1043 2141 1100 2186 οὖν
1121 2147 1182 2185 καὶ
1211 2147 1300 2199 τῷδε
1330 2148 1380 2200 τῷ

341 2202 568 2256 Συρακουσίῳ
599 2204 799 2256 κράτιστον,
822 2205 1026 2250 ἐπιδείξαντι
1047 2209 1089 2258 τῇ
1110 2205 1210 2244 πόλει
1233 2204 1296 2252 τὴν
1317 2207 1379 2257 ὀρ-

341 2263 533 2314 χηστρίδα,
553 2264 673 2312 εἰπεῖν,
699 2262 758 2302 ἐὰν
787 2264 924 2302 διδῶσιν
957 2265 1052 2317 αὐτῷ
1083 2263 1257 2310 Ἀθηναῖοι
1285 2264 1380 2316 χρή-

344 2334 439 2368 ματα
452 2349 462 2367 ,
478 2321 636 2368 ποιήσειν
659 2322 790 2366 πάντας
809 2321 1005 2370 Ἀθηναίους
1022 2324 1153 2373 τολμᾶν
1179 2322 1285 2373 ὁμόσε
1306 2323 1381 2366 ταῖς

341 2377 484 2429 λόγχαις
500 2379 610 2432 ἷέναι;

398 2437 629 2491 (Xenophon
648 2440 813 2480 Conviv.
831 2453 915 2491 cap.
938 2440 989 2488 11,
1019 2442 1134 2478 12-13
1159 2438 1246 2479 ε’καὶ
1261 2442 1279 2478 6
1297 2441 1378 2478 Σω-

654 2617 684 2647 1.
707 2623 746 2646 ex
770 2614 850 2646 libro
870 2614 910 2646 de
928 2615 1075 2647 Hercule.

392 2714 419 2743 1.
442 2709 552 2741 Placet
572 2716 646 2739 vero
673 2707 712 2739 iis
738 2710 771 2739 et
799 2707 895 2740 linem
919 2716 989 2740 esse
1015 2708 1116 2740 vitam
1142 2709 1331 2751 honestam,
1350 2714 1387 2742 ut

350 2768 552 2802 Antisthenes
566 2767 611 2799 ait
627 2767 659 2798 in
681 2766 829 2798 Hercule.

394 2831 425 2859 2.
449 2828 548 2858 Porro
565 2833 677 2857 eorum
692 2823 799 2865 opinio
815 2825 864 2856 est
877 2825 1026 2857 virtutem
1042 2826 1137 2858 etiam
1153 2827 1262 2860 doceri
1280 2837 1386 2869 posse,

353 2883 625 2926 quemadmodum
647 2882 849 2915 Antisthenes
875 2882 910 2914 in
937 2884 1074 2917 Hercule
1092 2885 1152 2925 ait,
1170 2894 1304 2928 eamque
1322 2896 1387 2919 non

353 2952 444 2986 posse
460 2942 559 2974 amitti
570 2953 579 2982 ;
591 2941 758 2973 amabilem
777 2940 853 2973 item
871 2949 940 2973 esse
953 2942 1126 2983 sapientem
1140 2953 1199 2977 nec
1211 2946 1311 2977 errori
1329 2946 1387 2978 ob-

353 3001 506 3040 noxium,
524 2999 723 3040 eundemque
742 2998 838 3030 simili
855 3007 925 3032 esse
950 2999 1107 3042 amicum,
1126 3010 1186 3034 nec
1211 3003 1387 3046 quidquam

355 3061 491 3094 fortunae
510 3058 701 3100 permittere.

357 3132 360 3143 ,
399 3121 431 3151 3.
445 3121 526 3152 Nam
550 3116 684 3158 sapienti
697 3115 776 3148 nihil
791 3124 895 3156 neque
912 3115 1091 3150 inauditum
1101 3128 1204 3160 neque
1220 3121 1386 3163 inexplica-

358 3178 430 3210 bile.
448 3176 506 3210 Vir
521 3177 628 3208 bonus
646 3174 760 3214 dignus
777 3174 825 3206 est
840 3173 894 3214 qui
907 3176 1041 3208 ametur.
1058 3178 1212 3211 Homines
1228 3180 1320 3220 probi
1332 3190 1390 3223 pro

357 3237 467 3270 amicis
479 3234 627 3268 habendi.
671 3234 778 3268 Socios
790 3233 884 3266 nobis
895 3233 1048 3266 asciscere
1063 3234 1216 3268 debemus
1229 3238 1391 3271 animosos

358 3295 453 3328 simul
467 3298 499 3327 et
512 3295 627 3336 justos.
670 3292 830 3325 Virtutem
845 3300 916 3325 oese
939 3300 1102 3325 armorum
1119 3293 1219 3326 instar
1234 3305 1308 3336 quae
1332 3306 1390 3329 au·

360 3354 435 3386 terri
449 3363 512 3386 non
527 3352 662 3394 possint.

401 3416 432 3445 4.
454 3412 502 3444 Ad
516 3412 584 3444 haec
603 3411 809 3443 Antisthenes
827 3422 835 3443 z
855 3412 949 3452 Ergo,
965 3411 1080 3452 inquit,
1099 3412 1174 3444 huic
1192 3413 1389 3453 Syracusano

364 3471 517 3511 optimum
540 3470 650 3510 suerit,
670 3470 706 3502 ut
723 3469 881 3502 saltatrice
905 3478 963 3501 sua
981 3469 1102 3503 civitati
1130 3472 1274 3511 ostensa,
1287 3471 1392 3512 dicat,

1591 388 2321 479 ANTISTHENIS
2449 395 2469 406 ⁸

1722 558 2186 613 FRAGMENTA.

1436 855 1566 905 κράτης
1585 853 1736 898 καλέσας
1755 853 1813 892 τὸν
1835 854 2050 904 Ἀντισθένην
2077 849 2188 896 εἶπεν·
2210 856 2322 897 Οὔτοι
2338 857 2417 903 τούς
2437 874 2478 911 γε

1436 913 1630 963 θεωμενους
1650 912 1732 951 τάδε
1757 913 1941 959 ἀντιλέξειν
1974 914 2024 953 ἔτι
2043 914 2182 966 οἴομαι,
2204 918 2251 962 ὥς
2272 916 2352 970 οὗχὶ
2374 917 2436 957 καὶ
2454 921 2476 967 ἡ

1439 971 1582 1023 ἀνδρεία
1613 972 1790 1022 διδακτόν,
1826 973 1930 1012 ὁπότε
1962 973 2065 1022 αὕτη,
2097 973 2227 1028 καίπερ
2246 974 2332 1026 γυνὴ
2365 968 2474 1029 ουσα,

1435 1030 1525 1069 οὕτω
1546 1032 1730 1082 τολμηρῶς
1747 1034 1794 1076 εἷς
1812 1032 1857 1070 τὰ
1883 1031 1964 1086 ξίφη
1996 1032 2104 1074 ἵεται.
2128 1032 2201 1073 Καὶ
2224 1035 2244 1072 ὁ
2266 1033 2479 1083 Ἀντισθένης

1436 1092 1530 1126 εἶπεν
1548 1090 1627 1129 κ-λ.
1643 1090 1778 1128 Simile
1795 1091 1890 1141 quid
1905 1091 2089 1130 fortasse·
2078 1105 2120 1130 1n
2134 1090 2240 1130 libro
2254 1090 2303 1130 de
2316 1091 2479 1132 Hercule

1436 1147 1587 1186 dixerat
1607 1148 1884 1200 Antisthenes.)

1489 1221 1518 1245 5.
1551 1206 1672 1251 Οὕτως
1691 1203 1898 1260 ἄτρεπτος
1875 1224 1918 1256 ην
1935 1208 1995 1247 καὶ
2012 1208 2189 1254 ἀνάλωτος
2205 1209 2272 1249 ὑπὸ
2287 1213 2356 1250 τῶν
2370 1210 2479 1250 τοιού-

1438 1281 1522 1314 των,
1545 1265 1605 1304 καὶ
1627 1268 1762 1318 κρατῶν
1784 1266 1916 1314 ἐκείνης
1935 1270 1997 1315 τῆς
2015 1267 2252 1320 παραινέσεως
2266 1269 2308 1317 ἣν
2328 1272 2347 1308 6
2366 1268 2479 1309 Ἀντι-

1436 1323 1582 1368 σθένειος
1606 1324 1787 1377 Ἡρακλῆς
1814 1325 1963 1379 παρῄνει
1983 1331 2054 1370 τοῖς
2078 1326 2180 1365 παισὶ
2199 1327 2480 1378 διακελευόμενος

1436 1381 1558 1431 μηδενὶ
1592 1383 1696 1435 χάριν
1724 1383 1816 1436 ἔχειν
1845 1386 2041 1423 ἐπαινοῦντι
2060 1386 2197 1430 αὐτούς.
2253 1387 2369 1426 Τοῦτο
2387 1387 2417 1424 δ’
2437 1380 2480 1434 ἦν

1437 1441 1535 1479 οὐδὲν
1567 1441 1672 1490 ἄλλο,
1695 1441 1717 1488 ἢ
1747 1442 1796 1493 μὴ
1829 1444 2085 1493 δυσωπεῖσθαι,
2101 1445 2184 1497 μηδ’
2204 1444 2480 1485 ἀντικολακεύειν

1442 1498 1519 1544 τοὺς
1543 1502 1784 1546 ἐπαινοῦντας.

1493 1559 1736 1609 (Plutarchus
1755 1561 1803 1599 de
1821 1561 1966 1600 vitioso
1983 1563 2133 1614 pudore
2152 1576 2237 1616 cap.
2264 1565 2327 1615 18,
2349 1563 2429 1602 vol.
2449 1563 2482 1602 X

1437 1631 1478 1667 p.
1506 1619 1577 1655 183
1599 1618 1660 1657 ed.
1685 1618 1860 1670 Hutten.)

1490 1688 1519 1712 6.
1535 1669 1646 1719 Ουτος
1661 1677 1753 1714 δοκεῖ
1773 1676 1908 1727 Χείρων
1924 1672 2024 1725 εἶναι,
2037 1680 2055 1714 6
2065 1680 2100 1714 ἐν
2116 1681 2169 1728 τῷ
2179 1679 2310 1730 Πηλίῳ
2319 1679 2482 1727 οἰκήσας,

1437 1733 1638 1786 δικαιοσύνῃ
1675 1733 1711 1772 δὲ
1745 1734 1977 1785 ὑπερενέγκας
2009 1735 2146 1779 πάντας
2186 1734 2387 1788 ἀνθρώπους
2421 1736 2482 1775 και

1437 1790 1628 1834 παιδεύσας
1651 1790 1858 1839 Ἀσκληπιόν
1879 1807 1916 1830 τε
1935 1808 1994 1831 και
2014 1793 2154 1844 Ἁχιλλέ
2157 1809 2191 1834 α.
2212 1793 2295 1867 ἑἘφ
2312 1794 2349 1834 ὃν
2367 1793 2482 1847 (Ηρα-

1438 1850 1523 1896 κὶης
1543 1849 1636 1888 δοκεῖ
1655 1851 1765 1889 ἐλθεῖν
1783 1851 1826 1888 δι’
1848 1850 1960 1902 ἔριιιτα
1982 1851 2186 1896 παιδείαςῧ,
2207 1855 2235 1906 ᾡ
2255 1868 2313 1892 και
2333 1855 2483 1892 συνεῖναι

1439 1909 1474 1946 ἐν
1498 1923 1548 1961 τῳ
1581 1907 1696 1962 ἄντρῳ
1731 1911 1842 1959 τιμῶν
1865 1909 1922 1947 τὸν
1942 1908 2164 1951 Ἄτλαντα.
2134 1909 2151 1932 b
2225 1911 2342 1951 Μόνον
2364 1910 2400 1950 δὲ
2423 1911 2482 1950 τὸν

1441 1966 1641 2019 Κένταυρον·
1678 1969 1740 2007 οὐκ
1779 1970 1927 2020 ἀνεῖλεν,
1966 1969 2042 2009 ἀλλ’
2073 1969 2220 2016 ἤκουσεν
2258 1972 2384 2019 αὐτοῦ,
2417 1985 2483 2010 κα-

1440 2024 1549 2078 θάπερ
1571 2025 1784 2075 Ἀντισθένης
1815 2028 1918 2081 φησὶν
1948 2031 1966 2066 6
1995 2029 2218 2081 Σωκρατικὸς
2243 2031 2278 2068 ἐν
2297 2031 2348 2082 τῷ
2368 2029 2484 2082 Ἡρα·

1441 2085 1529 2123 κλεῒ.

1497 2143 1783 2194 (Eratosthenes
1810 2145 2070 2184 Catasterism.
2087 2159 2169 2198 cap.
2203 2151 2254 2190 40
2282 2160 2325 2198 p.
2348 2148 2398 2186 30
2420 2147 2483 2186 ed.

1441 2201 1679 2240 Schaubach.
1706 2204 1756 2243 cf.
1782 2203 1957 2242 Eudocia
1975 2204 2123 2244 Violar.
2141 2218 2182 2256 p.
2205 2205 2297 2252 437.
2313 2205 2486 2256 Scripsi:

1440 2264 1454 2282 ‘¹
1475 2259 1588 2313 ἔρωτα
1625 2261 1784 2311 παιδείας
1816 2276 1902 2300 cum
1933 2262 2186 2314 Koppiersi03
2216 2263 2330 2304 codd.
2353 2264 2482 2316 ἔρωτα.

1441 2345 1493 2351 ...„
1514 2319 1530 2343 ¹³
1557 2319 1614 2358 τὸν
1639 2319 1813 2359 Ἄτλαντα
1848 2334 1934 2359 cum
1967 2321 2284 2359 Winckelmanno
2323 2330 2487 2374 propter

1443 2379 1641 2418 Plutarchi
1654 2379 1775 2417 verba
1787 2380 1843 2417 De
1857 2379 1995 2431 etapud
2007 2379 2177 2431 Delphos
2187 2392 2271 2432 cap.
2283 2381 2324 2428 6,
2338 2381 2417 2419 vol.
2431 2379 2486 2418 lx

1443 2454 1483 2491 p.
1510 2441 1583 2477 223
1608 2439 1675 2478 ed:
1694 2439 1867 2478 Hutten.:
1893 2441 1911 2476 6
1932 2438 1960 2477 δ’
1982 2437 2163 2490 Ἡρακλῆς
2181 2437 2296 2483 οὔπως
2309 2438 2368 2478 τὸν
2389 2441 2484 2492 Προ-

1449 2606 1484 2630 se
1502 2597 1527 2628 si
1552 2596 1719 2637 pecuniam
1747 2595 1806 2636 ipsi
1832 2596 2002 2649 numereqt
2029 2595 2259 2636 Athenienses,
2279 2595 2487 2634 effecturum.

1447 2658 1482 2688 ut
1502 2654 1641 2688 audeant
1669 2662 1784 2687 omnes
1816 2653 2023 2687 Athenienses
2060 2653 2185 2686 infestis
2215 2653 2316 2686 hastis
2346 2660 2391 2687 se
2406 2653 2488 2695 obji-

1446 2723 1530 2747 cere.

1496 2777 1527 2805 5.
1551 2772 1643 2805 Adeo
1663 2772 1689 2804 is
1710 2771 1824 2804 talibus
1839 2771 1935 2804 rebus
1946 2779 1980 2803 se
1996 2770 2111 2803 mutari
2123 2771 2179 2802 aut
2191 2770 2263 2812 capi
2277 2779 2343 2803 non
2355 2770 2490 2812 sinebat,

1448 2832 1559 2864 tenens
1581 2831 1731 2864 nimirum
1757 2830 1958 2863 Antisthenei
1986 2829 2071 2862 illius
2097 2829 2243 2862 Herculis
2270 2832 2489 2872 praeceptum,

1449 2890 1504 2931 qui
1521 2898 1639 2931 pueros
1654 2889 1787 2930 jubebat
1803 2888 1922 2922 nemini
1941 2889 2028 2928 ipsos
2046 2888 2191 2921 laudanti
2207 2889 2342 2930 gratiam
2361 2887 2488 2922 tubere.

1450 2950 1521 2981 Hoc
1540 2950 1649 2981 antem
1678 2948 1798 2980 nullam
1817 2948 1910 2980 aliam
1929 2948 1994 2980 vim
2021 2947 2157 2979 debebat
2175 2946 2310 2988 habere,
2330 2955 2427 2989 quam
2449 2955 2487 2980 ne

1450 3007 1572 3049 pudore
1587 3007 1692 3040 affecti
1708 3005 1912 3039 laudantibus
1930 3005 2074 3039 vicissim
2088 3005 2303 3038 adularentur.
2348 3031 2354 3036 .
2507 3045 2511 3048 ⁷

1491 3068 1523 3096 6.
1546 3065 1608 3097 Hic
1624 3063 1751 3097 videtur
1764 3063 1885 3097 Chiron
1901 3070 1971 3096 esse
1987 3063 2041 3104 qui
2062 3065 2093 3095 in
2114 3063 2203 3095 Pelio
2214 3063 2323 3096 monte
2335 3061 2490 3096 habitavit

1450 3131 1487 3155 ac
1502 3123 1626 3164 iustitia
1633 3131 1743 3155 omnes
1754 3123 1898 3155 homines
1909 3123 2076 3155 antecessit
2086 3124 2118 3155 et
2127 3122 2183 3164 qui
2194 3119 2490 3163 tumAEsculapium

1450 3183 1520 3214 tum
1533 3182 1687 3215 Achillem
1701 3182 1814 3214 litteris
1829 3182 1974 3214 instituit.
2018 3182 2066 3214 Ad
2081 3191 2177 3223 quem
2192 3180 2347 3214 Hercules
2359 3179 2489 3214 videtur

1451 3243 1577 3275 venisse
1594 3243 1771 3275 liberalium
1795 3243 1978 3275 studiorum
2002 3243 2176 3285 cupiditate
2201 3242 2319 3274 ductus
2340 3242 2372 3274 et
2398 3250 2490 3275 com-

1452 3302 1606 3333 mercium
1635 3311 1708 3334 cum
1739 3311 1778 3334 eo
1806 3301 1954 3334 habuisse
1983 3302 2016 3334 in
2047 3302 2155 3342 antro,
2180 3301 2337 3333 Atlantem
2369 3299 2490 3333 honore

1452 3359 1603 3392 afficiens.
1647 3361 1757 3393 Solum
1770 3369 1847 3393 vero
1863 3362 2057 3393 Centaurum
2073 3369 2138 3392 non
2155 3359 2327 3399 interfecit,
2346 3358 2402 3391 sed
2415 3367 2490 3391 eum

1452 3417 1593 3458 audivit,
1606 3417 1875 3459 quemadmodum
1894 3417 2107 3451 Antisthenes
2123 3416 2302 3449 Socraticus
2315 3416 2347 3448 in
2357 3417 2490 3451 Hercule

1452 3474 1507 3507 ait.

1382 3519 1462 3566 em
