2638 3840
386 289 457 321 126

436 368 678 421 (Simplicius
697 367 743 405 ad
774 371 825 403 :w
830 366 931 403 istot.
966 365 1096 412 (λιιι-ις.
1129 364 1153 402 f.
1192 368 1233 406 1l.
1246 376 1259 400 1
1286 362 1329 413 b,
1364 376 1412 400 ex

380 428 560 479 Archytae
589 427 691 465 libro
710 440 790 476 περι
817 422 1077 472 ἀντικειμένων.
1102 422 1158 459 De
1190 422 1260 459 illo
1287 430 1412 459 autem

380 487 483 524 libro
499 484 764 537 Simpliciusl.
787 496 820 520 c.
841 482 919 519 haec
934 481 1102 519 scribit:
1125 479 1284 533 φαίνεται
1301 478 1336 517 δὲ
1357 479 1416 518 καὶ

379 545 423 583 τὰ
445 544 524 596 περὶ
546 541 788 591 ἀντικειμένων
817 539 1056 591 Αριστοτέλης
1080 554 1120 576 εκ
1138 541 1198 576 τοῦ
1220 537 1415 591 Ἀρχυτείου

383 602 516 654 βιὸλιου
535 598 741 651 μεταλαὸὼν
755 613 815 636 του
831 613 910 649 περι
933 595 1177 647 ἀντικειμένων
1200 598 1295 648 ἐπιγε
1299 612 1416 649 γραμ-

383 660 507 710 μένου,
525 658 610 710 ὅπερ
630 659 756 699 ἐκεῖνος
769 657 807 693 οὗ
829 654 991 700 συνέταξε
1014 657 1063 707 τῷ
1080 655 1160 707 περὶ
1181 670 1288 706 γενων
1311 655 1416 707 λόγῳ,

382 720 458 756 ἀλλ’
482 718 568 761 ἰδίας
588 714 827 767 πραγματείας
849 714 1009 761 ἠξίωσεν.
1028 712 1098 754 Καὶ
1118 712 1184 766 γὰρ
1203 715 1266 761 τὴν
1287 713 1417 767 διαίρε-

383 792 434 814 σιν
453 777 565 814 αὐτῶν
588 773 755 826 Ἀρχύτας
770 772 897 811 οὑτωσὶ
915 771 1138 825 παραδίδωσι
1160 774 1239 813 κτλ.
1261 771 1418 811 Simili-

384 845 439 872 ter
461 835 486 874 f.
516 835 583 871 151
611 833 637 869 b
662 846 671 869 :
692 833 806 874 καλῶς
823 830 863 869 ἂν
885 830 960 883 ἔχοι
979 831 1039 869 καὶ
1058 830 1102 869 τὰ
1121 830 1289 883 Ἀρχύτου
1305 832 1338 868 ἐν
1365 833 1414 882 τῷ

383 893 462 944 περὶ
491 889 736 940 ἀντικειμένων
769 889 894 942 βιὸλίῳ
929 889 1111 942 ἀρχέτυπα
1139 892 1206 928 τῶν
1228 890 1417 943 εἰρημένων

383 951 464 989 ὄντα
482 949 789 1003 παραγεγράφθαι,
810 949 870 988 καὶ
897 951 1074 999 μάλιστα,
1108 950 1161 988 ὅτι
1189 949 1266 988 οὐδὲ
1287 952 1304 987 ὁ
1332 953 1418 993 θεῖος

384 1010 407 1047 Ἰ
416 1009 586 1060 άμὸλιχος
599 1007 670 1046 ἀπὸ
682 1007 805 1046 τούτου
819 1011 878 1046 τοῦ
894 1007 1031 1060 βιὸλίου
1044 1024 1078 1046 τι
1091 1009 1158 1051 τοῖς
1170 1006 1416 1059 ὑπομνήμασιν

384 1067 536 1117 ἐνέταξε,
557 1067 616 1104 καὶ
639 1066 722 1110 ἴσως
742 1066 804 1104 οὔκ
819 1060 920 1114 ἦλθεν
939 1068 986 1110 εἷς
1005 1066 1119 1105 αὐτόν·
1138 1067 1176 1104 οὗ
1190 1065 1256 1118 γὰρ
1277 1065 1318 1104 ἃν
1337 1065 1420 1103 αὐτὸ

384 1128 539 1176 παρῆκεν
555 1127 573 1162 ὃ
591 1126 652 1162 τοῦ
674 1123 926 1176 Ἀριστοτέλους
944 1124 984 1163 τὸ
1003 1125 1082 1176 περὶ
1097 1125 1342 1176 ἀντικειμένων
1364 1129 1419 1178 βι-

384 1183 477 1221 ὅλίον
504 1181 790 1235 ἐπισκεψάμενος.
820 1182 1010 1222 Caeterum
1042 1198 1129 1221 cum
1150 1185 1225 1222 hoc
1245 1185 1420 1235 Archytae

384 1244 468 1281 loco
490 1242 622 1281 confer
651 1241 813 1281 Aristot.
841 1242 972 1292 Categ.
996 1255 1081 1293 cap.
1112 1242 1177 1280 X:
1209 1242 1348 1293 λέγεται
1380 1241 1416 1280 δὲ

383 1302 497 1353 ἕτερον
519 1301 625 1353 ἑτέρῳ
639 1300 853 1339 ἀντικεῖσθαι
871 1303 1068 1353 τετραχῶς,
1089 1301 1171 1347 ἢὼς
1193 1299 1237 1338 τὰ
1257 1301 1341 1352 πρός
1360 1316 1417 1349 τι,

383 1359 405 1406 ἢ
430 1363 474 1404 ὡς
493 1360 537 1398 τὰ
559 1357 694 1399 ἐναντία
707 1387 718 1406 ,
734 1357 757 1405 ἢ
773 1361 819 1402 ὥς
838 1359 1003 1412 στέρησις
1022 1358 1082 1397 καὶ
1102 1359 1182 1406 ἕξις,
1203 1358 1225 1406 ἢ
1246 1361 1292 1403 ὡς
1312 1360 1420 1399 κατά-

384 1434 484 1472 φασις
501 1418 561 1457 καὶ
581 1416 752 1468 ἀπόφασις
768 1416 868 1471 κτλ.)

437 1492 484 1517 27.
514 1475 573 1516 Τὰ
593 1476 628 1514 δὲ
641 1474 721 1513 ποτί
744 1492 778 1514 τι
790 1475 900 1527 ῧᾶμα
921 1476 1055 1529 ἀνάγκα
1073 1477 1227 1545 γίνεσθαι
1246 1493 1305 1516 και
1327 1476 1421 1530 φθεί-

387 1539 515 1587 ρεσθαι·
543 1534 709 1573 ἀδύνατον
728 1533 797 1586 γὰρ
829 1534 1011 1574 διπλάσιον
1045 1534 1108 1586 μὲν
1138 1539 1246 1584 ἠμεν,
1273 1535 1378 1585 ἡμίσε
1382 1551 1418 1574 ον

386 1592 420 1629 δὲ
442 1591 490 1642 μὴ
523 1595 610 1642 ἠμεν
644 1589 668 1637 ἢ
698 1591 843 1643 ἡμίσεον
878 1591 940 1642 μὲν
968 1595 1078 1642 ἦμεν,
1100 1592 1280 1631 διπλάσιον
1301 1592 1337 1630 δὲ
1358 1593 1420 1643 μή·

386 1651 445 1688 καὶ
466 1650 549 1689 αἴκα
578 1667 612 1689 τι
642 1652 780 1702 γίνηται
801 1648 818 1673 ¹³
848 1650 1056 1698 διπλάσιον,
1083 1649 1158 1701 ἅμα
1189 1649 1251 1689 καὶ
1278 1651 1421 1701 ἡμίσεον

386 1708 528 1782 γίνεται·
555 1710 615 1747 καὶ
638 1710 719 1748 αἴκα
751 1724 784 1747 τι
807 1709 989 1762 φθείρηται
1003 1715 1019 1734 ⁰
1038 1709 1240 1761 διπλάσιον,
1268 1709 1342 1770 ἅμα
1360 1711 1420 1747 καὶ

385 1768 528 1819 ἠμίσεον
549 1768 736 1820 φθείρεται.

441 1826 684 1877 (Simplicius
715 1827 763 1866 ad
793 1827 953 1867 Aristot.
987 1828 1116 1877 Categ.
1137 1827 1163 1866 f.
1192 1832 1264 1872 142
1295 1840 1339 1874 a,
1371 1840 1419 1864 ex

387 1885 563 1934 Archytae
580 1884 684 1923 libro
693 1885 774 1937 περὶ
794 1884 1052 1935 ἀντικειμένων.
1066 1886 1187 1924 Posui
1204 1898 1214 1924 :
1232 1900 1247 1918 a
1262 1887 1344 1924 ποτί
1359 1902 1414 1933 τι;

387 1943 497 1982 codd.
513 1943 596 1995 πρός
609 1959 657 1984 τι.
671 1966 726 1973 -
737 1942 754 1967 b
768 1943 925 1995 γίνηται;
942 1943 1055 1983 codd.
1074 1943 1220 1996 γίνεται.
1240 1950 1316 1972 ——0
1331 1943 1424 1996 φθεί-

388 2017 507 2053 ρηται;
527 2002 640 2043 codd.
663 2001 872 2055 φθείρεται.)

442 2073 489 2100 28.
519 2061 599 2099 Τῶν
614 2060 649 2098 δὲ
665 2060 747 2099 ποτί
759 2076 792 2098 τι
805 2067 821 2085 ‘²
835 2060 881 2099 τὰ
899 2059 961 2111 μὲν
976 2060 1192 2114 ἀντιστρέφει
1207 2060 1369 2106 ἀλλάλοις
1389 2061 1424 2106 ἐξ

393 2119 578 2171 ἑκατέρων,
590 2121 636 2162 ὥς
654 2120 693 2158 τὸ
707 2119 821 2170 μεῖζον
829 2118 890 2157 καὶ
908 2117 947 2158 τὸ
965 2125 1059 2169 μεῖον
1080 2119 1139 2157 καὶ
1149 2119 1188 2157 τὸ
1206 2118 1351 2172 ἀδελφὸν
1365 2119 1425 2157 καὶ

389 2176 427 2214 τὸ
447 2177 575 2227 ὅμοιον·
593 2176 683 2216 τὰδὲ
695 2177 768 2230 ἔχει
784 2175 846 2227 μὲν
866 2176 1111 2229 ἀντιστροφάν,
1123 2177 1161 2215 οὐ
1174 2175 1242 2226 μὰν
1261 2176 1295 2221 ἐξ
1312 2179 1425 2229 ἀμφο-

391 2235 497 2287 τέρων
518 2250 557 2286 γε
579 2237 707 2287 μερῶν.
728 2237 826 2285 Ἅμα
843 2235 911 2287 γὰρ
932 2235 1109 2285 ἐπιστάμα
1123 2236 1263 2286 λέγεται
1280 2237 1332 2273 τῶ
1349 2238 1424 2274 ἐπι-

389 2297 505 2332 στατῶ
522 2294 581 2332 καὶ
596 2294 754 2338 αἴσθασις
766 2293 783 2317 1>
798 2297 847 2333 τῶ
865 2295 1039 2342 αἷσθατῶ,
1058 2295 1096 2332 οὗ
1110 2293 1178 2344 μὰν
1195 2294 1367 2333 ἀνάπαλιν
1388 2293 1426 2349 τέξ

432 2442 482 2472 27.
507 2441 568 2473 Sed
589 2450 640 2473 res
665 2441 705 2473 ad
724 2441 843 2482 aliquid
867 2442 982 2475 relatas
1012 2441 1107 2474 simul
1136 2442 1212 2474 oriri
1231 2444 1326 2483 atque
1343 2442 1430 2475 occi-

391 2498 465 2530 dere
489 2507 618 2532 necesse
633 2501 698 2540 est;
712 2509 817 2542 neque
835 2500 920 2533 enim
941 2500 1008 2533 lieri
1024 2504 1139 2542 potest,
1158 2504 1195 2533 ut
1210 2501 1344 2542 duplum
1361 2502 1428 2542 qui·

393 2556 465 2587 dem
479 2557 531 2596 sit,
545 2557 711 2590 dimidium
726 2567 802 2591 vcro
818 2568 883 2591 non
897 2559 952 2599 sit,
976 2559 1030 2592 vel
1045 2563 1083 2592 ut
1108 2559 1278 2592 dimidium
1298 2560 1430 2601 quidem

394 2615 446 2654 sit,
472 2616 606 2657 duplum
623 2621 729 2650 autem
743 2627 807 2650 non
823 2618 886 2658 sit;
903 2627 942 2651 ac
961 2619 988 2650 si
1011 2618 1087 2660 quid
1112 2619 1306 2660 duplicatur,
1336 2619 1430 2651 simul

394 2673 489 2705 etiam
517 2674 718 2707 dimidiatum
739 2677 887 2717 apparet3
909 2677 987 2709 item
1014 2677 1042 2709 si
1061 2677 1194 2718 duplum
1214 2678 1312 2718 perit,
1337 2677 1431 2710 simul

395 2732 428 2762 et
446 2730 615 2763 dimidium
637 2733 814 2765 necessario
834 2734 927 2774 perit.

437 2791 488 2821 28.
503 2791 567 2821 Res
585 2790 624 2821 ad
642 2790 760 2831 aliquid
777 2792 883 2824 relatae
905 2792 1020 2833 partim
1046 2793 1208 2834 utrimque
1229 2794 1431 2835 reciprocan-

394 2848 461 2887 tur,
484 2849 521 2879 ut
542 2847 646 2888 majus
661 2851 694 2880 et
706 2849 824 2890 minus,
842 2859 971 2883 consors
992 2852 1025 2883 et
1039 2852 1163 2892 simile;
1185 2854 1300 2898 partim
1316 2853 1433 2884 liabent

396 2906 524 2947 quidem
546 2907 843 2948 reciprocationem,
870 2919 935 2942 non
961 2911 1069 2942 tamen
1094 2911 1135 2942 ab
1165 2913 1301 2952 utraque
1326 2914 1427 2952 parte.

395 2965 497 2997 Simul
514 2966 598 2998 enim
614 2967 684 2998 tum
698 2967 829 2999 scientia
849 2967 964 3000 dicitur
980 2977 1090 3000 rerum
1107 2969 1142 3001 in
1157 2970 1366 3011 cognitionem
1383 2979 1433 3002 ca-

396 3023 551 3063 dentium,
567 3025 636 3056 tum
655 3033 766 3056 sensus
791 3034 898 3058 rerum
915 3026 1114 3059 sensibilium
1131 3036 1201 3060 esse
1213 3051 1223 3068 ‚
1246 3037 1309 3060 non
1326 3031 1432 3060 tamen

397 3090 416 3114 e
434 3082 592 3114 contrario
623 3091 686 3123 qua
715 3091 766 3115 res
790 3083 823 3115 in
855 3084 1067 3125 cognitionem
1095 3086 1246 3118 cadentes
1278 3087 1431 3127 scientiae,

396 3148 460 3180 qua
481 3149 532 3172 res
555 3140 720 3173 sensibiles
733 3143 847 3174 sensus
863 3151 933 3175 esse
953 3143 1119 3176 dicuntur.
1145 3144 1247 3185 cujus
1267 3146 1433 3189 relationis

396 3207 494 3231 causa
517 3200 586 3239 est,
603 3199 689 3240 quod
718 3209 818 3241 quum
842 3210 892 3233 res
908 3201 1091 3241 iudicandae
1116 3203 1213 3235 etiam
1232 3204 1298 3236 sine
1323 3205 1433 3245 iudice

395 3258 524 3290 exstare
546 3258 681 3299 possint,
698 3260 735 3291 ut
749 3268 800 3292 res
818 3259 984 3292 sensibiles
1005 3260 1134 3293 sublato
1158 3270 1253 3294 sensu
1277 3263 1310 3295 et
1335 3272 1384 3296 res
1402 3265 1432 3295 in

397 3316 609 3356 cognitxonem
625 3317 774 3349 cadentes
788 3317 913 3350 sublata
925 3318 1070 3358 scientia,
1092 3319 1192 3359 judex
1214 3321 1281 3353 sine
1301 3330 1337 3353 re
1350 3321 1432 3361 judi-

397 3374 497 3406 canda
511 3376 635 3408 exstare
646 3384 708 3407 non
722 3376 838 3416 potest,
853 3378 890 3409 ut
902 3385 962 3409 nec
974 3386 1088 3409 sensus
1101 3378 1169 3411 sine
1180 3387 1215 3411 re
1225 3379 1367 3412 sensibili
1383 3380 1432 3412 vel

398 3432 530 3465 scientia
545 3433 614 3466 sine
640 3442 674 3466 re
699 3433 733 3466 in
757 3434 969 3474 cognitionem
997 3435 1140 3469 cadente.
1189 3439 1304 3469 Eorum
1327 3440 1432 3470 autem

399 3498 471 3523 ouae
491 3491 650 3533 utrimque
670 3492 951 3534 reciprocationem
975 3493 1094 3528 liabent
1110 3494 1172 3527 alia
1190 3497 1368 3537 promiscue
1386 3507 1435 3528 rr-

1191 275 1467 315 PYTHAGOR
1474 276 1652 316 EORUM

1475 363 1656 403 ἐπιστατον
1672 369 1732 407 τᾶς
1749 364 1945 413 ἐπιστάαας
1956 362 2060 402 καὶτὸ
2073 364 2235 402 αἰσθατὸν
2244 380 2304 407 τας
2316 364 2506 409 αἶσθᾶσιος.

1474 422 1562 462 Τὸ
1545 421 1580 460 οὲ
1597 421 1719 470 αἴτιον,
1733 422 1835 461 ὅτιτὸ
1848 422 1910 472 μὲν
1930 421 2129 475 κρινόμενον
2145 422 2227 461 ἄνευ
2248 426 2297 461 τῶ
2312 421 2512 475 οκρίνοντος

1476 480 1617 520 δυνατὸν
1634 476 1737 531 ἦμεν,
1757 474 1827 519 οἷον
1846 480 1885 519 τὸ
1899 480 2100 519 αἰσθατὸν”
2078 496 2159 519 aveo
2179 482 2375 530 αἰσθάσιος,
2396 481 2457 521 καὶ
2471 482 2513 521 τὸ

1477 539 1699 578 ἐπιστατὸν”
1677 554 1758 578 ανευ
1774 539 1982 590 ἐπιστάμας·
1998 538 2037 577 τὸ
2056 540 2089 578 δὲ
2111 545 2226 592 κρῖνον
2243 540 2324 579 ἄνευ
2340 543 2390 579 τῶ
2405 537 2512 594 ἀκρι-

1477 599 1609 649 νομένω
1623 598 1787 638 ἀδύνατον
1803 593 1903 648 ημεν,
1920 592 1988 637 οἷον
2010 597 2072 636 τὰν
2090 598 2279 639 αἲ.’σθοισι.νΒ
2292 599 2371 638 ἄνευ
2385 600 2436 638 τῶ
2457 601 2514 639 αἶ-

1478 660 1593 696 σθατῶ
1601 657 1661 696 καὶ
1679 657 1768 695 τὰν’
1754 656 1950 707 επιστάααν
1960 657 2040 694 ἄνευ
2053 659 2103 695 τῶ
2119 658 2309 697 ἐπιστατῶ.
2323 659 2406 697 Ίῶν
2425 659 2461 697 δὲ
2476 658 2511 704 ἐξ

1479 715 1681 769 ἀμφοτέρων
1707 715 1856 767 ἐχόντων
1883 718 1952 754 τῶν
1983 719 2096 769 μερῶν
2127 716 2190 754 τὰν
2220 716 2450 770 ἀντιστροφὰν
2470 717 2514 757 τὰ

1479 774 1541 824 μὲν
1561 773 1755 827 ἀδιαφόρως
1773 772 1991 826 ἀντιστρέφει
2005 775 2167 818 ἀλλάλοις
2178 804 2188 824 ,
2205 775 2251 818 ὡς
2263 774 2303 813 τὸ
2318 773 2437 825 ὅμοιον
2454 778 2516 816 καὶ

1479 831 1517 870 τὸ
1536 831 1608 871 ἴσον
1627 831 1687 870 καὶ
1712 832 1751 871 τὸ
1783 831 1940 884 ἀδελφόν·
1961 835 2061 871 τοῦτο
2080 832 2148 886 γὰρ
2176 832 2290 872 τούτω
2319 833 2437 884 ὅμοιον
2456 835 2517 875 καὶ

1479 894 1580 928 τοῦτο
1598 890 1709 929 τούτω
1737 889 1859 935 πάλιν,
1880 890 1940 928 καὶ
1959 894 2060 929 τοῦτο
2090 891 2202 930 τούτω
2224 891 2299 931 ἴσον
2330 893 2392 931 καὶ
2411 897 2516 935 τοῦτο

1479 947 1589 987 τούτω
1613 946 1771 1000 ἀδελφόν·
1793 946 1838 985 τὰ
1857 947 1919 985 (δὲ
1947 950 2165 1002 ἀντιστρέφει
2185 949 2413 994 ἀλλάλοιςέξ
2441 953 2519 1002 ἆμ-

1481 1005 1632 1059 φοτέρων
1665 1008 1732 1044 τῶν
1755 1008 1885 1057 μερῶν,
1906 1008 1943 1044 οὗ
1979 1007 2048 1058 μὰν
2078 1007 2285 1061 ἀδιαφόρως·
2320 1011 2423 1047 τοῦτο
2455 1010 2519 1060 μὲν

1480 1062 1591 1102 τούτω
1603 1071 1620 1095 8
1634 1067 1761 1115 μεῖζον,
1788 1067 1891 1103 τοῦτο
1905 1064 1941 1103 δὲ
1961 1065 2074 1103 τούτω
2091 1064 2109 1088 ¹¹
2129 1071 2241 1117 μεῖον,
2263 1065 2323 1106 καὶ
2338 1061 2436 1111 οὗτος
2457 1067 2520 1120 μὲν

1481 1123 1592 1161 τούτω
1610 1122 1743 1175 πατήρ,
1773 1117 1869 1167 οἶτος
1886 1123 1921 1161 δὲ
1940 1124 2076 1162 τούτωι
2099 1125 2181 1169 υἱός.

1538 1182 1783 1233 (Simplicius
1811 1183 1859 1220 ad
1886 1184 2049 1223 Aristot.
2075 1184 2204 1235 categ.
2236 1185 2263 1225 f.
2299 1190 2371 1230 142
2411 1199 2447 1235 a,
2472 1201 2522 1228 ex

1483 1241 1662 1292 Archytae
1689 1241 1794 1279 libro
1813 1240 1895 1293 περὶ
1919 1242 2180 1292 ἀντικειμένων.
2209 1243 2358 1295 Scripsi
2377 1257 2386 1281 ε
2405 1249 2423 1269 ⁸
2440 1246 2523 1285 ποτί

1482 1315 1539 1352 τις
1561 1301 1672 1339 codd.
1699 1301 1784 1353 πρός
1805 1317 1851 1340 τι.
1874 1323 1927 1330 --
1945 1301 1962 1326 1’
1987 1301 2166 1349 αἴσθασις;
2197 1303 2314 1343 codd,
2348 1301 2518 1351 αἴσθησις.

1483 1382 1535 1389 -
1553 1364 1568 1383 ⁰
1586 1362 1658 1408 τῶ;
1682 1360 1794 1399 codd.
1816 1364 1890 1400 τοῦ.
1919 1381 1972 1388 -
1987 1359 2005 1383 ‘¹
2024 1363 2094 1408 τῶς
2126 1361 2219 1400 libri
2244 1365 2320 1401 τοῦ.
2353 1384 2407 1391 —-
2425 1369 2441 1388 ⁶
2458 1363 2521 1403 τὰν

1484 1418 1643 1457 αἴσθοιο-ιν
1659 1432 1670 1469 ;
1702 1419 1817 1457 codd.
1847 1418 1910 1464 τὴν
1946 1417 2122 1465 αἴσθησιν.
2154 1442 2208 1449 -
2227 1419 2239 1444 ¹
2263 1418 2331 1471 τὰ;
2363 1419 2457 1460 libri
2486 1422 2521 1463 ἃ,

1483 1499 1535 1505 -
1549 1483 1565 1506 g
1584 1475 1714 1523 τούτω,
1735 1476 1847 1514 codd.
1876 1475 2011 1516 τούτου.
2038 1501 2090 1510 —
2108 1479 2125 1504 ¹¹
2144 1477 2279 1527 τούτω;
2306 1477 2418 1518 codd.
2440 1480 2522 1520 τού-

1483 1551 1558 1575 του.
1575 1559 1627 1564 -
1646 1534 1654 1558 ¹
1673 1534 1807 1583 τούτω;
1832 1536 1942 1574 codd.
1961 1535 2118 1589 τούτου.)

1537 1607 1584 1632 29.
1605 1597 1800 1645 Διαιρεῖται
1821 1593 1856 1631 δὲ
1873 1594 1934 1632 καὶ
1953 1594 1997 1632 τὰ
2009 1597 2077 1633 τῶν
2093 1595 2298 1635 ἀντιθέσεων
2323 1596 2454 1636 τούτων
2475 1596 2524 1639 εἰς

1483 1650 1529 1689 τὰ
1551 1652 1701 1703 ποτεχέα
1722 1651 1815 1689 εἴδεα
1845 1651 2020 1695 ἀλλάλοις·
2047 1656 2118 1692 τῶν
2136 1651 2206 1706 γὰρ
2224 1652 2388 1693 ἐναντίων
2417 1651 2440 1690 ἃ
2459 1652 2522 1703 μὲν

1486 1708 1602 1759 ἄμεσά
1624 1711 1716 1756 ἐντι,
1737 1708 1760 1746 ἃ
1787 1708 1823 1746 δὲ
1845 1708 1919 1760 ἔχει
1941 1710 2062 1760 μέσον.
2096 1710 2242 1756 Μεταξὺ
2262 1712 2330 1764 γὰρ
2360 1709 2492 1762 ὑγιείας
2508 1714 2524 1733 ⁸

1485 1766 1545 1804 καὶ
1562 1768 1652 1806 νόσω
1671 1766 1687 1789 ‘³
1707 1765 1804 1805 οὐδέν
1826 1768 1897 1805 ἐντι
1917 1767 2044 1817 μέσον,
2061 1768 2138 1807 οὐδὲ
2172 1769 2321 1819 ἀρεμίας
2348 1770 2409 1808 καὶ
2426 1769 2525 1808 κινά-

1486 1840 1558 1870 σιος
1569 1855 1579 1873 ,
1597 1825 1674 1864 οὐδὲ
1699 1826 1923 1878 ἐγρηγορότας
1943 1827 2003 1865 καὶ
2019 1827 2215 1876 ὖπνόοντος,
2233 1827 2311 1867 οὐδὲ
2331 1828 2446 1873 εὐθέος
2462 1828 2525 1867 καὶ

1486 1883 1676 1934 καμπύλω,
1685 1884 1760 1923 οὐδὲ
1772 1890 1833 1922 τᾶν
1848 1886 1956 1923 ἀλλᾶν
1968 1886 2228 1926 ἐναντιοτάτων.
2243 1888 2398 1927 [Ioum
2409 1884 2447 1925 δὲ
2461 1886 2521 1925 καὶ

1487 1943 1593 1994 ὀλίγω
1607 1942 1748 1993 μεταξὺ·
1754 1944 1794 1981 τὸ
1809 1942 1917 1980 καὶ”’
1882 1943 1973 1988 οςέος
1991 1944 2150 1997 μέτριον,
2170 1945 2231 1984 καὶ
2245 1946 2369 1998 βαρέος
2381 1945 2421 1984 τὸ
2439 1944 2524 1995 ὀμό-

1489 2016 1612 2054 φωνον,
1619 2017 1679 2040 και
1695 2017 1738 2040 τα
1741 2017 1819 2054 χεος
1835 2001 1894 2040 καὶ
1907 2002 2049 2056 βραδέος
2057 2003 2096 2041 τὸ
2110 2004 2282 2076 ἰσοταχες,
2291 2019 2352 2043 και
2367 2002 2521 2055 μείζονος

1487 2075 1546 2098 και
1558 2063 1688 2110 μείονος
1705 2061 1743 2098 τὸ
1755 2059 1840 2099 ἴσον.
1852 2061 1933 2099 'mv
1947 2061 2086 2100 καθόλω
2100 2055 2207 2110 μὲνῗ
2181 2077 2228 2100 ων
2241 2062 2494 2101 ἐναντιοτάτων
2505 2059 2523 2085 ‘¹

1489 2121 1676 2170 ἀναγκαῖον
1696 2119 1778 2169 μίαν
1791 2122 1879 2168 ἠμεν
1896 2119 1976 2171 περὶ
1995 2119 2034 2158 τὸ
2048 2119 2263 2159 ἐπιδεκτικὸν
2285 2122 2408 2159 αὐτᾶν·
2421 2114 2526 2158 αὗται

1491 2177 1526 2216 δὲ
1549 2178 1611 2215 οὗκ
1637 2178 1856 2230 ἐπιδέχονται
1891 2177 2010 2226 μέσον,
2046 2177 2190 2223 Μεταξὺ
2214 2178 2282 2231 γὰρ
2311 2178 2444 2230 ὑγιείας
2465 2179 2526 2217 καὶ

1490 2236 1579 2274 νόσω
1597 2240 1612 2259 ⁸
1635 2237 1731 2275 οὐδέν
1762 2242 1832 2275 ἐντι
1860 2234 1976 2284 μέσον·
2001 2236 2061 2275 καὶ
2089 2239 2276 2288 ἀναγκαῖον
2305 2242 2376 2275 πᾶν
2393 2238 2479 2290 ζῷον
2505 2236 2528 2284 ἢ

1490 2294 1584 2333 νοσὲν
1608 2295 1631 2342 ἢ
1650 2294 1799 2346 ὑγιαίνεν
1819 2293 1840 2319 ¹·
1863 2294 1942 2334 οὐδὲ
1961 2295 2181 2347 ἐγρηγόρσιος
2205 2295 2266 2334 καὶ
2293 2294 2392 2334 ὕπνω
2406 2302 2440 2344 ⁸,
2467 2294 2529 2334 καὶ

1495 2444 1708 2484 οἰρνοοειηῑυτ,
1724 2444 1760 2476 ut
1786 2443 1890 2476 simile
1905 2445 1938 2476 ct
1959 2452 2016 2484 par
2029 2444 2062 2476 et
2077 2452 2228 2484 consors;
2248 2452 2388 2485 namque
2407 2443 2470 2477 hoc
2486 2440 2527 2476 u-

1491 2500 1554 2533 lius
1575 2501 1678 2534 simile
1694 2502 1742 2534 est
1760 2504 1793 2534 et
1819 2489 1928 2534 rursus
1944 2501 2024 2552 illud
2039 2501 2136 2542 hujus
2155 2501 2259 2534 simile
2273 2501 2431 2542 habetur,
2447 2501 2528 2535 item

1492 2559 1552 2591 lioc
1566 2559 1612 2591 illi
1628 2568 1694 2600 par,
1710 2558 1790 2591 illud
1803 2559 1902 2600 hujus
1917 2568 2066 2601 consors;
2079 2560 2141 2592 alia
2156 2560 2318 2601 utrimque
2327 2560 2528 2602 reciprocan-

1491 2621 1556 2658 tur,
1573 2628 1636 2651 nou
1657 2622 1763 2651 tamen
1776 2619 1972 2660 promiscne;
1989 2620 2107 2661 quippe
2119 2619 2184 2652 hoc
2198 2619 2328 2661 quidem
2343 2619 2400 2652 illo
2412 2619 2530 2661 maius,

1491 2677 1570 2709 illud
1592 2679 1699 2710 autem
1720 2677 1782 2710 hoc
1801 2678 1905 2710 minus
1921 2680 1987 2719 est;
2010 2677 2086 2711 item
2107 2677 2159 2710 hic
2175 2677 2306 2719 quidem
2323 2671 2536 2727 illius·pater,'

1491 2737 1543 2768 ille
1556 2745 1632 2768 vero
1649 2735 1745 2777 hujus
1761 2736 1845 2769 tilius
1859 2740 1917 2769 est.

1533 2800 1584 2828 29.
1602 2796 1664 2828 Sed
1676 2796 1745 2828 lioec
1762 2805 1889 2836 quoque
1905 2795 2051 2836 opposita
2064 2796 2251 2829 dividuntur
2265 2798 2297 2829 ln
2310 2796 2429 2829 formas
2446 2795 2531 2829 inter

1492 2863 1527 2886 se
1543 2855 1749 2895 conjunctas3
1773 2854 1847 2895 quia
1872 2862 1979 2886 rerum
2005 2854 2239 2887 contrariarum
2263 2853 2334 2887 aliae
2351 2854 2457 2887 medio
2475 2862 2530 2887 ca-

1492 2915 1580 2950 rent,
1601 2913 1671 2945 aliae
1687 2912 1827 2945 medinm
1837 2911 1991 2954 quiddam
2008 2912 2140 2946 habent.
2159 2913 2287 2946 Etenim
2308 2913 2392 2946 inter
2411 2912 2529 2946 sanita-

1494 2975 1556 3003 tem
1567 2972 1600 3003 et
1614 2971 1762 3004 morbum
1778 2970 1854 3003 nillil
1875 2970 2017 3002 medium
2031 2971 2236 3010 interjectum
2246 2975 2310 3012 est,
2323 2979 2430 3012 neque
2445 2964 2530 3003 intei-

1492 3030 1634 3070 quietem
1644 3033 1677 3062 et
1694 3030 1834 3069 motum,
1851 3038 1955 3069 neque
1967 3029 2050 3074 inter
2065 3029 2249 3070 vigilantem
2259 3032 2293 3062 ct
2304 3029 2529 3069 dormientem,

1493 3095 1595 3128 neque
1607 3088 1688 3120 inter
1708 3090 1829 3120 rectum
1845 3088 1877 3119 et
1890 3087 2077 3129 incurvum,
2095 3095 2200 3129 neque
2211 3087 2295 3120 inter
2305 3088 2438 3120 caeteras
2454 3095 2531 3119 con-

1494 3145 1681 3179 trarietates,
1697 3147 1739 3178 At
1755 3145 1835 3178 inter
1848 3144 1949 3177 multa
1961 3146 1994 3178 et
2010 3154 2110 3186 pauca
2131 3145 2334 3179 mediocritas
2361 3149 2422 3185 est,
2447 3145 2530 3177 inter

1492 3205 1619 3236 acutum
1642 3205 1675 3236 et
1688 3212 1815 3244 gravem
1834 3212 1948 3236 sonum
1972 3205 2158 3244 concentus,
2179 3203 2262 3236 inter
2285 3203 2480 3236 celeritatem
2495 3204 2531 3236 el:

1491 3261 1675 3293 tarditatem
1686 3270 1744 3302 par
1756 3261 1917 3301 velocitas,
1933 3260 2069 3301 denique
2085 3260 2169 3293 iuter
2185 3260 2290 3301 majus
2309 3261 2342 3293 et
2358 3260 2463 3292 minus
2479 3263 2529 3292 oet

1492 3321 1626 3362 aequale.
1682 3321 1916 3353 Universalium
1934 3320 2032 3362 igitur
2054 3319 2317 3352 contrarietatum
2343 3319 2528 3352 alterutram

1494 3388 1618 3412 necesse
1641 3381 1691 3412 est
1714 3380 1853 3420 ipsarum
1879 3388 1985 3411 rerum
2007 3387 2077 3411 esse
2095 3387 2266 3420 capacem3
2288 3379 2339 3411 bne
2360 3387 2436 3411 vero
2450 3377 2530 3410 illud

1496 3440 1635 3471 medium
1660 3450 1725 3472 non
1745 3441 1930 3473 admittunt.
1947 3439 2103 3473 Nimirum
2118 3439 2198 3472 inter
2211 3439 2379 3471 sanitatem
2392 3439 2424 3472 et
2441 3447 2529 3471 mor-

1494 3498 1568 3529 bum
1584 3498 1661 3530 nillil
1680 3498 1820 3531 medium
1837 3496 2036 3538 interjectum
2055 3497 2116 3538 est,
2132 3505 2232 3538 quum
2246 3505 2375 3530 neeesse
2383 3495 2424 3529 sit
2435 3504 2530 3529 omne
