2638 3840
362 254 444 281 Lxu

361 331 593 370 Clementem
623 329 928 373 Anexandrinum
962 329 1102 364 Strom.
1128 324 1174 375 V,
1202 332 1246 370 ¹4
1281 327 1302 376 §
1328 326 1400 363 115
1431 329 1436 378 ¹,

365 390 472 441 (pag.
494 403 565 436 7¹7
592 388 653 426 ed.
676 388 839 438 l‘otter.)
857 388 957 425 inter
974 384 1175 436 Euripidis
1193 385 1405 433 fragmenta
1434 383 1435 389 ’

364 462 403 499 p.
431 450 503 495 764
531 447 590 486 ed.
614 447 796 496 Wagner.
828 459 849 483 e
878 444 1077 490 Pirithoo,
1110 442 1310 494 deperdita
1334 451 1406 482 tra·

365 506 514 555 goetiia,
538 505 713 555 petitum.
770 505 831 542 lbi
863 513 990 542 autem
1021 502 1101 540 haec
1126 502 1337 552 legunturz
1369 503 1403 541 ἐν

367 561 403 600 δὲ
423 564 472 615 τῷ
491 562 644 616 Πειρίθῳ
661 562 812 616 δράματι
835 564 852 599 ὃ
872 560 972 604 αὐτὸς
990 559 1226 612 [Εὐριπίδης]
1243 559 1303 599 καὶ
1322 560 1405 599 τάδε

364 622 556 675 τραγῳδεῖ·

471 712 519 752 Σὲ
535 712 593 750 τὸν
616 713 788 763 αὐτοφυῆ,
808 710 865 749 τὸν
887 711 920 748 ἐν
947 709 1088 762 αἰθερίῳ

475 769 596 822 ῥύμὸῳ
612 768 750 806 πάντων
774 767 874 821 φύσιν
896 766 1101 817 ἐμπλέξανθ’
1115 797 1127 816 ,

472 828 508 866 ὃν
528 827 606 879 περὶ
627 826 689 877 μὲν
709 829 799 879 φῶς,
813 825 891 879 περὶ
912 825 941 864 δ’
961 826 1108 879 ὄρφναία

470 885 527 929 νὺξ
544 883 737 936 αἷολόχρως
750 913 761 933 ,
780 882 917 936 ἄκριτός
935 884 966 922 τ’
986 882 1121 936 ἄστρων

471 942 572 995 ὄχλος
593 943 779 994 ἐνδελεχῶς
799 940 1039 995 ἀμφιχορεύει.

366 1035 540 1074 Ἐνταῦθα
559 1032 625 1085 γὰρ
647 1032 702 1071 τὸν
735 1031 798 1083 μὲν
827 1034 983 1085 αὐτοφυῆ
1004 1032 1062 1071 τὸν
1090 1031 1406 1091 δημιουργὸνωνοῧν

367 1092 501 1144 εἴρηκεν
514 1121 524 1139 ,
545 1089 589 1128 τὰ
612 1090 639 1128 δ’
655 1089 730 1137 ἑξῆς
746 1090 804 1129 ἐπὶ
819 1094 880 1130 τοῦ
896 1090 1027 1141 κόσμου
1040 1090 1230 1138 τάσσεται,
1247 1091 1282 1128 ἐν
1299 1093 1327 1142 ᾡ
1347 1088 1407 1127 καὶ

366 1149 600 1196 ἐναντιότητες
629 1148 740 1201 φωτός
758 1164 797 1187 τε
825 1149 885 1188 καὶ
909 1149 1061 1194 σκότους.
1091 1149 1319 1200 Euripidem
1350 1149 1406 1186 sic

368 1208 538 1245 imitatus
555 1216 613 1246 est
629 1206 791 1246 Grotius
813 1221 822 1246 ε

447 1312 493 1344 Te
511 1319 591 1343 voco
603 1333 614 1351 ‚
627 1313 660 1343 te
682 1319 746 1342 non
762 1301 891 1343 aliunde
909 1313 1035 1350 satum,

449 1369 506 1410 qui
522 1372 670 1401 naturam
684 1367 814 1401 turbine
830 1377 938 1401 versas

450 1428 549 1460 totam
568 1427 723 1467 oetherio,
747 1436 843 1468 quem
864 1427 922 1459 lux
943 1426 1062 1459 circum

450 1495 582 1527 noxque
602 1485 766 1526 atricolor,
784 1494 909 1527 semper
924 1489 956 1519 et
971 1486 1082 1528 ingens

451 1545 674 1578 circumsultat
691 1545 810 1577 chorus
831 1545 1002 1578 astrorum.

369 1625 607 1677 Subjungam
634 1626 753 1663 alium
784 1625 913 1663 locum
941 1637 1020 1662 non
1049 1624 1193 1662 minori
1222 1624 1412 1675 elegantia

371 1684 746 1732 commendabilem,
772 1697 885 1734 quem
905 1697 926 1721 e
948 1683 1077 1722 fabula
1103 1683 1234 1721 nescio
1253 1697 1331 1734 qua
1345 1685 1411 1723 de-

370 1752 570 1794 promtum
600 1744 772 1782 servavit
801 1742 977 1781 Clemens
1005 1742 1149 1781 Strom.
1179 1742 1224 1789 V,
1251 1757 1295 1780 12
1317 1744 1339 1793 §
1362 1758 1407 1791 71

370 1802 434 1853 (p.
461 1803 538 1840 688
558 1802 621 1841 ed.
646 1802 834 1853 putten).
856 1801 916 1839 Cf.
938 1801 1075 1853 Eurip.
1098 1801 1316 1852 Fragment.
1346 1803 1408 1843 ed.

369 1861 545 1911 Wagner.
567 1875 605 1912 p.
628 1861 721 1899 851.

477 1956 568 2006 Σοὶ,
590 1959 640 2010 τῷ
660 1956 801 1996 πάντων
819 1955 997 2007 μεδέοντι,
1018 1956 1104 2009 χοὴν

475 2015 626 2055 πέλανόν
648 2031 686 2054 τε
706 2016 823 2069 φέρω,
845 2014 932 2059 Ζεὺς
952 2013 1013 2054 εἴτ’
1032 2014 1147 2063 Ἀΐδης

476 2074 728 2125 ὀνομαζόμενος
748 2073 919 2127 στέργεις·
940 2073 982 2112 σὺ
1001 2073 1038 2113 δέ
1059 2089 1117 2124 μοι

478 2132 598 2173 θυσίαν
620 2132 751 2186 ἄπυρον
769 2132 1015 2185 παγκαρπείας

478 2191 573 2236 δέξαι
596 2191 714 2243 πλήρη
737 2194 987 2244 προχυθεῖσαν.

479 2248 530 2288 Σὺ
550 2249 618 2302 γὰρ
637 2249 671 2287 ἔν
691 2265 729 2288 τε
749 2249 835 2293 Θεοῖς
850 2249 919 2292 τοῖς
937 2248 1133 2302 οὐρανίδαις

477 2310 652 2359 σκῆπτρον
672 2306 712 2345 τὸ
730 2306 810 2350 Διὸς
832 2306 1083 2358 μεταχειρίζων

476 2364 622 2416 χθονίων
646 2367 675 2403 θ’
693 2361 790 2417 Ἀΐδῃ
814 2363 970 2417 μετέχεις
991 2367 1118 2418 ἀρχῆς·

476 2423 615 2477 πέμψον
636 2424 699 2473 μὲν
717 2427 787 2476 φῶς
802 2425 915 2476 ψυχᾶς
938 2423 1067 2475 ἀνέρων

478 2482 548 2532 τοῖς
573 2480 794 2534 βουλομένοις
815 2482 937 2526 ἄθλους
961 2487 1174 2535 προμαθεῖν,

481 2539 584 2577 πόθεν
605 2540 774 2578 ἔὸλαστον
787 2570 799 2591 ,
822 2540 873 2584 τίς
896 2540 972 2593 ῥίζα
993 2543 1112 2579 κακῶν
1126 2571 1137 2590 ,

480 2597 556 2635 τίνα
577 2599 627 2636 δεῖ
642 2598 808 2650 μακάρων
830 2598 1084 2650 ἐκθυσαμένους

479 2656 587 2707 εὑρεῖν
610 2656 748 2708 μόχθων
766 2657 984 2698 ἀνάπαυλαν.

457 2748 528 2780 Tibi
546 2750 734 2782 cunctorum
749 2750 879 2783 domino
894 2751 1005 2784 vinum

458 2807 638 2852 salsam-que
656 2808 775 2840 molam
794 2810 880 2849 fero,
903 2819 958 2842 seu
985 2812 1067 2844 Ditis

457 2866 491 2896 tu
508 2865 575 2898 sive
599 2866 691 2898 Jovis
712 2867 841 2900 nomine
860 2869 991 2909 gaudes.

459 2924 594 2956 cunctis
609 2924 697 2965 larga
715 2924 827 2957 defusa
844 2935 938 2958 manu

459 2981 499 3013 de
514 2981 658 3021 frugibus
678 2982 786 3023 accipe
799 2982 891 3016 dona.

464 3040 514 3071 Tu
530 3047 671 3080 namque
690 3040 767 3072 deos
783 3049 915 3081 superos
937 3042 1020 3076 inter

438 3107 444 3113 ·
459 3099 619 3138 sceptrum
634 3098 774 3130 tractans
794 3097 931 3131 sublime
946 3101 1037 3132 Jovis

459 3158 490 3187 et
507 3145 728 3187 defunctorum
752 3165 846 3196 regua
863 3158 963 3190 tenes.

458 3213 505 3244 Tu
519 3212 624 3244 lucem
640 3212 754 3244 animis
772 3212 904 3246 infunde
922 3216 1024 3247 virum

460 3271 515 3311 qui
532 3271 614 3303 scire
630 3271 761 3312 volunt,
779 3281 844 3313 quo
864 3275 932 3304 sata
947 3274 1060 3306 mentis

460 3329 547 3361 loeta
562 3330 604 3362 sit
619 3334 691 3362 ortu
702 3353 712 3370 ,
727 3339 799 3375 quae
816 3339 911 3363 causa
927 3332 1021 3372 mali,

460 3388 511 3419 cui
526 3388 710 3420 coelicolum
725 3388 783 3421 rite
799 3389 918 3421 litando

461 3447 602 3487 requiem
622 3447 663 3480 sit
683 3447 799 3481 habere
823 3447 982 3481 laborum.

1232 238 1298 276 DE
1325 237 1602 277 SOPHlSTlS.

1464 326 1561 364 Coeli
1583 325 1667 363 sive
1689 323 1854 362 AEtheris
1874 336 1917 361 ac
1937 323 2069 361 Ten-ae
2093 336 2264 362 amorem
2294 323 2355 362 his
2375 323 2501 362 versi-

1463 384 1537 423 bus
1579 382 1828 435 persequitur
1865 381 2094 433 Euripides,
2137 382 2206 434 qui
2247 382 2504 421 inveniuntur

1464 443 1565 494 apud
1601 444 1756 480 Sextum
1789 441 2029 492 Empiricum
2063 440 2153 480 adv.
2191 441 2311 481 Math.
2334 441 2399 490 Vl,
2439 455 2502 490 17,

1465 515 1504 552 p.
1540 502 1615 539 360
1650 499 1709 552 (p.
1745 498 1817 547 751
1844 500 1904 538 ed.
1931 499 2117 550 bekker.)
2145 508 2183 538 et
2207 498 2409 538 Philonem
2436 499 2506 538 Ju-

1465 560 1593 597 daeum
1625 558 1705 610 περὶ
1739 556 1934 610 ἀφθαρσίας
1973 557 2154 609 κόσμους
2188 571 2231 596 11
2263 571 2303 610 p.
2339 559 2415 609 498
2439 558 2502 598 ed.

1465 621 1591 668 Mang.
1617 617 1676 655 Cf.
1693 616 1831 668 Eurip.
1854 616 1989 667 fragm.
2007 630 2047 669 p.
2066 617 2143 663 824
2163 616 2224 656 ed.
2244 616 2424 668 Wagner.

1572 727 1663 767 Γαῖα
1687 724 1834 776 μεγίστη
1852 725 1913 765 καὶ
1933 724 2014 770 Διὸς
2030 725 2148 779 αἰθήρ,

1564 787 1590 824 ’ὁ
1609 784 1671 835 μὲν
1691 783 1879 836 ἀνθρώπων
1896 783 1957 823 καὶ
1975 785 2060 823 θεῶν
2078 783 2241 837 γενέτωρ,

1573 846 1595 890 ἡ
1617 844 1646 880 δ’
1668 842 1878 895 ὑγροὸόλους
1898 842 2068 893 σταγόνας
2088 842 2219 888 νοτίους

1572 899 1841 952 παραδεξαμένη
1855 899 1965 939 τίκτει
1978 900 2139 950 θνατούς,

1573 959 1681 998 τίκτει
1704 958 1740 997 δὲ
1763 959 1887 1011 βοράν,
1912 959 2006 1012 φῦλά
2027 975 2064 999 τε
2083 961 2197 1013 θηρῶν
2211 975 2221 985 ·

1626 1066 1630 1070 ,
1675 1016 1750 1056 ὅθεν
1771 1020 1833 1057 οὐκ
1853 1017 1981 1062 ἀδίκως

1575 1075 1692 1130 μήτ-ηρ
1710 1075 1852 1115 πάντων
1872 1077 2083 1128 νενόμισται.

1576 1136 1697 1187 Χωρεῖ
1717 1135 1748 1173 δ’
1766 1134 1894 1184 ὀπίσω,
1911 1134 1956 1174 τὰ
1975 1134 2037 1187 μὲν
2059 1138 2098 1175 ἔκ
2117 1136 2219 1188 γαίας

1575 1193 1673 1247 φύντ’
1692 1195 1725 1239 ἐς
1744 1199 1847 1246 γαῖαν
1860 1209 1869 1218 ·
1885 1192 1930 1232 τὰ
1951 1195 1982 1233 δ’
2005 1197 2066 1234 ἀπ’
2085 1195 2236 1249 αἰθερίου

1578 1251 1774 1304 βλαστόντα
1791 1255 1893 1304 γονῆς
1909 1253 1956 1297 εἷς
1972 1253 2129 1308 οὐράνιον

1574 1310 1679 1350 πόλον
1693 1305 1776 1358 ἦλθε
1792 1311 1897 1350 πάλιν
1909 1324 1919 1334 ·
1935 1312 2076 1359 θνήσκει
2095 1313 2124 1351 δ’
2150 1313 2247 1351 οὐδὲν

1575 1371 1643 1408 τῶν
1664 1370 1876 1421 γιγνομὲνων
1887 1400 1898 1419 ,
1913 1371 2173 1424 διακρινόμενον
2189 1372 2219 1410 δ’

1683 1427 1768 1467 ἄλλο
1789 1427 1874 1480 πρὸς
1895 1428 2002 1467 ἄλλου

1578 1485 1711 1539 μορφὴν
1732 1485 1822 1525 ἰδίαν
1840 1486 2028 1532 ἀπέδειξεν.

1554 1588 1665 1621 Tellus
1681 1589 1820 1621 maxima
1835 1589 1869 1622 et
1885 1589 1977 1623 Jovis
1998 1590 2102 1623 aether
2112 1602 2122 1631 ;

1554 1645 1607 1678 hic
1626 1646 1757 1687 quidem
1778 1648 1947 1680 hominum
1967 1647 2168 1690 deorumque
2183 1649 2390 1691 genitorem,

1552 1705 1606 1737 illa
1620 1714 1696 1739 vero
1712 1706 1837 1748 pluvias
1853 1709 1961 1748 guttas
1977 1707 2124 1740 humidas

1553 1764 1708 1806 recipiens
1724 1765 1808 1806 parit
1829 1766 1982 1799 mortales
1994 1791 2004 1807 ,

1554 1823 1722 1865 funditque
1739 1824 1829 1866 cibos
1842 1825 2028 1858 et‘t'erarum
2045 1835 2173 1867 genera.

1553 1882 1769 1920 Quamobrem
1787 1883 1874 1916 haud
1890 1883 2052 1916 immerito

1552 1944 1654 1973 mater
1672 1942 1815 1975 omnium
1837 1941 2052 1976 existimatur.

1553 2000 1702 2032 Redeunt
1720 2010 1797 2034 vero
1814 2001 1847 2034 in
1866 2004 1988 2035 terram

1553 2068 1571 2091 e
1587 2062 1672 2092 terra
1694 2060 1800 2102 edita3
1823 2061 1945 2102 atquae
1964 2061 2105 2094 aethereo

1556 2117 1679 2150 semine
1695 2120 1770 2151 nata
1786 2122 1863 2151 sunt
1874 2143 1884 2160 ,
1895 2119 1937 2152 ad
1955 2120 2064 2161 polum

1557 2176 1720 2209 coelestem
1735 2177 1852 2210 iterum
1866 2178 2073 2219 perveniunt.
2099 2178 2213 2213 Interit
2228 2184 2335 2213 autem
2353 2181 2433 2213 nihil

1558 2243 1665 2267 rerum
1688 2237 1908 2277 nascentium,
1925 2237 1982 2270 sed
1997 2236 2084 2270 aliud

1639 2294 1680 2326 ab
1701 2295 1763 2327 alio
1781 2299 1940 2328 secretum

1557 2353 1718 2394 propriam
1731 2354 1867 2387 formam
1885 2356 2062 2397 recuperat.

1474 2451 1584 2489 Addo
1615 2453 1831 2492 versiculos
1862 2467 1959 2504 quos
1996 2453 2155 2492 exhibet
2187 2454 2393 2494 Athenaeus
2423 2454 2518 2494 Xlss

1475 2523 1513 2560 p.
1540 2509 1632 2560 599,
1653 2519 1690 2548 et
1709 2512 1854 2550 omisso
1870 2513 2040 2551 auctoris
2059 2514 2217 2552 nomine
2233 2514 2407 2553 Stobaeus
2426 2515 2508 2554 Ecl.

1478 2567 1598 2619 Phys.
1635 2569 1652 2606 Ι
1683 2582 1774 2620 pag.
1799 2572 1875 2608 268
1903 2572 1968 2623 (p.
2008 2586 2081 2610 100
2110 2573 2173 2612 ed.
2209 2573 2370 2627 Gaisfae).
2394 2574 2508 2615 Conf.

1476 2626 1609 2677 fragm.
1631 2627 1708 2666 fab.
1731 2629 1807 2668 inc.
1829 2630 1933 2681 apud
1951 2630 2182 2681 Wagneium
2200 2646 2240 2683 p.
2265 2633 2358 2674 826.

1581 2743 1659 2792 Τὴν
1680 2741 1881 2798 Ἀφροδίτην
1897 2748 1962 2800 οὐχ
1980 2750 2062 2801 ὁρᾷς
2079 2748 2144 2796 ὅση
2161 2748 2235 2793 θεός
2249 2762 2260 2798 ;

1583 2803 1659 2842 ἀλλ’
1687 2804 1759 2843 οὐδ’
1777 2804 1819 2844 ἂν
1839 2805 1948 2850 εἴποις
1967 2807 2043 2845 οὐδὲ
2065 2807 2275 2860 μετρήσειας
2287 2807 2334 2846 ’ἂν

1579 2861 1643 2908 ὅση
1664 2862 1815 2916 πέφυκε,
1831 2865 1915 2918 κάφ’
1939 2864 2018 2904 ὅσον
2039 2865 2227 2920 διέρχεται.

1584 2919 1683 2967 Αὕτη
1704 2921 1822 2975 τρέφει
1842 2923 1879 2961 σὲ
1901 2924 1993 2973 κάμὲ
2012 2923 2073 2962 καὶ
2095 2925 2230 2969 πάντας
2251 2925 2412 2978 βροτούς·

1581 2979 1768 3031 τεκμήριον
1789 2979 1825 3017 δὲ
1850 2979 1899 3030 μὴ
1917 2980 2009 3034 λόγῳ
2033 2981 2135 3032 μόνον
2157 2982 2310 3035 μάθῃς,

1582 3037 1671 3091 ἔργῳ
1691 3037 1728 3076 δὲ
1748 3038 1847 3083 δείξω
1861 3039 1900 3077 τὸ
1917 3039 2032 3084 σθένος
2055 3041 2093 3079 τὸ
2119 3045 2183 3088 τῆς
2209 3045 2299 3081 θεοῦ·

1582 3097 1645 3148 ἐρᾷ*
1676 3096 1738 3147 μὲν
1759 3096 1894 3149 ὄμὸρου
1909 3098 1981 3150 γαῖ’
1993 3128 2004 3145 ,
2027 3099 2078 3137 ὅτ’
2096 3098 2138 3138 ἃν
2155 3099 2255 3151 ξηρὸν
2274 3099 2377 3138 πέδον

1583 3154 1743 3206 ἄκαρπον
1763 3157 1890 3207 αὐχμῷ
1909 3156 2038 3200 νοτίδος
2063 3158 2186 3201 ἐνδεῶς
2202 3157 2284 3210 ἔχῃ·

1583 3213 1645 3264 ἐρᾷ
1669 3213 1700 3251 δ’
1719 3215 1737 3251 ὁ
1753 3213 1877 3263 σεμνὸς
1893 3215 2036 3267 οὐρανός
2043 3245 2054 3263 ,
2073 3215 2310 3268 πληρούμενος

1581 3271 1734 3325 ὄμδρου,
1755 3275 1940 3319 πεσεῖνέἷς
1960 3280 2088 3326 γαῖαν,
2110 3275 2309 3328 Ἀφροδίτης
2323 3275 2437 3319 πόσις.

1582 3329 1696 3369 ’Ὀταν
1715 3331 1751 3371 δὲ
1779 3335 2021 3385 συμμιχθῆτον
2041 3334 2088 3377 εἷς
2108 3334 2232 3372 ταυτὸν
2252 3335 2331 3383 δύο,

1586 3387 1759 3428 τίκτουσιν
1778 3393 1862 3442 ἡμῖν
1881 3391 2017 3430 πάντα·
2036 3392 2269 3446 κάκτρέφουσ’
2293 3393 2368 3446 ἅμα
2382 3425 2393 3446 ,

1584 3446 1658 3485 ὅθεν
1677 3448 1828 3501 βρότειον
1845 3451 1886 3502 ζῇ
1902 3464 1940 3488 τε
1958 3454 2018 3489 καὶ
2039 3451 2156 3491 θάλλει
2171 3452 2277 3504 γένος.
