<?xml version="1.0" encoding="UTF-8"?>
<!DOCTYPE html PUBLIC "-//W3C//DTD XHTML 1.0 Transitional//EN"
    "http://www.w3.org/TR/xhtml1/DTD/xhtml1-transitional.dtd">
<html xmlns="http://www.w3.org/1999/xhtml" xml:lang="en" lang="en">
 <head>
  <title>
</title>
<meta http-equiv="Content-Type" content="text/html;charset=utf-8" />
  <meta name='ocr-system' content='tesseract 3.04.00' />
  <meta name='ocr-capabilities' content='ocr_page ocr_carea ocr_par ocr_line ocrx_word'/>
</head>
<body>
  <div class='ocr_page' id='page_1' title='image "./fragmentaphiloso02mulluoft_0216.png"; bbox 0 0 2638 3840; ppageno 0'>
   <div class='ocr_carea' id='block_1_1' title="bbox 0 2102 70 3840">
    <p class='ocr_par' dir='ltr' id='par_1_1' title="bbox 0 2102 70 3840">
     <span class='ocr_line' id='line_1_1' title="bbox 0 2102 70 3840; baseline 0 0"><span class='ocrx_word' id='word_1_1' title='bbox 0 2102 70 3840; x_wconf 95' lang='lat' dir='ltr'> </span> 
     </span>
    </p>
   </div>
   <div class='ocr_carea' id='block_1_2' title="bbox 330 279 409 315">
    <p class='ocr_par' dir='ltr' id='par_1_2' title="bbox 330 279 409 315">
     <span class='ocr_line' id='line_1_2' title="bbox 330 279 409 315; baseline 0 0"><span class='ocrx_word' id='word_1_2' title='bbox 330 279 409 315; x_wconf 77' lang='lat'>¹08</span> 
     </span>
    </p>
   </div>
   <div class='ocr_carea' id='block_1_3' title="bbox 320 356 1366 1122">
    <p class='ocr_par' dir='ltr' id='par_1_3' title="bbox 320 356 1366 1122">
     <span class='ocr_line' id='line_1_3' title="bbox 321 356 1359 411; baseline -0.004 -11"><span class='ocrx_word' id='word_1_3' title='bbox 321 362 500 405; x_wconf 77' lang='grc' dir='ltr'>δοκοῦντος</span> <span class='ocrx_word' id='word_1_4' title='bbox 525 359 730 409; x_wconf 68' lang='grc' dir='ltr'>ἠδικηκέναι</span> <span class='ocrx_word' id='word_1_5' title='bbox 761 360 799 398; x_wconf 86' lang='grc' dir='ltr'>οὗ</span> <span class='ocrx_word' id='word_1_6' title='bbox 828 356 1085 411; x_wconf 83' lang='grc' dir='ltr'>προσηκόντως.</span> <span class='ocrx_word' id='word_1_7' title='bbox 1115 357 1254 395; x_wconf 90' lang='lat' dir='ltr'>Cicero</span> <span class='ocrx_word' id='word_1_8' title='bbox 1277 356 1359 396; x_wconf 85' lang='lat' dir='ltr'>Tu-</span> 
     </span>
     <span class='ocr_line' id='line_1_4' title="bbox 323 415 1360 470; baseline -0.004 -11"><span class='ocrx_word' id='word_1_9' title='bbox 323 420 421 460; x_wconf 82' lang='lat' dir='ltr'>scul.</span> <span class='ocrx_word' id='word_1_10' title='bbox 442 419 505 468; x_wconf 90' lang='lat' dir='ltr'>1V,</span> <span class='ocrx_word' id='word_1_11' title='bbox 531 434 555 470; x_wconf 89' lang='lat'>9</span> <span class='ocrx_word' id='word_1_12' title='bbox 574 434 582 458; x_wconf 92' lang='lat'>:</span> <span class='ocrx_word' id='word_1_13' title='bbox 601 438 615 453; x_wconf 75' lang='grc' dir='ltr'>κ</span> <span class='ocrx_word' id='word_1_14' title='bbox 629 420 722 466; x_wconf 87' lang='lat' dir='ltr'>Quae</span> <span class='ocrx_word' id='word_1_15' title='bbox 739 427 863 457; x_wconf 88' lang='lat' dir='ltr'>autem</span> <span class='ocrx_word' id='word_1_16' title='bbox 881 416 1039 456; x_wconf 87' lang='lat' dir='ltr'>libidini</span> <span class='ocrx_word' id='word_1_17' title='bbox 1055 415 1230 467; x_wconf 83' lang='lat' dir='ltr'>subjecta</span> <span class='ocrx_word' id='word_1_18' title='bbox 1255 425 1360 465; x_wconf 85' lang='lat' dir='ltr'>sunt,</span> 
     </span>
     <span class='ocr_line' id='line_1_5' title="bbox 321 475 1363 528; baseline -0.004 -9"><span class='ocrx_word' id='word_1_19' title='bbox 321 493 365 519; x_wconf 88' lang='lat' dir='ltr'>ea</span> <span class='ocrx_word' id='word_1_20' title='bbox 379 480 435 519; x_wconf 88' lang='lat' dir='ltr'>sic</span> <span class='ocrx_word' id='word_1_21' title='bbox 449 480 652 528; x_wconf 81' lang='lat' dir='ltr'>definiunt,</span> <span class='ocrx_word' id='word_1_22' title='bbox 667 488 707 517; x_wconf 84' lang='lat' dir='ltr'>ut</span> <span class='ocrx_word' id='word_1_23' title='bbox 720 480 779 517; x_wconf 83' lang='lat' dir='ltr'>ira</span> <span class='ocrx_word' id='word_1_24' title='bbox 790 478 839 516; x_wconf 89' lang='lat' dir='ltr'>sit</span> <span class='ocrx_word' id='word_1_25' title='bbox 855 475 980 516; x_wconf 90' lang='lat' dir='ltr'>libido</span> <span class='ocrx_word' id='word_1_26' title='bbox 993 476 1181 527; x_wconf 88' lang='lat' dir='ltr'>puniendi</span> <span class='ocrx_word' id='word_1_27' title='bbox 1193 477 1277 528; x_wconf 89' lang='lat' dir='ltr'>ejus</span> <span class='ocrx_word' id='word_1_28' title='bbox 1297 478 1363 528; x_wconf 90' lang='lat' dir='ltr'>qui</span> 
     </span>
     <span class='ocr_line' id='line_1_6' title="bbox 323 535 1364 588; baseline -0.004 -10"><span class='ocrx_word' id='word_1_29' title='bbox 323 540 503 578; x_wconf 86' lang='lat' dir='ltr'>videatur</span> <span class='ocrx_word' id='word_1_30' title='bbox 520 539 658 577; x_wconf 79' lang='lat' dir='ltr'>laesisse</span> <span class='ocrx_word' id='word_1_31' title='bbox 673 536 832 588; x_wconf 89' lang='lat' dir='ltr'>injuria.</span> <span class='ocrx_word' id='word_1_32' title='bbox 846 554 861 570; x_wconf 73' lang='grc' dir='ltr'>ι·</span> <span class='ocrx_word' id='word_1_33' title='bbox 877 559 929 564; x_wconf 90' lang='grc'>-</span> <span class='ocrx_word' id='word_1_34' title='bbox 942 535 991 558; x_wconf 73' lang='grc'>’65</span> <span class='ocrx_word' id='word_1_35' title='bbox 1010 535 1124 584; x_wconf 78' lang='lat' dir='ltr'>Diog.</span> <span class='ocrx_word' id='word_1_36' title='bbox 1142 535 1267 576; x_wconf 87' lang='lat' dir='ltr'>Laert.</span> <span class='ocrx_word' id='word_1_37' title='bbox 1279 535 1364 585; x_wconf 89' lang='lat' dir='ltr'>Vll,</span> 
     </span>
     <span class='ocr_line' id='line_1_7' title="bbox 335 592 1362 648; baseline -0.001 -12"><span class='ocrx_word' id='word_1_38' title='bbox 335 612 350 635; x_wconf 90' lang='lat'>1</span> <span class='ocrx_word' id='word_1_39' title='bbox 363 603 405 643; x_wconf 76' lang='lat'>14</span> <span class='ocrx_word' id='word_1_40' title='bbox 427 614 435 636; x_wconf 90' lang='lat'><strong>:</strong></span> <span class='ocrx_word' id='word_1_41' title='bbox 454 601 472 636; x_wconf 79' lang='grc' dir='ltr'>ὁ</span> <span class='ocrx_word' id='word_1_42' title='bbox 489 597 524 636; x_wconf 87' lang='grc' dir='ltr'>δὲ</span> <span class='ocrx_word' id='word_1_43' title='bbox 543 597 647 648; x_wconf 85' lang='grc' dir='ltr'>θυμός</span> <span class='ocrx_word' id='word_1_44' title='bbox 660 597 750 634; x_wconf 81' lang='grc' dir='ltr'>ἐστιν</span> <span class='ocrx_word' id='word_1_45' title='bbox 767 593 853 646; x_wconf 84' lang='grc' dir='ltr'>ὀργὴ</span> <span class='ocrx_word' id='word_1_46' title='bbox 874 592 1065 645; x_wconf 82' lang='grc' dir='ltr'>ἀρχομένη.</span> <span class='ocrx_word' id='word_1_47' title='bbox 1090 594 1227 633; x_wconf 77' lang='lat' dir='ltr'>Cicero</span> <span class='ocrx_word' id='word_1_48' title='bbox 1245 594 1279 632; x_wconf 86' lang='grc' dir='ltr'>Τ</span> <span class='ocrx_word' id='word_1_49' title='bbox 1281 598 1362 636; x_wconf 76' lang='lat' dir='ltr'>uso.</span> 
     </span>
     <span class='ocr_line' id='line_1_8' title="bbox 323 653 1363 707; baseline -0.002 -13"><span class='ocrx_word' id='word_1_50' title='bbox 323 656 386 705; x_wconf 83' lang='lat' dir='ltr'>IV,</span> <span class='ocrx_word' id='word_1_51' title='bbox 407 670 431 707; x_wconf 86' lang='lat'>9</span> <span class='ocrx_word' id='word_1_52' title='bbox 460 659 806 694; x_wconf 68' lang='lat' dir='ltr'>excandescentiam</span> <span class='ocrx_word' id='word_1_53' title='bbox 827 653 996 704; x_wconf 78' lang='lat' dir='ltr'>appellat</span> <span class='ocrx_word' id='word_1_54' title='bbox 1016 654 1114 691; x_wconf 82' lang='lat' dir='ltr'>iram</span> <span class='ocrx_word' id='word_1_55' title='bbox 1144 663 1363 693; x_wconf 85' lang='lat' dir='ltr'>nascentem</span> 
     </span>
     <span class='ocr_line' id='line_1_9' title="bbox 321 711 1365 763; baseline -0.002 -10"><span class='ocrx_word' id='word_1_56' title='bbox 321 724 358 754; x_wconf 93' lang='lat' dir='ltr'>et</span> <span class='ocrx_word' id='word_1_57' title='bbox 391 716 506 753; x_wconf 88' lang='lat' dir='ltr'>modo</span> <span class='ocrx_word' id='word_1_58' title='bbox 526 715 785 760; x_wconf 86' lang='lat' dir='ltr'>exsistentem,</span> <span class='ocrx_word' id='word_1_59' title='bbox 816 726 902 763; x_wconf 80' lang='lat' dir='ltr'>quae</span> <span class='ocrx_word' id='word_1_60' title='bbox 929 711 1082 763; x_wconf 84' lang='grc' dir='ltr'>θύμωσις</span> <span class='ocrx_word' id='word_1_61' title='bbox 1120 726 1242 762; x_wconf 86' lang='lat' dir='ltr'>graece</span> <span class='ocrx_word' id='word_1_62' title='bbox 1269 713 1365 751; x_wconf 83' lang='lat' dir='ltr'>dici-</span> 
     </span>
     <span class='ocr_line' id='line_1_10' title="bbox 323 773 1366 826; baseline -0.001 -13"><span class='ocrx_word' id='word_1_63' title='bbox 323 784 399 815; x_wconf 89' lang='lat' dir='ltr'>tur.</span> <span class='ocrx_word' id='word_1_64' title='bbox 423 798 475 803; x_wconf 91' lang='lat'>—-</span> <span class='ocrx_word' id='word_1_65' title='bbox 495 774 543 797; x_wconf 82' lang='grc'>’66</span> <span class='ocrx_word' id='word_1_66' title='bbox 568 774 671 826; x_wconf 79' lang='grc' dir='ltr'>χόλον</span> <span class='ocrx_word' id='word_1_67' title='bbox 703 773 919 811; x_wconf 87' lang='lat' dir='ltr'>omiserunt</span> <span class='ocrx_word' id='word_1_68' title='bbox 939 781 977 811; x_wconf 85' lang='lat' dir='ltr'>et</span> <span class='ocrx_word' id='word_1_69' title='bbox 1006 773 1203 823; x_wconf 84' lang='lat' dir='ltr'>Diogenes</span> <span class='ocrx_word' id='word_1_70' title='bbox 1237 782 1274 812; x_wconf 90' lang='lat' dir='ltr'>et</span> <span class='ocrx_word' id='word_1_71' title='bbox 1305 774 1366 812; x_wconf 87' lang='lat' dir='ltr'>Ci-</span> 
     </span>
     <span class='ocr_line' id='line_1_11' title="bbox 323 831 1366 883; baseline -0.002 -11"><span class='ocrx_word' id='word_1_72' title='bbox 323 848 423 872; x_wconf 88' lang='lat' dir='ltr'>cero.</span> <span class='ocrx_word' id='word_1_73' title='bbox 441 855 494 863; x_wconf 97' lang='lat'><strong>—</strong></span> <span class='ocrx_word' id='word_1_74' title='bbox 518 833 565 856; x_wconf 87' lang='grc'>’67</span> <span class='ocrx_word' id='word_1_75' title='bbox 586 834 779 882; x_wconf 85' lang='lat' dir='ltr'>Diogenes</span> <span class='ocrx_word' id='word_1_76' title='bbox 804 831 983 870; x_wconf 85' lang='lat' dir='ltr'>Laertius</span> <span class='ocrx_word' id='word_1_77' title='bbox 1007 831 1094 880; x_wconf 88' lang='lat' dir='ltr'>Vll,</span> <span class='ocrx_word' id='word_1_78' title='bbox 1132 837 1203 876; x_wconf 74' lang='lat'>114</span> <span class='ocrx_word' id='word_1_79' title='bbox 1227 845 1236 869; x_wconf 79' lang='lat'>2</span> <span class='ocrx_word' id='word_1_80' title='bbox 1265 836 1366 883; x_wconf 84' lang='grc' dir='ltr'>μ’ἧνις</span> 
     </span>
     <span class='ocr_line' id='line_1_12' title="bbox 322 889 1365 944; baseline -0.001 -14"><span class='ocrx_word' id='word_1_81' title='bbox 322 892 358 930; x_wconf 84' lang='grc' dir='ltr'>δέ</span> <span class='ocrx_word' id='word_1_82' title='bbox 378 893 468 930; x_wconf 83' lang='grc' dir='ltr'>ἐστιν</span> <span class='ocrx_word' id='word_1_83' title='bbox 487 890 571 943; x_wconf 78' lang='grc' dir='ltr'>ὀργὴ</span> <span class='ocrx_word' id='word_1_84' title='bbox 597 889 874 941; x_wconf 81' lang='grc' dir='ltr'>πεπαλαιωμένη</span> <span class='ocrx_word' id='word_1_85' title='bbox 892 890 953 928; x_wconf 82' lang='grc' dir='ltr'>καὶ</span> <span class='ocrx_word' id='word_1_86' title='bbox 982 890 1162 941; x_wconf 81' lang='grc' dir='ltr'>ἐπίκοτος,</span> <span class='ocrx_word' id='word_1_87' title='bbox 1194 892 1365 944; x_wconf 82' lang='grc' dir='ltr'>ἐπιτηρη-</span> 
     </span>
     <span class='ocr_line' id='line_1_13' title="bbox 321 947 1365 1003; baseline 0.001 -15"><span class='ocrx_word' id='word_1_88' title='bbox 321 950 399 997; x_wconf 80' lang='grc' dir='ltr'>τικὴ</span> <span class='ocrx_word' id='word_1_89' title='bbox 422 949 483 1001; x_wconf 85' lang='grc' dir='ltr'>δέ,</span> <span class='ocrx_word' id='word_1_90' title='bbox 498 949 582 1002; x_wconf 76' lang='grc' dir='ltr'>ὅπερ</span> <span class='ocrx_word' id='word_1_91' title='bbox 603 948 807 1002; x_wconf 81' lang='grc' dir='ltr'>ἐμφαίνεται</span> <span class='ocrx_word' id='word_1_92' title='bbox 828 947 885 986; x_wconf 82' lang='grc' dir='ltr'>διὰ</span> <span class='ocrx_word' id='word_1_93' title='bbox 903 949 1030 987; x_wconf 78' lang='grc' dir='ltr'>τῶνδε·</span> <span class='ocrx_word' id='word_1_94' title='bbox 1048 949 1145 1001; x_wconf 82' lang='grc' dir='ltr'>εἴπερ</span> <span class='ocrx_word' id='word_1_95' title='bbox 1164 950 1232 1003; x_wconf 83' lang='grc' dir='ltr'>γάρ</span> <span class='ocrx_word' id='word_1_96' title='bbox 1247 965 1285 989; x_wconf 86' lang='grc' dir='ltr'>τε</span> <span class='ocrx_word' id='word_1_97' title='bbox 1301 950 1365 1003; x_wconf 88' lang='grc' dir='ltr'>χό-</span> 
     </span>
     <span class='ocr_line' id='line_1_14' title="bbox 320 1008 1366 1061; baseline 0.001 -14"><span class='ocrx_word' id='word_1_98' title='bbox 320 1012 378 1048; x_wconf 91' lang='grc' dir='ltr'>λον</span> <span class='ocrx_word' id='word_1_99' title='bbox 404 1024 443 1061; x_wconf 90' lang='grc' dir='ltr'>γε</span> <span class='ocrx_word' id='word_1_100' title='bbox 470 1008 529 1048; x_wconf 85' lang='grc' dir='ltr'>καὶ</span> <span class='ocrx_word' id='word_1_101' title='bbox 549 1010 712 1061; x_wconf 78' lang='grc' dir='ltr'>αὐτῆμαρ</span> <span class='ocrx_word' id='word_1_102' title='bbox 738 1011 942 1061; x_wconf 76' lang='grc' dir='ltr'>καταπέψῃ,</span> <span class='ocrx_word' id='word_1_103' title='bbox 966 1008 1058 1047; x_wconf 82' lang='grc' dir='ltr'>ἀλλά</span> <span class='ocrx_word' id='word_1_104' title='bbox 1078 1024 1116 1060; x_wconf 86' lang='grc' dir='ltr'>γε</span> <span class='ocrx_word' id='word_1_105' title='bbox 1136 1009 1196 1047; x_wconf 86' lang='grc' dir='ltr'>καὶ</span> <span class='ocrx_word' id='word_1_106' title='bbox 1222 1010 1366 1060; x_wconf 88' lang='grc' dir='ltr'>μετόπι-</span> 
     </span>
     <span class='ocr_line' id='line_1_15' title="bbox 322 1067 1359 1122; baseline 0 -15"><span class='ocrx_word' id='word_1_107' title='bbox 322 1074 399 1108; x_wconf 78' lang='grc' dir='ltr'>σθεν</span> <span class='ocrx_word' id='word_1_108' title='bbox 423 1069 497 1122; x_wconf 77' lang='grc' dir='ltr'>ἔχει</span> <span class='ocrx_word' id='word_1_109' title='bbox 526 1068 625 1108; x_wconf 81' lang='grc' dir='ltr'>κότον</span> <span class='ocrx_word' id='word_1_110' title='bbox 652 1068 741 1121; x_wconf 74' lang='grc' dir='ltr'>ὄφρα</span> <span class='ocrx_word' id='word_1_111' title='bbox 771 1067 935 1120; x_wconf 80' lang='grc' dir='ltr'><strong>τελέσσῃ.</strong></span> <span class='ocrx_word' id='word_1_112' title='bbox 966 1068 1147 1107; x_wconf 81' lang='lat' dir='ltr'>Ciceroni</span> <span class='ocrx_word' id='word_1_113' title='bbox 1165 1069 1283 1109; x_wconf 88' lang='lat' dir='ltr'>Tusc.</span> <span class='ocrx_word' id='word_1_114' title='bbox 1309 1070 1359 1108; x_wconf 89' lang='lat' dir='ltr'>lv</span> 
     </span>
    </p>
   </div>
   <div class='ocr_carea' id='block_1_4' title="bbox 322 1127 1400 1179">
    <p class='ocr_par' dir='ltr' id='par_1_4' title="bbox 322 1127 1400 1179">
     <span class='ocr_line' id='line_1_16' title="bbox 322 1127 1400 1179; baseline 0.001 -13"><span class='ocrx_word' id='word_1_115' title='bbox 322 1143 346 1179; x_wconf 91' lang='lat'>9</span> <span class='ocrx_word' id='word_1_116' title='bbox 361 1131 485 1166; x_wconf 84' lang='lat' dir='ltr'>odium</span> <span class='ocrx_word' id='word_1_117' title='bbox 501 1137 558 1166; x_wconf 89' lang='lat' dir='ltr'>est</span> <span class='ocrx_word' id='word_1_118' title='bbox 572 1129 632 1166; x_wconf 90' lang='lat' dir='ltr'>ira</span> <span class='ocrx_word' id='word_1_119' title='bbox 647 1128 874 1167; x_wconf 85' lang='lat' dir='ltr'>inveterata.</span> <span class='ocrx_word' id='word_1_120' title='bbox 893 1128 1001 1166; x_wconf 85' lang='lat' dir='ltr'>Idem</span> <span class='ocrx_word' id='word_1_121' title='bbox 1019 1127 1119 1166; x_wconf 87' lang='grc' dir='ltr'>κότον</span> <span class='ocrx_word' id='word_1_122' title='bbox 1137 1129 1221 1167; x_wconf 87' lang='lat' dir='ltr'>sive</span> <span class='ocrx_word' id='word_1_123' title='bbox 1241 1134 1365 1167; x_wconf 80' lang='lat' dir='ltr'>inimi-</span> <span class='ocrx_word' id='word_1_124' title='bbox 1398 1143 1400 1163; x_wconf 66' lang='grc' dir='ltr'><em>ε</em></span> 
     </span>
    </p>
   </div>
   <div class='ocr_carea' id='block_1_5' title="bbox 274 1186 1383 3542">
    <p class='ocr_par' dir='ltr' id='par_1_5' title="bbox 274 1186 1383 3542">
     <span class='ocr_line' id='line_1_17' title="bbox 280 1186 1363 1238; baseline 0.002 -14"><span class='ocrx_word' id='word_1_125' title='bbox 280 1233 282 1236; x_wconf 13' lang='lat' dir='ltr'>y</span> <span class='ocrx_word' id='word_1_126' title='bbox 320 1192 446 1224; x_wconf 77' lang='lat' dir='ltr'>citiam</span> <span class='ocrx_word' id='word_1_127' title='bbox 466 1200 548 1225; x_wconf 90' lang='lat' dir='ltr'>esse</span> <span class='ocrx_word' id='word_1_128' title='bbox 578 1188 662 1224; x_wconf 88' lang='lat' dir='ltr'>vult</span> <span class='ocrx_word' id='word_1_129' title='bbox 689 1187 786 1224; x_wconf 89' lang='lat' dir='ltr'>iram</span> <span class='ocrx_word' id='word_1_130' title='bbox 808 1186 1022 1225; x_wconf 91' lang='lat' dir='ltr'>ulciscendi</span> <span class='ocrx_word' id='word_1_131' title='bbox 1044 1195 1197 1238; x_wconf 88' lang='lat' dir='ltr'>tempus</span> <span class='ocrx_word' id='word_1_132' title='bbox 1226 1187 1363 1226; x_wconf 90' lang='lat' dir='ltr'>obser-</span> 
     </span>
     <span class='ocr_line' id='line_1_18' title="bbox 320 1244 1367 1299; baseline 0 -15"><span class='ocrx_word' id='word_1_133' title='bbox 320 1255 490 1290; x_wconf 76' lang='lat' dir='ltr'>vantem,</span> <span class='ocrx_word' id='word_1_134' title='bbox 509 1268 561 1275; x_wconf 97' lang='lat'><strong>—</strong></span> <span class='ocrx_word' id='word_1_135' title='bbox 582 1244 633 1268; x_wconf 69' lang='grc'>’66</span> <span class='ocrx_word' id='word_1_136' title='bbox 656 1246 773 1295; x_wconf 87' lang='lat' dir='ltr'>Diog.</span> <span class='ocrx_word' id='word_1_137' title='bbox 802 1248 929 1285; x_wconf 87' lang='lat' dir='ltr'>Laert.</span> <span class='ocrx_word' id='word_1_138' title='bbox 950 1244 1038 1295; x_wconf 83' lang='lat' dir='ltr'>vll,</span> <span class='ocrx_word' id='word_1_139' title='bbox 1070 1247 1142 1283; x_wconf 81' lang='lat'>113</span> <span class='ocrx_word' id='word_1_140' title='bbox 1169 1261 1177 1284; x_wconf 92' lang='lat'>:</span> <span class='ocrx_word' id='word_1_141' title='bbox 1204 1245 1278 1286; x_wconf 84' lang='grc' dir='ltr'>ἔστι</span> <span class='ocrx_word' id='word_1_142' title='bbox 1299 1246 1367 1299; x_wconf 85' lang='grc' dir='ltr'>γὰρ</span> 
     </span>
     <span class='ocr_line' id='line_1_19' title="bbox 320 1302 1364 1361; baseline -0.001 -17"><span class='ocrx_word' id='word_1_143' title='bbox 320 1306 361 1357; x_wconf 83' lang='grc' dir='ltr'>(ὁ</span> <span class='ocrx_word' id='word_1_144' title='bbox 380 1305 486 1358; x_wconf 87' lang='grc' dir='ltr'>ἔρως)</span> <span class='ocrx_word' id='word_1_145' title='bbox 509 1304 655 1351; x_wconf 70' lang='grc' dir='ltr'>ἕπιὸολὴ</span> <span class='ocrx_word' id='word_1_146' title='bbox 678 1303 874 1357; x_wconf 73' lang='grc' dir='ltr'>φιλοποιίας</span> <span class='ocrx_word' id='word_1_147' title='bbox 902 1302 970 1358; x_wconf 85' lang='lat' dir='ltr'>[al.</span> <span class='ocrx_word' id='word_1_148' title='bbox 997 1305 1096 1342; x_wconf 87' lang='lat' dir='ltr'>male</span> <span class='ocrx_word' id='word_1_149' title='bbox 1125 1305 1364 1361; x_wconf 82' lang='grc' dir='ltr'>φιλευποιίας]</span> 
     </span>
     <span class='ocr_line' id='line_1_20' title="bbox 320 1363 1364 1418; baseline 0 -14"><span class='ocrx_word' id='word_1_150' title='bbox 320 1365 378 1405; x_wconf 83' lang='grc' dir='ltr'>διὰ</span> <span class='ocrx_word' id='word_1_151' title='bbox 408 1366 535 1409; x_wconf 82' lang='grc' dir='ltr'>κάλλος</span> <span class='ocrx_word' id='word_1_152' title='bbox 562 1364 828 1418; x_wconf 84' lang='grc' dir='ltr'>ἐμφαινόμενον.</span> <span class='ocrx_word' id='word_1_153' title='bbox 859 1366 997 1402; x_wconf 84' lang='lat' dir='ltr'>Sextus</span> <span class='ocrx_word' id='word_1_154' title='bbox 1022 1363 1244 1416; x_wconf 80' lang='lat' dir='ltr'>Empirieus</span> <span class='ocrx_word' id='word_1_155' title='bbox 1274 1367 1364 1408; x_wconf 86' lang='lat' dir='ltr'>adv.</span> 
     </span>
     <span class='ocr_line' id='line_1_21' title="bbox 320 1422 1368 1477; baseline 0.001 -15"><span class='ocrx_word' id='word_1_156' title='bbox 320 1425 453 1466; x_wconf 79' lang='lat' dir='ltr'>Matth.</span> <span class='ocrx_word' id='word_1_157' title='bbox 476 1439 515 1477; x_wconf 89' lang='lat' dir='ltr'>p.</span> <span class='ocrx_word' id='word_1_158' title='bbox 542 1425 612 1462; x_wconf 80' lang='lat'>182</span> <span class='ocrx_word' id='word_1_159' title='bbox 635 1439 643 1462; x_wconf 72' lang='grc' dir='ltr'>ε</span> <span class='ocrx_word' id='word_1_160' title='bbox 672 1426 718 1468; x_wconf 83' lang='grc' dir='ltr'>ὡς</span> <span class='ocrx_word' id='word_1_161' title='bbox 739 1422 806 1475; x_wconf 82' lang='grc' dir='ltr'>γὰρ</span> <span class='ocrx_word' id='word_1_162' title='bbox 826 1425 843 1461; x_wconf 85' lang='grc' dir='ltr'>ὁ</span> <span class='ocrx_word' id='word_1_163' title='bbox 869 1423 979 1473; x_wconf 85' lang='grc' dir='ltr'>λέγων</span> <span class='ocrx_word' id='word_1_164' title='bbox 996 1422 1053 1461; x_wconf 82' lang='grc' dir='ltr'>τὸν</span> <span class='ocrx_word' id='word_1_165' title='bbox 1074 1422 1187 1476; x_wconf 86' lang='grc' dir='ltr'>ἔρωτα</span> <span class='ocrx_word' id='word_1_166' title='bbox 1202 1424 1368 1472; x_wconf 75' lang='grc' dir='ltr'>ἔπιὸολὴν</span> 
     </span>
     <span class='ocr_line' id='line_1_22' title="bbox 321 1479 1369 1539; baseline 0 -15"><span class='ocrx_word' id='word_1_167' title='bbox 321 1479 408 1524; x_wconf 78' lang='grc' dir='ltr'>εἶναι</span> <span class='ocrx_word' id='word_1_168' title='bbox 422 1483 616 1539; x_wconf 79' lang='grc' dir='ltr'>φιλοποιίας</span> <span class='ocrx_word' id='word_1_169' title='bbox 629 1486 706 1524; x_wconf 89' lang='grc' dir='ltr'>κτλ.</span> <span class='ocrx_word' id='word_1_170' title='bbox 724 1483 1023 1523; x_wconf 88' lang='lat' dir='ltr'>CiceroTuscul.</span> <span class='ocrx_word' id='word_1_171' title='bbox 1041 1483 1107 1534; x_wconf 87' lang='lat' dir='ltr'>lv,</span> <span class='ocrx_word' id='word_1_172' title='bbox 1129 1484 1176 1528; x_wconf 79' lang='grc'>34</span> <span class='ocrx_word' id='word_1_173' title='bbox 1198 1499 1206 1522; x_wconf 92' lang='lat'>:</span> <span class='ocrx_word' id='word_1_174' title='bbox 1221 1483 1369 1524; x_wconf 78' lang='lat' dir='ltr'>«Stoici</span> 
     </span>
     <span class='ocr_line' id='line_1_23' title="bbox 274 1542 1370 1595; baseline 0 -13"><span class='ocrx_word' id='word_1_175' title='bbox 274 1575 277 1578; x_wconf 64' lang='grc'>,</span> <span class='ocrx_word' id='word_1_176' title='bbox 320 1557 414 1582; x_wconf 89' lang='lat' dir='ltr'>vero</span> <span class='ocrx_word' id='word_1_177' title='bbox 448 1553 486 1582; x_wconf 89' lang='lat' dir='ltr'>et</span> <span class='ocrx_word' id='word_1_178' title='bbox 516 1544 726 1595; x_wconf 87' lang='lat' dir='ltr'>sapientem</span> <span class='ocrx_word' id='word_1_179' title='bbox 763 1551 980 1581; x_wconf 86' lang='lat' dir='ltr'>amaturum</span> <span class='ocrx_word' id='word_1_180' title='bbox 1021 1555 1104 1580; x_wconf 88' lang='lat' dir='ltr'>esse</span> <span class='ocrx_word' id='word_1_181' title='bbox 1133 1542 1296 1592; x_wconf 91' lang='lat' dir='ltr'>dicunt;</span> <span class='ocrx_word' id='word_1_182' title='bbox 1331 1553 1370 1582; x_wconf 88' lang='lat' dir='ltr'>et</span> 
     </span>
     <span class='ocr_line' id='line_1_24' title="bbox 322 1601 1367 1654; baseline 0.001 -13"><span class='ocrx_word' id='word_1_183' title='bbox 322 1616 491 1641; x_wconf 88' lang='lat' dir='ltr'>amorem</span> <span class='ocrx_word' id='word_1_184' title='bbox 521 1603 646 1654; x_wconf 89' lang='lat' dir='ltr'>ipsum</span> <span class='ocrx_word' id='word_1_185' title='bbox 667 1630 677 1649; x_wconf 96' lang='lat'>,</span> <span class='ocrx_word' id='word_1_186' title='bbox 701 1610 882 1640; x_wconf 89' lang='lat' dir='ltr'>conatum</span> <span class='ocrx_word' id='word_1_187' title='bbox 903 1601 1086 1639; x_wconf 84' lang='lat' dir='ltr'>amicitiae</span> <span class='ocrx_word' id='word_1_188' title='bbox 1112 1601 1302 1641; x_wconf 88' lang='lat' dir='ltr'>faciundae</span> <span class='ocrx_word' id='word_1_189' title='bbox 1321 1616 1367 1642; x_wconf 88' lang='lat' dir='ltr'>ex</span> 
     </span>
     <span class='ocr_line' id='line_1_25' title="bbox 321 1660 1368 1715; baseline 0.001 -14"><span class='ocrx_word' id='word_1_190' title='bbox 321 1663 624 1715; x_wconf 81' lang='lat' dir='ltr'>pulchritudinis</span> <span class='ocrx_word' id='word_1_191' title='bbox 651 1662 778 1713; x_wconf 87' lang='lat' dir='ltr'>specie</span> <span class='ocrx_word' id='word_1_192' title='bbox 803 1661 1011 1700; x_wconf 86' lang='lat' dir='ltr'>definiunt.</span> <span class='ocrx_word' id='word_1_193' title='bbox 1045 1678 1059 1693; x_wconf 73' lang='grc' dir='ltr'><strong>υ</strong></span> <span class='ocrx_word' id='word_1_194' title='bbox 1075 1682 1128 1690; x_wconf 94' lang='grc'>-</span> <span class='ocrx_word' id='word_1_195' title='bbox 1149 1660 1199 1684; x_wconf 88' lang='grc'>’69</span> <span class='ocrx_word' id='word_1_196' title='bbox 1220 1664 1368 1713; x_wconf 89' lang='lat' dir='ltr'>Scripsi</span> 
     </span>
     <span class='ocr_line' id='line_1_26' title="bbox 323 1719 1369 1774; baseline 0 -14"><span class='ocrx_word' id='word_1_197' title='bbox 323 1722 396 1771; x_wconf 87' lang='grc' dir='ltr'>ἔτι;</span> <span class='ocrx_word' id='word_1_198' title='bbox 415 1723 527 1762; x_wconf 87' lang='lat' dir='ltr'>codd.</span> <span class='ocrx_word' id='word_1_199' title='bbox 546 1721 695 1774; x_wconf 84' lang='grc' dir='ltr'>Ἔρωτι.</span> <span class='ocrx_word' id='word_1_200' title='bbox 719 1721 856 1759; x_wconf 86' lang='lat' dir='ltr'>Cicero</span> <span class='ocrx_word' id='word_1_201' title='bbox 876 1720 910 1758; x_wconf 90' lang='grc' dir='ltr'><strong>Τ</strong></span> <span class='ocrx_word' id='word_1_202' title='bbox 912 1734 992 1759; x_wconf 89' lang='lat' dir='ltr'>usc.</span> <span class='ocrx_word' id='word_1_203' title='bbox 1016 1719 1081 1767; x_wconf 88' lang='lat' dir='ltr'>lv,</span> <span class='ocrx_word' id='word_1_204' title='bbox 1099 1734 1123 1770; x_wconf 85' lang='lat'>9</span> <span class='ocrx_word' id='word_1_205' title='bbox 1144 1721 1260 1759; x_wconf 82' lang='lat' dir='ltr'>tradit</span> <span class='ocrx_word' id='word_1_206' title='bbox 1274 1725 1369 1760; x_wconf 77' lang='lat' dir='ltr'>desi-</span> 
     </span>
     <span class='ocr_line' id='line_1_27' title="bbox 322 1779 1368 1831; baseline -0.001 -10"><span class='ocrx_word' id='word_1_207' title='bbox 322 1787 464 1821; x_wconf 81' lang='lat' dir='ltr'>derium</span> <span class='ocrx_word' id='word_1_208' title='bbox 489 1794 572 1821; x_wconf 85' lang='lat' dir='ltr'>esse</span> <span class='ocrx_word' id='word_1_209' title='bbox 602 1781 807 1819; x_wconf 87' lang='lat' dir='ltr'>libidinem</span> <span class='ocrx_word' id='word_1_210' title='bbox 842 1780 928 1831; x_wconf 89' lang='lat' dir='ltr'>ejus</span> <span class='ocrx_word' id='word_1_211' title='bbox 957 1779 1026 1831; x_wconf 90' lang='lat' dir='ltr'>qui</span> <span class='ocrx_word' id='word_1_212' title='bbox 1060 1779 1234 1818; x_wconf 89' lang='lat' dir='ltr'>nondum</span> <span class='ocrx_word' id='word_1_213' title='bbox 1268 1781 1368 1820; x_wconf 83' lang='lat' dir='ltr'>adsit</span> 
     </span>
     <span class='ocr_line' id='line_1_28' title="bbox 323 1837 1369 1891; baseline -0.002 -11"><span class='ocrx_word' id='word_1_214' title='bbox 323 1842 497 1880; x_wconf 87' lang='lat' dir='ltr'>videndi.</span> <span class='ocrx_word' id='word_1_215' title='bbox 534 1862 584 1870; x_wconf 93' lang='lat'>—</span> <span class='ocrx_word' id='word_1_216' title='bbox 614 1839 665 1862; x_wconf 81' lang='lat'>⁴⁷⁰</span> <span class='ocrx_word' id='word_1_217' title='bbox 686 1839 800 1889; x_wconf 85' lang='lat' dir='ltr'>Diog.</span> <span class='ocrx_word' id='word_1_218' title='bbox 822 1842 951 1878; x_wconf 82' lang='lat' dir='ltr'>Laert.</span> <span class='ocrx_word' id='word_1_219' title='bbox 982 1837 1067 1885; x_wconf 88' lang='lat' dir='ltr'>VII,</span> <span class='ocrx_word' id='word_1_220' title='bbox 1095 1838 1165 1875; x_wconf 87' lang='lat'>113</span> <span class='ocrx_word' id='word_1_221' title='bbox 1189 1853 1198 1876; x_wconf 72' lang='grc' dir='ltr'>ε</span> <span class='ocrx_word' id='word_1_222' title='bbox 1225 1838 1369 1891; x_wconf 73' lang='grc' dir='ltr'>θόρυὸος</span> 
     </span>
     <span class='ocr_line' id='line_1_29' title="bbox 323 1896 1367 1954; baseline -0.002 -14"><span class='ocrx_word' id='word_1_223' title='bbox 323 1902 372 1949; x_wconf 85' lang='grc' dir='ltr'>δέ,</span> <span class='ocrx_word' id='word_1_224' title='bbox 407 1900 510 1954; x_wconf 73' lang='grc' dir='ltr'>φόὸος</span> <span class='ocrx_word' id='word_1_225' title='bbox 541 1898 631 1950; x_wconf 83' lang='grc' dir='ltr'>μετὰ</span> <span class='ocrx_word' id='word_1_226' title='bbox 675 1896 903 1943; x_wconf 77' lang='grc' dir='ltr'>κατεπείξεως</span> <span class='ocrx_word' id='word_1_227' title='bbox 931 1899 1062 1950; x_wconf 78' lang='grc' dir='ltr'>φωνῆς.</span> <span class='ocrx_word' id='word_1_228' title='bbox 1092 1918 1145 1930; x_wconf 86' lang='lat'>—-</span> <span class='ocrx_word' id='word_1_229' title='bbox 1172 1896 1217 1919; x_wconf 81' lang='lat'>¹⁷¹</span> <span class='ocrx_word' id='word_1_230' title='bbox 1249 1899 1367 1949; x_wconf 84' lang='lat' dir='ltr'>Diog.</span> 
     </span>
     <span class='ocr_line' id='line_1_30' title="bbox 323 1952 1369 2009; baseline -0.004 -9"><span class='ocrx_word' id='word_1_231' title='bbox 323 1965 448 2001; x_wconf 87' lang='lat' dir='ltr'>Laert.</span> <span class='ocrx_word' id='word_1_232' title='bbox 468 1959 555 2009; x_wconf 84' lang='lat' dir='ltr'>Vll,</span> <span class='ocrx_word' id='word_1_233' title='bbox 585 1973 656 1997; x_wconf 81' lang='lat'>112</span> <span class='ocrx_word' id='word_1_234' title='bbox 679 1973 687 1996; x_wconf 91' lang='lat'><strong>:</strong></span> <span class='ocrx_word' id='word_1_235' title='bbox 709 1958 813 2009; x_wconf 85' lang='grc' dir='ltr'>δεῖμα</span> <span class='ocrx_word' id='word_1_236' title='bbox 830 1957 892 2009; x_wconf 82' lang='grc' dir='ltr'>μὲν</span> <span class='ocrx_word' id='word_1_237' title='bbox 914 1952 971 1995; x_wconf 68' lang='grc' dir='ltr'>οἶν</span> <span class='ocrx_word' id='word_1_238' title='bbox 994 1958 1068 1995; x_wconf 82' lang='grc' dir='ltr'>ἐστι</span> <span class='ocrx_word' id='word_1_239' title='bbox 1093 1955 1198 2009; x_wconf 75' lang='grc' dir='ltr'>φόὸος</span> <span class='ocrx_word' id='word_1_240' title='bbox 1219 1957 1292 2001; x_wconf 88' lang='grc' dir='ltr'>δέος</span> <span class='ocrx_word' id='word_1_241' title='bbox 1313 1959 1369 2008; x_wconf 78' lang='grc' dir='ltr'>ἐμ·</span> 
     </span>
     <span class='ocr_line' id='line_1_31' title="bbox 323 2015 1371 2067; baseline -0.003 -9"><span class='ocrx_word' id='word_1_242' title='bbox 323 2022 444 2059; x_wconf 81' lang='grc' dir='ltr'>ποιῶν.</span> <span class='ocrx_word' id='word_1_243' title='bbox 460 2041 514 2049; x_wconf 95' lang='grc'>-</span> <span class='ocrx_word' id='word_1_244' title='bbox 532 2017 581 2041; x_wconf 75' lang='lat'>‘⁷²</span> <span class='ocrx_word' id='word_1_245' title='bbox 605 2020 720 2067; x_wconf 84' lang='lat' dir='ltr'>Diog.</span> <span class='ocrx_word' id='word_1_246' title='bbox 741 2016 830 2064; x_wconf 87' lang='lat' dir='ltr'>Vll,</span> <span class='ocrx_word' id='word_1_247' title='bbox 855 2031 923 2054; x_wconf 83' lang='grc' dir='ltr'>ιιι</span> <span class='ocrx_word' id='word_1_248' title='bbox 948 2031 957 2054; x_wconf 91' lang='lat'>:</span> <span class='ocrx_word' id='word_1_249' title='bbox 980 2017 1082 2061; x_wconf 81' lang='grc' dir='ltr'>ζῆλον</span> <span class='ocrx_word' id='word_1_250' title='bbox 1104 2015 1156 2064; x_wconf 80' lang='grc' dir='ltr'>δέ,</span> <span class='ocrx_word' id='word_1_251' title='bbox 1177 2015 1291 2064; x_wconf 85' lang='grc' dir='ltr'>λύπην</span> <span class='ocrx_word' id='word_1_252' title='bbox 1313 2016 1371 2055; x_wconf 80' lang='grc' dir='ltr'>ἐπὶ</span> 
     </span>
     <span class='ocr_line' id='line_1_32' title="bbox 323 2070 1369 2132; baseline -0.004 -14"><span class='ocrx_word' id='word_1_253' title='bbox 323 2080 374 2132; x_wconf 78' lang='grc' dir='ltr'>τῷ</span> <span class='ocrx_word' id='word_1_254' title='bbox 393 2078 489 2131; x_wconf 84' lang='grc' dir='ltr'>ἄλλῳ</span> <span class='ocrx_word' id='word_1_255' title='bbox 509 2077 671 2129; x_wconf 79' lang='grc' dir='ltr'>παρεῖναι</span> <span class='ocrx_word' id='word_1_256' title='bbox 691 2070 739 2115; x_wconf 66' lang='grc' dir='ltr'>ὧν</span> <span class='ocrx_word' id='word_1_257' title='bbox 761 2075 862 2119; x_wconf 78' lang='grc' dir='ltr'>αὐτὸς</span> <span class='ocrx_word' id='word_1_258' title='bbox 877 2078 1051 2125; x_wconf 53' lang='lat' dir='ltr'>intentui·</span> <span class='ocrx_word' id='word_1_259' title='bbox 1074 2074 1288 2122; x_wconf 84' lang='grc' dir='ltr'>ζηλοτυπίαν</span> <span class='ocrx_word' id='word_1_260' title='bbox 1308 2076 1369 2126; x_wconf 85' lang='grc' dir='ltr'>δέ,</span> 
     </span>
     <span class='ocr_line' id='line_1_33' title="bbox 324 2133 1373 2190; baseline -0.002 -14"><span class='ocrx_word' id='word_1_261' title='bbox 324 2137 437 2184; x_wconf 82' lang='grc' dir='ltr'>λύπην</span> <span class='ocrx_word' id='word_1_262' title='bbox 457 2137 515 2176; x_wconf 81' lang='grc' dir='ltr'>ἐπὶ</span> <span class='ocrx_word' id='word_1_263' title='bbox 540 2139 589 2190; x_wconf 81' lang='grc' dir='ltr'>τῷ</span> <span class='ocrx_word' id='word_1_264' title='bbox 618 2135 714 2189; x_wconf 85' lang='grc' dir='ltr'>ἄλλῳ</span> <span class='ocrx_word' id='word_1_265' title='bbox 739 2141 902 2187; x_wconf 87' lang='grc' dir='ltr'>παρεῖναι</span> <span class='ocrx_word' id='word_1_266' title='bbox 935 2133 957 2172; x_wconf 85' lang='grc' dir='ltr'>ἃ</span> <span class='ocrx_word' id='word_1_267' title='bbox 983 2134 1043 2172; x_wconf 85' lang='grc' dir='ltr'>καὶ</span> <span class='ocrx_word' id='word_1_268' title='bbox 1076 2133 1178 2178; x_wconf 78' lang='grc' dir='ltr'>αὐτὸς</span> <span class='ocrx_word' id='word_1_269' title='bbox 1209 2133 1296 2187; x_wconf 87' lang='grc' dir='ltr'>ἔχει.</span> <span class='ocrx_word' id='word_1_270' title='bbox 1320 2157 1373 2166; x_wconf 90' lang='grc'>-</span> 
     </span>
     <span class='ocr_line' id='line_1_34' title="bbox 327 2192 1366 2244; baseline 0 -9"><span class='ocrx_word' id='word_1_271' title='bbox 327 2195 377 2220; x_wconf 76' lang='grc'>’73</span> <span class='ocrx_word' id='word_1_272' title='bbox 389 2197 500 2238; x_wconf 82' lang='lat' dir='ltr'>Conf.</span> <span class='ocrx_word' id='word_1_273' title='bbox 513 2196 640 2235; x_wconf 82' lang='lat' dir='ltr'>Cicer.</span> <span class='ocrx_word' id='word_1_274' title='bbox 655 2194 813 2233; x_wconf 86' lang='lat' dir='ltr'>Tuscul.</span> <span class='ocrx_word' id='word_1_275' title='bbox 827 2193 893 2241; x_wconf 87' lang='lat' dir='ltr'>IV,</span> <span class='ocrx_word' id='word_1_276' title='bbox 912 2208 926 2231; x_wconf 91' lang='lat'>1</span> <span class='ocrx_word' id='word_1_277' title='bbox 938 2207 952 2231; x_wconf 95' lang='lat'>1</span> <span class='ocrx_word' id='word_1_278' title='bbox 963 2215 1030 2232; x_wconf 92' lang='lat'>.—</span> <span class='ocrx_word' id='word_1_279' title='bbox 1048 2192 1095 2220; x_wconf 74' lang='lat'>&#39;⁷⁴</span> <span class='ocrx_word' id='word_1_280' title='bbox 1111 2194 1224 2244; x_wconf 86' lang='lat' dir='ltr'>Diog.</span> <span class='ocrx_word' id='word_1_281' title='bbox 1240 2198 1366 2235; x_wconf 84' lang='lat' dir='ltr'>Laert.</span> 
     </span>
     <span class='ocr_line' id='line_1_35' title="bbox 326 2251 1372 2305; baseline -0.004 -10"><span class='ocrx_word' id='word_1_282' title='bbox 326 2256 412 2304; x_wconf 84' lang='lat' dir='ltr'>Vll,</span> <span class='ocrx_word' id='word_1_283' title='bbox 439 2270 454 2294; x_wconf 74' lang='grc' dir='ltr'>ι</span> <span class='ocrx_word' id='word_1_284' title='bbox 468 2271 479 2293; x_wconf 88' lang='grc' dir='ltr'>ι</span> <span class='ocrx_word' id='word_1_285' title='bbox 490 2257 510 2293; x_wconf 82' lang='grc'>3</span> <span class='ocrx_word' id='word_1_286' title='bbox 527 2271 536 2294; x_wconf 88' lang='grc'>;</span> <span class='ocrx_word' id='word_1_287' title='bbox 551 2254 728 2292; x_wconf 87' lang='grc' dir='ltr'>πολιτείαν</span> <span class='ocrx_word' id='word_1_288' title='bbox 745 2254 780 2291; x_wconf 80' lang='grc' dir='ltr'>δὲ</span> <span class='ocrx_word' id='word_1_289' title='bbox 799 2253 961 2305; x_wconf 80' lang='grc' dir='ltr'>ἀρίστην,</span> <span class='ocrx_word' id='word_1_290' title='bbox 977 2253 1039 2299; x_wconf 82' lang='grc' dir='ltr'>τὴν</span> <span class='ocrx_word' id='word_1_291' title='bbox 1061 2251 1187 2303; x_wconf 83' lang='grc' dir='ltr'>μικτὴν</span> <span class='ocrx_word' id='word_1_292' title='bbox 1203 2254 1242 2290; x_wconf 83' lang='grc' dir='ltr'>ἐκ</span> <span class='ocrx_word' id='word_1_293' title='bbox 1258 2253 1372 2303; x_wconf 85' lang='grc' dir='ltr'>δημο-</span> 
     </span>
     <span class='ocr_line' id='line_1_36' title="bbox 327 2311 1370 2370; baseline -0.003 -15"><span class='ocrx_word' id='word_1_294' title='bbox 327 2316 472 2370; x_wconf 88' lang='grc' dir='ltr'>κρατίας</span> <span class='ocrx_word' id='word_1_295' title='bbox 483 2315 544 2354; x_wconf 78' lang='grc' dir='ltr'>καὶ</span> <span class='ocrx_word' id='word_1_296' title='bbox 554 2313 731 2367; x_wconf 83' lang='grc' dir='ltr'>βασιλείας</span> <span class='ocrx_word' id='word_1_297' title='bbox 740 2312 800 2351; x_wconf 79' lang='grc' dir='ltr'>καὶ</span> <span class='ocrx_word' id='word_1_298' title='bbox 810 2311 1092 2365; x_wconf 81' lang='grc' dir='ltr'>ἀριστοκρατίας.</span> <span class='ocrx_word' id='word_1_299' title='bbox 1105 2312 1168 2340; x_wconf 83' lang='lat'>·—¹</span> <span class='ocrx_word' id='word_1_300' title='bbox 1176 2311 1209 2335; x_wconf 84' lang='lat'>75</span> <span class='ocrx_word' id='word_1_301' title='bbox 1220 2311 1370 2365; x_wconf 81' lang='lat' dir='ltr'>Scripsi</span> 
     </span>
     <span class='ocr_line' id='line_1_37' title="bbox 330 2371 1371 2427; baseline -0.004 -12"><span class='ocrx_word' id='word_1_302' title='bbox 330 2377 419 2427; x_wconf 81' lang='grc' dir='ltr'>μηδὲ</span> <span class='ocrx_word' id='word_1_303' title='bbox 447 2374 621 2426; x_wconf 87' lang='grc' dir='ltr'>νομίζειν;</span> <span class='ocrx_word' id='word_1_304' title='bbox 658 2373 770 2412; x_wconf 92' lang='lat' dir='ltr'>codd.</span> <span class='ocrx_word' id='word_1_305' title='bbox 803 2371 862 2410; x_wconf 76' lang='grc' dir='ltr'>καὶ</span> <span class='ocrx_word' id='word_1_306' title='bbox 884 2371 1051 2421; x_wconf 85' lang='grc' dir='ltr'>νομίζειν.</span> <span class='ocrx_word' id='word_1_307' title='bbox 1075 2371 1266 2409; x_wconf 86' lang='lat' dir='ltr'>Caeterum</span> <span class='ocrx_word' id='word_1_308' title='bbox 1284 2386 1371 2424; x_wconf 88' lang='lat' dir='ltr'>quae</span> 
     </span>
     <span class='ocr_line' id='line_1_38' title="bbox 328 2431 1373 2474; baseline -0.003 0"><span class='ocrx_word' id='word_1_309' title='bbox 328 2435 393 2474; x_wconf 87' lang='lat' dir='ltr'>hic</span> <span class='ocrx_word' id='word_1_310' title='bbox 412 2435 459 2473; x_wconf 85' lang='lat' dir='ltr'>de</span> <span class='ocrx_word' id='word_1_311' title='bbox 474 2433 648 2472; x_wconf 87' lang='lat' dir='ltr'>amicitia</span> <span class='ocrx_word' id='word_1_312' title='bbox 658 2432 842 2470; x_wconf 88' lang='lat' dir='ltr'>dicuntur</span> <span class='ocrx_word' id='word_1_313' title='bbox 862 2431 1101 2469; x_wconf 80' lang='lat' dir='ltr'>conveniunt</span> <span class='ocrx_word' id='word_1_314' title='bbox 1116 2444 1202 2468; x_wconf 91' lang='lat' dir='ltr'>cum</span> <span class='ocrx_word' id='word_1_315' title='bbox 1221 2432 1373 2471; x_wconf 86' lang='lat' dir='ltr'>Senecae</span> 
     </span>
     <span class='ocr_line' id='line_1_39' title="bbox 330 2489 1374 2546; baseline -0.003 -13"><span class='ocrx_word' id='word_1_316' title='bbox 330 2496 441 2546; x_wconf 89' lang='lat' dir='ltr'>epist.</span> <span class='ocrx_word' id='word_1_317' title='bbox 473 2507 511 2543; x_wconf 91' lang='lat'>9.</span> <span class='ocrx_word' id='word_1_318' title='bbox 538 2514 591 2522; x_wconf 91' lang='lat'>—-</span> <span class='ocrx_word' id='word_1_319' title='bbox 617 2490 666 2513; x_wconf 88' lang='grc'>’76</span> <span class='ocrx_word' id='word_1_320' title='bbox 705 2490 908 2529; x_wconf 81' lang='lat' dir='ltr'>Pei-tinent</span> <span class='ocrx_word' id='word_1_321' title='bbox 950 2489 1031 2527; x_wconf 86' lang='lat' dir='ltr'>haec</span> <span class='ocrx_word' id='word_1_322' title='bbox 1069 2498 1184 2540; x_wconf 85' lang='lat' dir='ltr'>atque</span> <span class='ocrx_word' id='word_1_323' title='bbox 1213 2490 1290 2528; x_wconf 88' lang='lat' dir='ltr'>alia</span> <span class='ocrx_word' id='word_1_324' title='bbox 1324 2494 1374 2530; x_wconf 91' lang='lat' dir='ltr'>ad</span> 
     </span>
     <span class='ocr_line' id='line_1_40' title="bbox 331 2549 1375 2606; baseline -0.002 -14"><span class='ocrx_word' id='word_1_325' title='bbox 331 2554 528 2606; x_wconf 86' lang='lat' dir='ltr'>paradoxa</span> <span class='ocrx_word' id='word_1_326' title='bbox 556 2552 794 2599; x_wconf 86' lang='lat' dir='ltr'>Stoicorum,</span> <span class='ocrx_word' id='word_1_327' title='bbox 831 2551 878 2588; x_wconf 92' lang='lat' dir='ltr'>de</span> <span class='ocrx_word' id='word_1_328' title='bbox 902 2549 1045 2600; x_wconf 82' lang='lat' dir='ltr'>quibus</span> <span class='ocrx_word' id='word_1_329' title='bbox 1077 2550 1199 2587; x_wconf 88' lang='lat' dir='ltr'>multa</span> <span class='ocrx_word' id='word_1_330' title='bbox 1225 2550 1375 2602; x_wconf 89' lang='lat' dir='ltr'>antiqui</span> 
     </span>
     <span class='ocr_line' id='line_1_41' title="bbox 333 2607 1374 2662; baseline -0.003 -12"><span class='ocrx_word' id='word_1_331' title='bbox 333 2613 542 2662; x_wconf 89' lang='lat' dir='ltr'>scriptores</span> <span class='ocrx_word' id='word_1_332' title='bbox 570 2609 849 2647; x_wconf 87' lang='lat' dir='ltr'>disseruerunt.</span> <span class='ocrx_word' id='word_1_333' title='bbox 867 2630 920 2637; x_wconf 89' lang='lat'><strong>—</strong></span> <span class='ocrx_word' id='word_1_334' title='bbox 939 2607 987 2630; x_wconf 91' lang='grc'>’77</span> <span class='ocrx_word' id='word_1_335' title='bbox 1002 2608 1121 2646; x_wconf 88' lang='lat' dir='ltr'>Posui</span> <span class='ocrx_word' id='word_1_336' title='bbox 1145 2608 1214 2646; x_wconf 79' lang='grc' dir='ltr'>οὐδ’</span> <span class='ocrx_word' id='word_1_337' title='bbox 1239 2610 1374 2657; x_wconf 81' lang='grc' dir='ltr'>ἐπιεικῆ</span> 
     </span>
     <span class='ocr_line' id='line_1_42' title="bbox 333 2666 1375 2720; baseline 0 -14"><span class='ocrx_word' id='word_1_338' title='bbox 333 2684 462 2720; x_wconf 85' lang='grc' dir='ltr'>φασιν;</span> <span class='ocrx_word' id='word_1_339' title='bbox 490 2668 603 2706; x_wconf 87' lang='lat' dir='ltr'>codd.</span> <span class='ocrx_word' id='word_1_340' title='bbox 641 2667 703 2705; x_wconf 79' lang='grc' dir='ltr'>οὐκ</span> <span class='ocrx_word' id='word_1_341' title='bbox 735 2667 870 2713; x_wconf 73' lang='grc' dir='ltr'>ἐπιεικῆ</span> <span class='ocrx_word' id='word_1_342' title='bbox 891 2666 927 2704; x_wconf 84' lang='grc' dir='ltr'>δέ</span> <span class='ocrx_word' id='word_1_343' title='bbox 955 2681 1076 2719; x_wconf 85' lang='grc' dir='ltr'>φασιν.</span> <span class='ocrx_word' id='word_1_344' title='bbox 1098 2688 1151 2695; x_wconf 86' lang='grc'><strong>-</strong></span> <span class='ocrx_word' id='word_1_345' title='bbox 1179 2666 1229 2689; x_wconf 80' lang='lat'>¹⁷⁸</span> <span class='ocrx_word' id='word_1_346' title='bbox 1259 2667 1375 2706; x_wconf 79' lang='lat' dir='ltr'>Notio</span> 
     </span>
     <span class='ocr_line' id='line_1_43' title="bbox 333 2725 1372 2778; baseline -0.001 -13"><span class='ocrx_word' id='word_1_347' title='bbox 333 2730 402 2766; x_wconf 84' lang='grc' dir='ltr'>τῶν</span> <span class='ocrx_word' id='word_1_348' title='bbox 433 2725 712 2778; x_wconf 84' lang='grc' dir='ltr'>κατορθωμάτων</span> <span class='ocrx_word' id='word_1_349' title='bbox 747 2725 862 2762; x_wconf 91' lang='lat' dir='ltr'>latius</span> <span class='ocrx_word' id='word_1_350' title='bbox 895 2733 997 2775; x_wconf 83' lang='lat' dir='ltr'>patet</span> <span class='ocrx_word' id='word_1_351' title='bbox 1031 2738 1146 2775; x_wconf 85' lang='lat' dir='ltr'>quam</span> <span class='ocrx_word' id='word_1_352' title='bbox 1167 2726 1372 2767; x_wconf 88' lang='lat' dir='ltr'>virtutum.</span> 
     </span>
     <span class='ocr_line' id='line_1_44' title="bbox 334 2783 1378 2838; baseline 0.001 -14"><span class='ocrx_word' id='word_1_353' title='bbox 334 2787 490 2838; x_wconf 88' lang='lat' dir='ltr'>Quippe</span> <span class='ocrx_word' id='word_1_354' title='bbox 509 2785 629 2823; x_wconf 88' lang='lat' dir='ltr'>multa</span> <span class='ocrx_word' id='word_1_355' title='bbox 650 2793 741 2822; x_wconf 91' lang='lat' dir='ltr'>sunt</span> <span class='ocrx_word' id='word_1_356' title='bbox 762 2797 846 2834; x_wconf 90' lang='lat' dir='ltr'>quae</span> <span class='ocrx_word' id='word_1_357' title='bbox 866 2783 1044 2834; x_wconf 86' lang='lat' dir='ltr'>quamvis</span> <span class='ocrx_word' id='word_1_358' title='bbox 1064 2793 1166 2822; x_wconf 90' lang='lat' dir='ltr'>recte</span> <span class='ocrx_word' id='word_1_359' title='bbox 1185 2785 1283 2823; x_wconf 89' lang='lat' dir='ltr'>facta</span> <span class='ocrx_word' id='word_1_360' title='bbox 1301 2787 1378 2825; x_wconf 89' lang='lat' dir='ltr'>sint</span> 
     </span>
     <span class='ocr_line' id='line_1_45' title="bbox 337 2842 1377 2896; baseline 0.001 -13"><span class='ocrx_word' id='word_1_361' title='bbox 337 2855 463 2883; x_wconf 88' lang='lat' dir='ltr'>tamen</span> <span class='ocrx_word' id='word_1_362' title='bbox 478 2858 557 2882; x_wconf 89' lang='lat' dir='ltr'>non</span> <span class='ocrx_word' id='word_1_363' title='bbox 574 2845 732 2895; x_wconf 89' lang='lat' dir='ltr'>proprie</span> <span class='ocrx_word' id='word_1_364' title='bbox 741 2843 960 2894; x_wconf 90' lang='lat' dir='ltr'>pertineant</span> <span class='ocrx_word' id='word_1_365' title='bbox 977 2842 1025 2880; x_wconf 90' lang='lat' dir='ltr'>ad</span> <span class='ocrx_word' id='word_1_366' title='bbox 1047 2844 1226 2883; x_wconf 85' lang='lat' dir='ltr'>virtutes.</span> <span class='ocrx_word' id='word_1_367' title='bbox 1243 2844 1377 2896; x_wconf 90' lang='lat' dir='ltr'>ltaque</span> 
     </span>
     <span class='ocr_line' id='line_1_46' title="bbox 337 2902 1377 2952; baseline -0.002 -9"><span class='ocrx_word' id='word_1_368' title='bbox 337 2906 394 2943; x_wconf 90' lang='lat' dir='ltr'>sic</span> <span class='ocrx_word' id='word_1_369' title='bbox 420 2904 552 2942; x_wconf 89' lang='lat' dir='ltr'>statuit</span> <span class='ocrx_word' id='word_1_370' title='bbox 574 2903 788 2952; x_wconf 85' lang='lat' dir='ltr'>Didymus,</span> <span class='ocrx_word' id='word_1_371' title='bbox 817 2903 889 2940; x_wconf 87' lang='lat' dir='ltr'>etsi</span> <span class='ocrx_word' id='word_1_372' title='bbox 911 2909 1011 2939; x_wconf 85' lang='lat' dir='ltr'>reete</span> <span class='ocrx_word' id='word_1_373' title='bbox 1042 2902 1150 2940; x_wconf 88' lang='lat' dir='ltr'>factis</span> <span class='ocrx_word' id='word_1_374' title='bbox 1173 2903 1377 2951; x_wconf 82' lang='lat' dir='ltr'>attributa,</span> 
     </span>
     <span class='ocr_line' id='line_1_47' title="bbox 338 2961 1373 3015; baseline 0 -14"><span class='ocrx_word' id='word_1_375' title='bbox 338 2976 503 3015; x_wconf 90' lang='lat' dir='ltr'>quorum</span> <span class='ocrx_word' id='word_1_376' title='bbox 525 2963 567 3000; x_wconf 87' lang='lat' dir='ltr'>in</span> <span class='ocrx_word' id='word_1_377' title='bbox 583 2961 856 3013; x_wconf 88' lang='lat' dir='ltr'>superioribus</span> <span class='ocrx_word' id='word_1_378' title='bbox 875 2962 1077 3008; x_wconf 89' lang='lat' dir='ltr'>meminit,</span> <span class='ocrx_word' id='word_1_379' title='bbox 1112 2964 1373 3012; x_wconf 86' lang='lat' dir='ltr'>conveniant,</span> 
     </span>
     <span class='ocr_line' id='line_1_48' title="bbox 338 3020 1376 3071; baseline -0.001 -10"><span class='ocrx_word' id='word_1_380' title='bbox 338 3036 417 3061; x_wconf 86' lang='lat' dir='ltr'>non</span> <span class='ocrx_word' id='word_1_381' title='bbox 451 3031 578 3059; x_wconf 86' lang='lat' dir='ltr'>tamen</span> <span class='ocrx_word' id='word_1_382' title='bbox 611 3033 656 3059; x_wconf 90' lang='lat' dir='ltr'>ea</span> <span class='ocrx_word' id='word_1_383' title='bbox 689 3020 871 3058; x_wconf 88' lang='lat' dir='ltr'>omnibus</span> <span class='ocrx_word' id='word_1_384' title='bbox 905 3020 1117 3059; x_wconf 88' lang='lat' dir='ltr'>virtutibus</span> <span class='ocrx_word' id='word_1_385' title='bbox 1148 3023 1376 3071; x_wconf 84' lang='lat' dir='ltr'>convenire,</span> 
     </span>
     <span class='ocr_line' id='line_1_49' title="bbox 339 3078 1379 3129; baseline 0.001 -10"><span class='ocrx_word' id='word_1_386' title='bbox 339 3081 404 3119; x_wconf 86' lang='lat' dir='ltr'>sed</span> <span class='ocrx_word' id='word_1_387' title='bbox 423 3080 574 3129; x_wconf 87' lang='lat' dir='ltr'>singula</span> <span class='ocrx_word' id='word_1_388' title='bbox 590 3088 735 3118; x_wconf 89' lang='lat' dir='ltr'>tantum</span> <span class='ocrx_word' id='word_1_389' title='bbox 762 3079 940 3126; x_wconf 83' lang='lat' dir='ltr'>singulis.</span> <span class='ocrx_word' id='word_1_390' title='bbox 955 3100 1008 3108; x_wconf 94' lang='lat'><strong>—</strong></span> <span class='ocrx_word' id='word_1_391' title='bbox 1027 3078 1074 3101; x_wconf 91' lang='grc'>’79</span> <span class='ocrx_word' id='word_1_392' title='bbox 1096 3080 1233 3117; x_wconf 86' lang='lat' dir='ltr'>Cicero</span> <span class='ocrx_word' id='word_1_393' title='bbox 1263 3081 1379 3121; x_wconf 85' lang='lat' dir='ltr'>Tusc.</span> 
     </span>
     <span class='ocr_line' id='line_1_50' title="bbox 340 3138 1379 3189; baseline 0.001 -12"><span class='ocrx_word' id='word_1_394' title='bbox 340 3139 402 3188; x_wconf 83' lang='lat' dir='ltr'>lv,</span> <span class='ocrx_word' id='word_1_395' title='bbox 425 3153 449 3189; x_wconf 91' lang='lat'>9</span> <span class='ocrx_word' id='word_1_396' title='bbox 469 3154 478 3176; x_wconf 74' lang='grc' dir='ltr'>ε</span> <span class='ocrx_word' id='word_1_397' title='bbox 494 3139 722 3188; x_wconf 83' lang='lat' dir='ltr'>Distingunt</span> <span class='ocrx_word' id='word_1_398' title='bbox 738 3138 850 3175; x_wconf 81' lang='lat' dir='ltr'>etiam</span> <span class='ocrx_word' id='word_1_399' title='bbox 867 3138 981 3186; x_wconf 86' lang='lat' dir='ltr'>illud,</span> <span class='ocrx_word' id='word_1_400' title='bbox 997 3138 1231 3176; x_wconf 88' lang='lat' dir='ltr'>utsitlibido</span> <span class='ocrx_word' id='word_1_401' title='bbox 1248 3152 1379 3186; x_wconf 85' lang='lat' dir='ltr'>earurn</span> 
     </span>
     <span class='ocr_line' id='line_1_51' title="bbox 340 3197 1380 3248; baseline 0.002 -13"><span class='ocrx_word' id='word_1_402' title='bbox 340 3212 486 3245; x_wconf 88' lang='lat' dir='ltr'>rerum,</span> <span class='ocrx_word' id='word_1_403' title='bbox 502 3211 587 3248; x_wconf 88' lang='lat' dir='ltr'>quae</span> <span class='ocrx_word' id='word_1_404' title='bbox 600 3198 782 3236; x_wconf 88' lang='lat' dir='ltr'>dicuntur</span> <span class='ocrx_word' id='word_1_405' title='bbox 795 3197 842 3234; x_wconf 89' lang='lat' dir='ltr'>de</span> <span class='ocrx_word' id='word_1_406' title='bbox 857 3198 1023 3247; x_wconf 82' lang='lat' dir='ltr'>quodam</span> <span class='ocrx_word' id='word_1_407' title='bbox 1043 3206 1108 3234; x_wconf 91' lang='lat' dir='ltr'>aut</span> <span class='ocrx_word' id='word_1_408' title='bbox 1123 3197 1353 3248; x_wconf 87' lang='lat' dir='ltr'>quibusdam</span> <span class='ocrx_word' id='word_1_409' title='bbox 1370 3217 1380 3248; x_wconf 91' lang='lat'>;</span> 
     </span>
     <span class='ocr_line' id='line_1_52' title="bbox 341 3255 1383 3311; baseline 0.003 -17"><span class='ocrx_word' id='word_1_410' title='bbox 341 3270 426 3307; x_wconf 85' lang='lat' dir='ltr'>quae</span> <span class='ocrx_word' id='word_1_411' title='bbox 438 3257 716 3309; x_wconf 77' lang='grc' dir='ltr'>κατηγορήματα</span> <span class='ocrx_word' id='word_1_412' title='bbox 736 3255 928 3293; x_wconf 85' lang='lat' dir='ltr'>dialectici</span> <span class='ocrx_word' id='word_1_413' title='bbox 947 3256 1162 3311; x_wconf 81' lang='lat' dir='ltr'>appellant3</span> <span class='ocrx_word' id='word_1_414' title='bbox 1181 3266 1222 3294; x_wconf 89' lang='lat' dir='ltr'>ut</span> <span class='ocrx_word' id='word_1_415' title='bbox 1241 3257 1383 3297; x_wconf 80' lang='lat' dir='ltr'>habere</span> 
     </span>
     <span class='ocr_line' id='line_1_53' title="bbox 341 3313 1382 3367; baseline 0 -13"><span class='ocrx_word' id='word_1_416' title='bbox 341 3317 514 3362; x_wconf 87' lang='lat' dir='ltr'>divitias,</span> <span class='ocrx_word' id='word_1_417' title='bbox 537 3328 674 3367; x_wconf 88' lang='lat' dir='ltr'>capere</span> <span class='ocrx_word' id='word_1_418' title='bbox 690 3316 860 3352; x_wconf 89' lang='lat' dir='ltr'>honores</span> <span class='ocrx_word' id='word_1_419' title='bbox 883 3328 891 3351; x_wconf 72' lang='grc' dir='ltr'><strong>ε</strong></span> <span class='ocrx_word' id='word_1_420' title='bbox 914 3313 1149 3363; x_wconf 85' lang='lat' dir='ltr'>indigentia,</span> <span class='ocrx_word' id='word_1_421' title='bbox 1170 3327 1302 3353; x_wconf 89' lang='lat' dir='ltr'>rerum</span> <span class='ocrx_word' id='word_1_422' title='bbox 1320 3316 1382 3367; x_wconf 91' lang='lat' dir='ltr'>ip-</span> 
     </span>
     <span class='ocr_line' id='line_1_54' title="bbox 343 3372 1383 3425; baseline 0.001 -14"><span class='ocrx_word' id='word_1_423' title='bbox 343 3381 469 3411; x_wconf 77' lang='lat' dir='ltr'>sarum</span> <span class='ocrx_word' id='word_1_424' title='bbox 484 3383 555 3420; x_wconf 88' lang='lat' dir='ltr'>est,</span> <span class='ocrx_word' id='word_1_425' title='bbox 573 3383 613 3411; x_wconf 90' lang='lat' dir='ltr'>ut</span> <span class='ocrx_word' id='word_1_426' title='bbox 627 3373 834 3418; x_wconf 89' lang='lat' dir='ltr'>honorum,</span> <span class='ocrx_word' id='word_1_427' title='bbox 860 3381 899 3410; x_wconf 91' lang='lat' dir='ltr'>ut</span> <span class='ocrx_word' id='word_1_428' title='bbox 919 3372 1228 3424; x_wconf 79' lang='lat' dir='ltr'>pecuniae.—¹⁸⁰</span> <span class='ocrx_word' id='word_1_429' title='bbox 1240 3373 1383 3425; x_wconf 85' lang='lat' dir='ltr'>Requi-</span> 
     </span>
     <span class='ocr_line' id='line_1_55' title="bbox 344 3430 1373 3484; baseline 0.003 -15"><span class='ocrx_word' id='word_1_430' title='bbox 344 3432 499 3470; x_wconf 85' lang='lat' dir='ltr'>rebatur</span> <span class='ocrx_word' id='word_1_431' title='bbox 541 3431 711 3478; x_wconf 76' lang='grc' dir='ltr'>ἀήττητον</span> <span class='ocrx_word' id='word_1_432' title='bbox 748 3430 784 3469; x_wconf 84' lang='grc' dir='ltr'>ὂν</span> <span class='ocrx_word' id='word_1_433' title='bbox 814 3430 874 3469; x_wconf 75' lang='grc' dir='ltr'>καὶ</span> <span class='ocrx_word' id='word_1_434' title='bbox 910 3431 1212 3483; x_wconf 78' lang='grc' dir='ltr'>ἀκαταγώνιστον,</span> <span class='ocrx_word' id='word_1_435' title='bbox 1254 3447 1373 3484; x_wconf 86' lang='lat' dir='ltr'>quum</span> 
     </span>
     <span class='ocr_line' id='line_1_56' title="bbox 343 3488 1381 3542; baseline 0.003 -15"><span class='ocrx_word' id='word_1_436' title='bbox 343 3488 423 3527; x_wconf 85' lang='lat' dir='ltr'>haec</span> <span class='ocrx_word' id='word_1_437' title='bbox 439 3491 555 3528; x_wconf 81' lang='lat' dir='ltr'>verba</span> <span class='ocrx_word' id='word_1_438' title='bbox 580 3490 771 3541; x_wconf 87' lang='lat' dir='ltr'>pendeant</span> <span class='ocrx_word' id='word_1_439' title='bbox 783 3503 830 3528; x_wconf 86' lang='lat' dir='ltr'>ex</span> <span class='ocrx_word' id='word_1_440' title='bbox 855 3503 901 3528; x_wconf 93' lang='lat' dir='ltr'>eo</span> <span class='ocrx_word' id='word_1_441' title='bbox 922 3491 1026 3541; x_wconf 91' lang='lat' dir='ltr'>quod</span> <span class='ocrx_word' id='word_1_442' title='bbox 1051 3494 1244 3542; x_wconf 84' lang='lat' dir='ltr'>praecessit</span> <span class='ocrx_word' id='word_1_443' title='bbox 1267 3505 1381 3531; x_wconf 87' lang='lat' dir='ltr'>voca-</span> 
     </span>
    </p>
   </div>
   <div class='ocr_carea' id='block_1_6' title="bbox 1393 415 1402 1420">
    <p class='ocr_par' dir='ltr' id='par_1_6' title="bbox 1393 415 1402 1420">
     <span class='ocr_line' id='line_1_57' title="bbox 1393 415 1402 1420; baseline 0 0"><span class='ocrx_word' id='word_1_444' title='bbox 1393 415 1402 1420; x_wconf 95' lang='lat' dir='ltr'> </span> 
     </span>
    </p>
   </div>
   <div class='ocr_carea' id='block_1_7' title="bbox 1403 2330 1414 3073">
    <p class='ocr_par' dir='ltr' id='par_1_7' title="bbox 1403 2330 1414 3073">
     <span class='ocr_line' id='line_1_58' title="bbox 1403 2330 1414 3073; baseline 0 0"><span class='ocrx_word' id='word_1_445' title='bbox 1403 2330 1414 3073; x_wconf 95' lang='lat' dir='ltr'> </span> 
     </span>
    </p>
   </div>
   <div class='ocr_carea' id='block_1_8' title="bbox 1174 269 1644 312">
    <p class='ocr_par' dir='ltr' id='par_1_8' title="bbox 1174 269 1644 312">
     <span class='ocr_line' id='line_1_59' title="bbox 1174 269 1644 312; baseline 0 -2"><span class='ocrx_word' id='word_1_446' title='bbox 1174 269 1644 312; x_wconf 77' lang='lat' dir='ltr'>PYTHAGOREORUM</span> 
     </span>
    </p>
   </div>
   <div class='ocr_carea' id='block_1_9' title="bbox 1428 356 2492 3544">
    <p class='ocr_par' dir='ltr' id='par_1_9' title="bbox 1428 356 2492 3544">
     <span class='ocr_line' id='line_1_60' title="bbox 1436 356 2478 410; baseline 0.005 -14"><span class='ocrx_word' id='word_1_447' title='bbox 1436 356 1530 397; x_wconf 90' lang='lat' dir='ltr'>bulo</span> <span class='ocrx_word' id='word_1_448' title='bbox 1544 357 1653 410; x_wconf 78' lang='grc' dir='ltr'>γένος.</span> <span class='ocrx_word' id='word_1_449' title='bbox 1679 357 1754 397; x_wconf 88' lang='lat' dir='ltr'>Sed</span> <span class='ocrx_word' id='word_1_450' title='bbox 1770 357 1818 398; x_wconf 89' lang='lat' dir='ltr'>de</span> <span class='ocrx_word' id='word_1_451' title='bbox 1841 358 2039 399; x_wconf 88' lang='lat' dir='ltr'>industria</span> <span class='ocrx_word' id='word_1_452' title='bbox 2058 359 2216 400; x_wconf 83' lang='lat' dir='ltr'>videtur</span> <span class='ocrx_word' id='word_1_453' title='bbox 2237 361 2478 402; x_wconf 80' lang='lat' dir='ltr'>constructio</span> 
     </span>
     <span class='ocr_line' id='line_1_61' title="bbox 1430 418 2477 473; baseline 0.006 -18"><span class='ocrx_word' id='word_1_454' title='bbox 1430 429 1517 455; x_wconf 86' lang='lat' dir='ltr'>nem</span> <span class='ocrx_word' id='word_1_455' title='bbox 1547 426 1712 457; x_wconf 86' lang='lat' dir='ltr'>mutasse</span> <span class='ocrx_word' id='word_1_456' title='bbox 1737 418 1942 469; x_wconf 88' lang='lat' dir='ltr'>Didymus,</span> <span class='ocrx_word' id='word_1_457' title='bbox 1968 420 2079 470; x_wconf 86' lang='lat' dir='ltr'>quasi</span> <span class='ocrx_word' id='word_1_458' title='bbox 2107 429 2219 459; x_wconf 83' lang='lat' dir='ltr'>antea</span> <span class='ocrx_word' id='word_1_459' title='bbox 2235 421 2440 473; x_wconf 77' lang='lat' dir='ltr'>scripserit</span> <span class='ocrx_word' id='word_1_460' title='bbox 2456 423 2477 461; x_wconf 77' lang='grc' dir='ltr'><strong>ὁ</strong></span> 
     </span>
     <span class='ocr_line' id='line_1_62' title="bbox 1429 475 2478 531; baseline 0.006 -17"><span class='ocrx_word' id='word_1_461' title='bbox 1429 476 1614 519; x_wconf 84' lang='grc' dir='ltr'>σπουδαῖος</span> <span class='ocrx_word' id='word_1_462' title='bbox 1639 475 1740 528; x_wconf 82' lang='grc' dir='ltr'>ἀνήρ.</span> <span class='ocrx_word' id='word_1_463' title='bbox 1761 499 1813 506; x_wconf 88' lang='grc'>-</span> <span class='ocrx_word' id='word_1_464' title='bbox 1835 475 1881 499; x_wconf 77' lang='lat'>⁴⁸¹</span> <span class='ocrx_word' id='word_1_465' title='bbox 1922 482 2045 522; x_wconf 85' lang='grc' dir='ltr'>κακοῖς</span> <span class='ocrx_word' id='word_1_466' title='bbox 2075 478 2277 531; x_wconf 80' lang='grc' dir='ltr'>περιπίπτει</span> <span class='ocrx_word' id='word_1_467' title='bbox 2310 493 2332 519; x_wconf 88' lang='lat' dir='ltr'>e</span> <span class='ocrx_word' id='word_1_468' title='bbox 2366 480 2478 520; x_wconf 70' lang='lat' dir='ltr'>Gais-</span> 
     </span>
     <span class='ocr_line' id='line_1_63' title="bbox 1429 534 2479 587; baseline 0.008 -15"><span class='ocrx_word' id='word_1_469' title='bbox 1429 534 1531 573; x_wconf 85' lang='lat' dir='ltr'>fordi</span> <span class='ocrx_word' id='word_1_470' title='bbox 1551 535 1774 587; x_wconf 84' lang='lat' dir='ltr'>conjectura</span> <span class='ocrx_word' id='word_1_471' title='bbox 1785 535 1915 583; x_wconf 83' lang='lat' dir='ltr'>edidi;</span> <span class='ocrx_word' id='word_1_472' title='bbox 1936 536 2050 574; x_wconf 88' lang='lat' dir='ltr'>codd.</span> <span class='ocrx_word' id='word_1_473' title='bbox 2067 538 2182 582; x_wconf 79' lang='grc' dir='ltr'>καλῶς</span> <span class='ocrx_word' id='word_1_474' title='bbox 2201 539 2260 577; x_wconf 85' lang='lat' dir='ltr'>vel</span> <span class='ocrx_word' id='word_1_475' title='bbox 2274 541 2403 584; x_wconf 82' lang='grc' dir='ltr'>κακῶς.</span> <span class='ocrx_word' id='word_1_476' title='bbox 2425 561 2479 571; x_wconf 92' lang='lat'>—</span> 
     </span>
     <span class='ocr_line' id='line_1_64' title="bbox 1430 592 2477 649; baseline 0.006 -17"><span class='ocrx_word' id='word_1_477' title='bbox 1430 592 1480 616; x_wconf 79' lang='lat'>⁴⁸²</span> <span class='ocrx_word' id='word_1_478' title='bbox 1495 593 1574 633; x_wconf 84' lang='grc' dir='ltr'>οὔτε</span> <span class='ocrx_word' id='word_1_479' title='bbox 1604 593 1780 646; x_wconf 78' lang='grc' dir='ltr'>διαψεύδει</span> <span class='ocrx_word' id='word_1_480' title='bbox 1808 594 1886 634; x_wconf 82' lang='grc' dir='ltr'>οὔτε</span> <span class='ocrx_word' id='word_1_481' title='bbox 1903 595 2128 649; x_wconf 73' lang='grc' dir='ltr'>διαψεύδεται</span> <span class='ocrx_word' id='word_1_482' title='bbox 2156 598 2340 648; x_wconf 83' lang='lat' dir='ltr'>vulgavi;</span> <span class='ocrx_word' id='word_1_483' title='bbox 2360 603 2477 638; x_wconf 67' lang='lat' dir='ltr'>meni-</span> 
     </span>
     <span class='ocr_line' id='line_1_65' title="bbox 1428 651 2477 710; baseline 0.006 -19"><span class='ocrx_word' id='word_1_484' title='bbox 1428 652 1560 691; x_wconf 88' lang='lat' dir='ltr'>branae</span> <span class='ocrx_word' id='word_1_485' title='bbox 1579 651 1658 693; x_wconf 75' lang='grc' dir='ltr'>οὔτε</span> <span class='ocrx_word' id='word_1_486' title='bbox 1689 653 1923 707; x_wconf 82' lang='grc' dir='ltr'>διαψεύδεται.</span> <span class='ocrx_word' id='word_1_487' title='bbox 1945 676 1999 685; x_wconf 89' lang='grc'><strong>-</strong></span> <span class='ocrx_word' id='word_1_488' title='bbox 2025 653 2075 678; x_wconf 84' lang='lat'>¹⁸³</span> <span class='ocrx_word' id='word_1_489' title='bbox 2094 657 2211 696; x_wconf 88' lang='lat' dir='ltr'>Ludit</span> <span class='ocrx_word' id='word_1_490' title='bbox 2234 657 2404 710; x_wconf 82' lang='lat' dir='ltr'>scriptor</span> <span class='ocrx_word' id='word_1_491' title='bbox 2435 658 2477 697; x_wconf 86' lang='lat' dir='ltr'>in</span> 
     </span>
     <span class='ocr_line' id='line_1_66' title="bbox 1428 714 2479 767; baseline 0.007 -17"><span class='ocrx_word' id='word_1_492' title='bbox 1428 714 1663 764; x_wconf 82' lang='lat' dir='ltr'>etymologia</span> <span class='ocrx_word' id='word_1_493' title='bbox 1684 714 1794 752; x_wconf 88' lang='lat' dir='ltr'>vocis</span> <span class='ocrx_word' id='word_1_494' title='bbox 1829 714 1936 753; x_wconf 85' lang='grc' dir='ltr'>καλόν</span> <span class='ocrx_word' id='word_1_495' title='bbox 1970 728 2086 767; x_wconf 85' lang='lat' dir='ltr'>quam</span> <span class='ocrx_word' id='word_1_496' title='bbox 2117 716 2166 755; x_wconf 94' lang='lat' dir='ltr'>ab</span> <span class='ocrx_word' id='word_1_497' title='bbox 2198 716 2407 756; x_wconf 86' lang='lat' dir='ltr'>alliciendo</span> <span class='ocrx_word' id='word_1_498' title='bbox 2439 726 2479 757; x_wconf 82' lang='lat' dir='ltr'>et</span> 
     </span>
     <span class='ocr_line' id='line_1_67' title="bbox 1429 765 2479 827; baseline 0.006 -17"><span class='ocrx_word' id='word_1_499' title='bbox 1429 765 1605 811; x_wconf 84' lang='lat' dir='ltr'>vocando</span> <span class='ocrx_word' id='word_1_500' title='bbox 1625 774 1708 812; x_wconf 91' lang='lat' dir='ltr'>sive</span> <span class='ocrx_word' id='word_1_501' title='bbox 1728 773 1797 812; x_wconf 84' lang='grc' dir='ltr'>ἀπὸ</span> <span class='ocrx_word' id='word_1_502' title='bbox 1817 778 1877 812; x_wconf 81' lang='grc' dir='ltr'>τοῦ</span> <span class='ocrx_word' id='word_1_503' title='bbox 1898 775 2017 813; x_wconf 83' lang='grc' dir='ltr'>καλεῖν</span> <span class='ocrx_word' id='word_1_504' title='bbox 2039 784 2226 827; x_wconf 83' lang='lat' dir='ltr'>tanquam</span> <span class='ocrx_word' id='word_1_505' title='bbox 2248 790 2271 815; x_wconf 87' lang='lat' dir='ltr'>a</span> <span class='ocrx_word' id='word_1_506' title='bbox 2289 776 2393 816; x_wconf 84' lang='lat' dir='ltr'>fonte</span> <span class='ocrx_word' id='word_1_507' title='bbox 2413 789 2479 816; x_wconf 78' lang='lat' dir='ltr'>re-</span> 
     </span>
     <span class='ocr_line' id='line_1_68' title="bbox 1429 831 2481 888; baseline 0.006 -18"><span class='ocrx_word' id='word_1_508' title='bbox 1429 833 1539 884; x_wconf 88' lang='lat' dir='ltr'>petit.</span> <span class='ocrx_word' id='word_1_509' title='bbox 1578 854 1632 862; x_wconf 89' lang='lat'>—</span> <span class='ocrx_word' id='word_1_510' title='bbox 1680 831 1729 855; x_wconf 71' lang='grc'>’9’</span> <span class='ocrx_word' id='word_1_511' title='bbox 1763 833 1890 879; x_wconf 86' lang='lat' dir='ltr'>Quum</span> <span class='ocrx_word' id='word_1_512' title='bbox 1921 833 2017 873; x_wconf 91' lang='lat' dir='ltr'>boni</span> <span class='ocrx_word' id='word_1_513' title='bbox 2043 835 2151 873; x_wconf 91' lang='lat' dir='ltr'>notio</span> <span class='ocrx_word' id='word_1_514' title='bbox 2183 835 2298 875; x_wconf 86' lang='lat' dir='ltr'>latius</span> <span class='ocrx_word' id='word_1_515' title='bbox 2331 845 2481 888; x_wconf 82' lang='lat' dir='ltr'>pateret</span> 
     </span>
     <span class='ocr_line' id='line_1_69' title="bbox 1429 891 2478 944; baseline 0.005 -15"><span class='ocrx_word' id='word_1_516' title='bbox 1429 891 1532 943; x_wconf 90' lang='lat' dir='ltr'>apud</span> <span class='ocrx_word' id='word_1_517' title='bbox 1552 892 1702 931; x_wconf 88' lang='lat' dir='ltr'>Stoicos</span> <span class='ocrx_word' id='word_1_518' title='bbox 1723 906 1838 944; x_wconf 85' lang='lat' dir='ltr'>quam</span> <span class='ocrx_word' id='word_1_519' title='bbox 1866 893 2049 940; x_wconf 81' lang='lat' dir='ltr'>virtutis,</span> <span class='ocrx_word' id='word_1_520' title='bbox 2069 894 2168 932; x_wconf 91' lang='lat' dir='ltr'>illud</span> <span class='ocrx_word' id='word_1_521' title='bbox 2197 895 2252 933; x_wconf 91' lang='lat' dir='ltr'>ita</span> <span class='ocrx_word' id='word_1_522' title='bbox 2283 895 2478 934; x_wconf 82' lang='lat' dir='ltr'>definive-</span> 
     </span>
     <span class='ocr_line' id='line_1_70' title="bbox 1430 952 2477 1006; baseline 0.004 -17"><span class='ocrx_word' id='word_1_523' title='bbox 1430 960 1536 998; x_wconf 87' lang='lat' dir='ltr'>runt,</span> <span class='ocrx_word' id='word_1_524' title='bbox 1557 961 1599 990; x_wconf 90' lang='lat' dir='ltr'>ut</span> <span class='ocrx_word' id='word_1_525' title='bbox 1614 952 1674 990; x_wconf 88' lang='lat' dir='ltr'>vel</span> <span class='ocrx_word' id='word_1_526' title='bbox 1692 952 1875 990; x_wconf 86' lang='lat' dir='ltr'>virtutem</span> <span class='ocrx_word' id='word_1_527' title='bbox 1892 965 1976 991; x_wconf 85' lang='lat' dir='ltr'>esse</span> <span class='ocrx_word' id='word_1_528' title='bbox 1997 953 2173 993; x_wconf 85' lang='lat' dir='ltr'>dicerent</span> <span class='ocrx_word' id='word_1_529' title='bbox 2189 953 2250 993; x_wconf 86' lang='lat' dir='ltr'>vel</span> <span class='ocrx_word' id='word_1_530' title='bbox 2277 954 2477 1006; x_wconf 86' lang='lat' dir='ltr'>quidquid</span> 
     </span>
     <span class='ocr_line' id='line_1_71' title="bbox 1429 1011 2477 1066; baseline 0.003 -17"><span class='ocrx_word' id='word_1_531' title='bbox 1429 1013 1573 1050; x_wconf 87' lang='lat' dir='ltr'>virtute</span> <span class='ocrx_word' id='word_1_532' title='bbox 1616 1019 1794 1049; x_wconf 86' lang='lat' dir='ltr'>ornatum</span> <span class='ocrx_word' id='word_1_533' title='bbox 1835 1020 1947 1050; x_wconf 87' lang='lat' dir='ltr'>esset.</span> <span class='ocrx_word' id='word_1_534' title='bbox 1977 1034 2031 1042; x_wconf 96' lang='lat'>—</span> <span class='ocrx_word' id='word_1_535' title='bbox 2067 1011 2119 1035; x_wconf 77' lang='lat'>¹⁸⁵</span> <span class='ocrx_word' id='word_1_536' title='bbox 2153 1013 2272 1051; x_wconf 88' lang='lat' dir='ltr'>Posui</span> <span class='ocrx_word' id='word_1_537' title='bbox 2306 1013 2477 1066; x_wconf 65' lang='grc' dir='ltr'>ὢφελεῖη</span> 
     </span>
     <span class='ocr_line' id='line_1_72' title="bbox 1430 1067 2476 1124; baseline 0.003 -16"><span class='ocrx_word' id='word_1_538' title='bbox 1430 1069 1543 1109; x_wconf 92' lang='lat' dir='ltr'>codd.</span> <span class='ocrx_word' id='word_1_539' title='bbox 1584 1070 1825 1122; x_wconf 82' lang='grc' dir='ltr'>ὠφελεῖσθαι..</span> <span class='ocrx_word' id='word_1_540' title='bbox 1843 1091 1897 1100; x_wconf 90' lang='lat'>—</span> <span class='ocrx_word' id='word_1_541' title='bbox 1927 1067 1979 1092; x_wconf 73' lang='lat'>¹⁸⁶</span> <span class='ocrx_word' id='word_1_542' title='bbox 2004 1070 2153 1122; x_wconf 77' lang='lat' dir='ltr'>Scripsi</span> <span class='ocrx_word' id='word_1_543' title='bbox 2201 1070 2476 1124; x_wconf 71' lang='grc' dir='ltr'>μεταλαμὸἄνε-</span> 
     </span>
     <span class='ocr_line' id='line_1_73' title="bbox 1431 1128 2481 1183; baseline 0.004 -17"><span class='ocrx_word' id='word_1_544' title='bbox 1431 1132 1531 1176; x_wconf 85' lang='grc' dir='ltr'>σθαι;</span> <span class='ocrx_word' id='word_1_545' title='bbox 1563 1129 1655 1167; x_wconf 86' lang='lat' dir='ltr'>libri</span> <span class='ocrx_word' id='word_1_546' title='bbox 1690 1128 2040 1181; x_wconf 62' lang='grc' dir='ltr'>καταλαμβάνεσθαι.</span> <span class='ocrx_word' id='word_1_547' title='bbox 2067 1151 2120 1160; x_wconf 90' lang='lat'>—-</span> <span class='ocrx_word' id='word_1_548' title='bbox 2147 1129 2197 1154; x_wconf 84' lang='lat'>¹⁸⁷</span> <span class='ocrx_word' id='word_1_549' title='bbox 2227 1131 2481 1183; x_wconf 79' lang='lat' dir='ltr'>Transposita</span> 
     </span>
     <span class='ocr_line' id='line_1_74' title="bbox 1433 1185 2478 1243; baseline 0.003 -16"><span class='ocrx_word' id='word_1_550' title='bbox 1433 1188 1497 1239; x_wconf 84' lang='grc' dir='ltr'>μὲν</span> <span class='ocrx_word' id='word_1_551' title='bbox 1519 1189 1713 1241; x_wconf 86' lang='lat' dir='ltr'>particula</span> <span class='ocrx_word' id='word_1_552' title='bbox 1734 1189 1839 1228; x_wconf 91' lang='lat' dir='ltr'>edidi</span> <span class='ocrx_word' id='word_1_553' title='bbox 1858 1189 1956 1243; x_wconf 81' lang='grc' dir='ltr'>ὀρθός</span> <span class='ocrx_word' id='word_1_554' title='bbox 1975 1191 2049 1229; x_wconf 83' lang='grc' dir='ltr'>ἐστι</span> <span class='ocrx_word' id='word_1_555' title='bbox 2071 1190 2325 1243; x_wconf 85' lang='grc' dir='ltr'>προστακτικὸς</span> <span class='ocrx_word' id='word_1_556' title='bbox 2344 1190 2407 1242; x_wconf 83' lang='grc' dir='ltr'>μὲν</span> <span class='ocrx_word' id='word_1_557' title='bbox 2428 1185 2478 1230; x_wconf 68' lang='grc' dir='ltr'>ὧν</span> 
     </span>
     <span class='ocr_line' id='line_1_75' title="bbox 1431 1247 2478 1302; baseline 0.002 -16"><span class='ocrx_word' id='word_1_558' title='bbox 1431 1247 1616 1298; x_wconf 84' lang='grc' dir='ltr'>ποιητέον,</span> <span class='ocrx_word' id='word_1_559' title='bbox 1650 1262 1771 1300; x_wconf 89' lang='lat' dir='ltr'>quum</span> <span class='ocrx_word' id='word_1_560' title='bbox 1803 1249 1922 1299; x_wconf 85' lang='lat' dir='ltr'>vulgo</span> <span class='ocrx_word' id='word_1_561' title='bbox 1961 1250 2152 1299; x_wconf 87' lang='lat' dir='ltr'>legeretur</span> <span class='ocrx_word' id='word_1_562' title='bbox 2181 1249 2279 1302; x_wconf 85' lang='grc' dir='ltr'>ὀρθός</span> <span class='ocrx_word' id='word_1_563' title='bbox 2305 1251 2378 1290; x_wconf 84' lang='grc' dir='ltr'>ἐστι</span> <span class='ocrx_word' id='word_1_564' title='bbox 2413 1249 2478 1300; x_wconf 82' lang='grc' dir='ltr'>μὲν</span> 
     </span>
     <span class='ocr_line' id='line_1_76' title="bbox 1429 1301 2478 1360; baseline 0.003 -15"><span class='ocrx_word' id='word_1_565' title='bbox 1429 1307 1683 1360; x_wconf 80' lang='grc' dir='ltr'>προστακτικὸς</span> <span class='ocrx_word' id='word_1_566' title='bbox 1718 1301 1766 1346; x_wconf 71' lang='grc' dir='ltr'>ὧν</span> <span class='ocrx_word' id='word_1_567' title='bbox 1791 1307 1969 1356; x_wconf 82' lang='grc' dir='ltr'>ποιητέον.</span> <span class='ocrx_word' id='word_1_568' title='bbox 2000 1331 2055 1339; x_wconf 91' lang='lat'>-</span> <span class='ocrx_word' id='word_1_569' title='bbox 2091 1307 2142 1332; x_wconf 81' lang='lat'>⁴⁸⁸</span> <span class='ocrx_word' id='word_1_570' title='bbox 2170 1309 2335 1359; x_wconf 83' lang='lat' dir='ltr'>Vulgavi</span> <span class='ocrx_word' id='word_1_571' title='bbox 2363 1308 2478 1357; x_wconf 85' lang='grc' dir='ltr'>διότι;</span> 
     </span>
     <span class='ocr_line' id='line_1_77' title="bbox 1431 1366 2480 1414; baseline -0.001 -7"><span class='ocrx_word' id='word_1_572' title='bbox 1431 1367 1667 1407; x_wconf 87' lang='lat' dir='ltr'>membranae</span> <span class='ocrx_word' id='word_1_573' title='bbox 1693 1366 1757 1406; x_wconf 88' lang='grc' dir='ltr'>διό.</span> <span class='ocrx_word' id='word_1_574' title='bbox 1778 1389 1831 1397; x_wconf 89' lang='lat'>—-</span> <span class='ocrx_word' id='word_1_575' title='bbox 1848 1366 1901 1390; x_wconf 80' lang='lat'>⁴⁸⁰</span> <span class='ocrx_word' id='word_1_576' title='bbox 1925 1366 2089 1407; x_wconf 87' lang='lat' dir='ltr'>Restitui</span> <span class='ocrx_word' id='word_1_577' title='bbox 2109 1367 2256 1414; x_wconf 71' lang='grc' dir='ltr'>ἀστείοις</span> <span class='ocrx_word' id='word_1_578' title='bbox 2288 1368 2320 1407; x_wconf 84' lang='grc' dir='ltr'>δ’</span> <span class='ocrx_word' id='word_1_579' title='bbox 2345 1367 2399 1407; x_wconf 84' lang='grc' dir='ltr'>ἔτι</span> <span class='ocrx_word' id='word_1_580' title='bbox 2418 1366 2480 1406; x_wconf 80' lang='grc' dir='ltr'>καὶ</span> 
     </span>
     <span class='ocr_line' id='line_1_78' title="bbox 1429 1426 2481 1480; baseline 0 -12"><span class='ocrx_word' id='word_1_581' title='bbox 1429 1427 1494 1476; x_wconf 85' lang='grc' dir='ltr'>τὴν</span> <span class='ocrx_word' id='word_1_582' title='bbox 1531 1427 1642 1480; x_wconf 84' lang='grc' dir='ltr'>ἀρχὴν</span> <span class='ocrx_word' id='word_1_583' title='bbox 1671 1426 1905 1478; x_wconf 80' lang='grc' dir='ltr'>ἀπονέμουσιν</span> <span class='ocrx_word' id='word_1_584' title='bbox 1931 1428 1954 1475; x_wconf 83' lang='grc' dir='ltr'>ἢ</span> <span class='ocrx_word' id='word_1_585' title='bbox 1988 1428 2218 1477; x_wconf 83' lang='grc' dir='ltr'>ἐπιστασίαν;</span> <span class='ocrx_word' id='word_1_586' title='bbox 2246 1428 2481 1468; x_wconf 70' lang='lat' dir='ltr'>membrana!</span> 
     </span>
     <span class='ocr_line' id='line_1_79' title="bbox 1431 1481 2479 1539; baseline 0.001 -13"><span class='ocrx_word' id='word_1_587' title='bbox 1431 1489 1565 1531; x_wconf 84' lang='grc' dir='ltr'>ἀστεῖος</span> <span class='ocrx_word' id='word_1_588' title='bbox 1585 1487 1615 1525; x_wconf 87' lang='grc' dir='ltr'>δ’</span> <span class='ocrx_word' id='word_1_589' title='bbox 1636 1481 1723 1526; x_wconf 71' lang='grc' dir='ltr'>εἶναι</span> <span class='ocrx_word' id='word_1_590' title='bbox 1743 1486 1803 1526; x_wconf 88' lang='grc' dir='ltr'>καὶ</span> <span class='ocrx_word' id='word_1_591' title='bbox 1828 1485 1889 1533; x_wconf 77' lang='grc' dir='ltr'>τὴν</span> <span class='ocrx_word' id='word_1_592' title='bbox 1911 1486 2024 1539; x_wconf 79' lang='grc' dir='ltr'>ἀρχὴν</span> <span class='ocrx_word' id='word_1_593' title='bbox 2044 1487 2311 1537; x_wconf 85' lang='grc' dir='ltr'>κατανέμουσαν</span> <span class='ocrx_word' id='word_1_594' title='bbox 2327 1487 2479 1527; x_wconf 77' lang='grc' dir='ltr'>ἐπιστα-</span> 
     </span>
     <span class='ocr_line' id='line_1_80' title="bbox 1431 1546 2478 1599; baseline 0.001 -14"><span class='ocrx_word' id='word_1_595' title='bbox 1431 1546 1524 1588; x_wconf 85' lang='grc' dir='ltr'>σίαν.</span> <span class='ocrx_word' id='word_1_596' title='bbox 1546 1569 1599 1576; x_wconf 94' lang='grc'><strong>-</strong></span> <span class='ocrx_word' id='word_1_597' title='bbox 1619 1546 1668 1570; x_wconf 87' lang='grc'>’96</span> <span class='ocrx_word' id='word_1_598' title='bbox 1688 1546 1782 1593; x_wconf 79' lang='lat' dir='ltr'>Quae</span> <span class='ocrx_word' id='word_1_599' title='bbox 1795 1546 1860 1585; x_wconf 88' lang='lat' dir='ltr'>hic</span> <span class='ocrx_word' id='word_1_600' title='bbox 1873 1556 2090 1597; x_wconf 88' lang='lat' dir='ltr'>sequuntur</span> <span class='ocrx_word' id='word_1_601' title='bbox 2112 1547 2233 1587; x_wconf 87' lang='lat' dir='ltr'>verba</span> <span class='ocrx_word' id='word_1_602' title='bbox 2249 1547 2478 1599; x_wconf 81' lang='lat' dir='ltr'>legebantur</span> 
     </span>
     <span class='ocr_line' id='line_1_81' title="bbox 1433 1604 2477 1657; baseline 0.002 -13"><span class='ocrx_word' id='word_1_603' title='bbox 1433 1606 1594 1644; x_wconf 84' lang='lat' dir='ltr'>fortasse</span> <span class='ocrx_word' id='word_1_604' title='bbox 1620 1606 1661 1644; x_wconf 92' lang='lat' dir='ltr'>in</span> <span class='ocrx_word' id='word_1_605' title='bbox 1690 1619 1736 1644; x_wconf 93' lang='lat' dir='ltr'>eo</span> <span class='ocrx_word' id='word_1_606' title='bbox 1758 1604 1956 1644; x_wconf 86' lang='lat' dir='ltr'>Cleanthis</span> <span class='ocrx_word' id='word_1_607' title='bbox 1972 1605 2078 1645; x_wconf 88' lang='lat' dir='ltr'>libro</span> <span class='ocrx_word' id='word_1_608' title='bbox 2109 1607 2178 1657; x_wconf 88' lang='lat' dir='ltr'>qui</span> <span class='ocrx_word' id='word_1_609' title='bbox 2203 1606 2396 1646; x_wconf 77' lang='lat' dir='ltr'>politicus</span> <span class='ocrx_word' id='word_1_610' title='bbox 2415 1607 2477 1646; x_wconf 89' lang='lat' dir='ltr'>in·</span> 
     </span>
     <span class='ocr_line' id='line_1_82' title="bbox 1432 1664 2481 1719; baseline 0.001 -16"><span class='ocrx_word' id='word_1_611' title='bbox 1432 1665 1690 1703; x_wconf 87' lang='lat' dir='ltr'>scribebatur.</span> <span class='ocrx_word' id='word_1_612' title='bbox 1715 1664 1773 1703; x_wconf 82' lang='lat' dir='ltr'>Cf.</span> <span class='ocrx_word' id='word_1_613' title='bbox 1795 1665 1911 1714; x_wconf 90' lang='lat' dir='ltr'>Diog.</span> <span class='ocrx_word' id='word_1_614' title='bbox 1946 1667 2074 1703; x_wconf 87' lang='lat' dir='ltr'>Laert.</span> <span class='ocrx_word' id='word_1_615' title='bbox 2103 1664 2174 1705; x_wconf 87' lang='lat' dir='ltr'>lib.</span> <span class='ocrx_word' id='word_1_616' title='bbox 2195 1665 2289 1714; x_wconf 87' lang='lat' dir='ltr'>Vll,</span> <span class='ocrx_word' id='word_1_617' title='bbox 2316 1667 2406 1719; x_wconf 67' lang='lat'>175.</span> <span class='ocrx_word' id='word_1_618' title='bbox 2427 1690 2481 1697; x_wconf 86' lang='lat'>--</span> 
     </span>
     <span class='ocr_line' id='line_1_83' title="bbox 1434 1723 2481 1778; baseline 0.002 -16"><span class='ocrx_word' id='word_1_619' title='bbox 1434 1723 1478 1747; x_wconf 89' lang='grc'>’9’</span> <span class='ocrx_word' id='word_1_620' title='bbox 1503 1724 1626 1763; x_wconf 86' lang='lat' dir='ltr'>Aliter</span> <span class='ocrx_word' id='word_1_621' title='bbox 1641 1723 1832 1763; x_wconf 89' lang='lat' dir='ltr'>Eusebius</span> <span class='ocrx_word' id='word_1_622' title='bbox 1847 1723 1975 1775; x_wconf 75' lang='lat' dir='ltr'>Praep.</span> <span class='ocrx_word' id='word_1_623' title='bbox 1998 1723 2143 1774; x_wconf 84' lang='lat' dir='ltr'>Evang.</span> <span class='ocrx_word' id='word_1_624' title='bbox 2159 1724 2230 1764; x_wconf 89' lang='lat' dir='ltr'>lib.</span> <span class='ocrx_word' id='word_1_625' title='bbox 2249 1723 2340 1763; x_wconf 84' lang='lat' dir='ltr'>XV:</span> <span class='ocrx_word' id='word_1_626' title='bbox 2359 1724 2396 1764; x_wconf 74' lang='grc' dir='ltr'>ὃν</span> <span class='ocrx_word' id='word_1_627' title='bbox 2411 1724 2481 1778; x_wconf 78' lang='grc' dir='ltr'>γὰρ</span> 
     </span>
     <span class='ocr_line' id='line_1_84' title="bbox 1430 1782 2481 1837; baseline 0 -14"><span class='ocrx_word' id='word_1_628' title='bbox 1430 1783 1558 1837; x_wconf 82' lang='grc' dir='ltr'>τρόπον</span> <span class='ocrx_word' id='word_1_629' title='bbox 1583 1783 1682 1828; x_wconf 86' lang='grc' dir='ltr'>πόλις</span> <span class='ocrx_word' id='word_1_630' title='bbox 1713 1784 1818 1836; x_wconf 80' lang='grc' dir='ltr'>διχῶς</span> <span class='ocrx_word' id='word_1_631' title='bbox 1840 1782 1995 1834; x_wconf 83' lang='grc' dir='ltr'>λέγεται,</span> <span class='ocrx_word' id='word_1_632' title='bbox 2018 1784 2056 1822; x_wconf 87' lang='grc' dir='ltr'>τό</span> <span class='ocrx_word' id='word_1_633' title='bbox 2071 1799 2109 1822; x_wconf 90' lang='grc' dir='ltr'>τε</span> <span class='ocrx_word' id='word_1_634' title='bbox 2135 1783 2334 1836; x_wconf 78' lang='grc' dir='ltr'>οἰκητήριον</span> <span class='ocrx_word' id='word_1_635' title='bbox 2362 1784 2422 1823; x_wconf 86' lang='grc' dir='ltr'>καὶ</span> <span class='ocrx_word' id='word_1_636' title='bbox 2442 1785 2481 1824; x_wconf 77' lang='grc' dir='ltr'>τὸ</span> 
     </span>
     <span class='ocr_line' id='line_1_85' title="bbox 1432 1839 2480 1894; baseline 0.002 -14"><span class='ocrx_word' id='word_1_637' title='bbox 1432 1843 1472 1880; x_wconf 83' lang='grc' dir='ltr'>ἐκ</span> <span class='ocrx_word' id='word_1_638' title='bbox 1498 1843 1566 1880; x_wconf 84' lang='grc' dir='ltr'>τῶν</span> <span class='ocrx_word' id='word_1_639' title='bbox 1588 1840 1811 1881; x_wconf 82' lang='grc' dir='ltr'>ἐνοικούντων</span> <span class='ocrx_word' id='word_1_640' title='bbox 1835 1839 1894 1878; x_wconf 83' lang='grc' dir='ltr'>σὺν</span> <span class='ocrx_word' id='word_1_641' title='bbox 1917 1843 1987 1884; x_wconf 86' lang='grc' dir='ltr'>τοῖς</span> <span class='ocrx_word' id='word_1_642' title='bbox 2014 1841 2172 1886; x_wconf 89' lang='grc' dir='ltr'>πολίταις</span> <span class='ocrx_word' id='word_1_643' title='bbox 2195 1841 2370 1894; x_wconf 84' lang='grc' dir='ltr'>σύστημα,</span> <span class='ocrx_word' id='word_1_644' title='bbox 2388 1842 2480 1883; x_wconf 76' lang='grc' dir='ltr'>οὕτω</span> 
     </span>
     <span class='ocr_line' id='line_1_86' title="bbox 1432 1899 2481 1951; baseline 0.003 -12"><span class='ocrx_word' id='word_1_645' title='bbox 1432 1901 1512 1940; x_wconf 87' lang='grc' dir='ltr'>κτλ.</span> <span class='ocrx_word' id='word_1_646' title='bbox 1530 1900 1658 1946; x_wconf 87' lang='lat' dir='ltr'>Quum</span> <span class='ocrx_word' id='word_1_647' title='bbox 1679 1908 1805 1938; x_wconf 86' lang='lat' dir='ltr'>autem</span> <span class='ocrx_word' id='word_1_648' title='bbox 1827 1899 1896 1937; x_wconf 84' lang='lat' dir='ltr'>illa</span> <span class='ocrx_word' id='word_1_649' title='bbox 1914 1900 2048 1947; x_wconf 88' lang='lat' dir='ltr'>laude,</span> <span class='ocrx_word' id='word_1_650' title='bbox 2073 1913 2160 1951; x_wconf 86' lang='lat' dir='ltr'>quae</span> <span class='ocrx_word' id='word_1_651' title='bbox 2182 1900 2257 1940; x_wconf 88' lang='lat' dir='ltr'>hoc</span> <span class='ocrx_word' id='word_1_652' title='bbox 2280 1902 2368 1941; x_wconf 89' lang='lat' dir='ltr'>loco</span> <span class='ocrx_word' id='word_1_653' title='bbox 2386 1902 2481 1942; x_wconf 79' lang='lat' dir='ltr'>civi·</span> 
     </span>
     <span class='ocr_line' id='line_1_87' title="bbox 1432 1958 2482 2013; baseline 0.003 -16"><span class='ocrx_word' id='word_1_654' title='bbox 1432 1960 1501 1998; x_wconf 87' lang='lat' dir='ltr'>tati</span> <span class='ocrx_word' id='word_1_655' title='bbox 1519 1959 1722 2006; x_wconf 86' lang='lat' dir='ltr'>tribuitur,</span> <span class='ocrx_word' id='word_1_656' title='bbox 1745 1959 1828 1997; x_wconf 90' lang='lat' dir='ltr'>sola</span> <span class='ocrx_word' id='word_1_657' title='bbox 1844 1958 2011 1997; x_wconf 84' lang='lat' dir='ltr'>aedificia</span> <span class='ocrx_word' id='word_1_658' title='bbox 2035 1959 2171 1998; x_wconf 88' lang='lat' dir='ltr'>ornari</span> <span class='ocrx_word' id='word_1_659' title='bbox 2203 1973 2283 1998; x_wconf 91' lang='lat' dir='ltr'>non</span> <span class='ocrx_word' id='word_1_660' title='bbox 2312 1961 2482 2013; x_wconf 84' lang='lat' dir='ltr'>possint,</span> 
     </span>
     <span class='ocr_line' id='line_1_88' title="bbox 1433 2017 2483 2071; baseline 0.003 -15"><span class='ocrx_word' id='word_1_661' title='bbox 1433 2031 1567 2057; x_wconf 90' lang='lat' dir='ltr'>eorum</span> <span class='ocrx_word' id='word_1_662' title='bbox 1610 2019 1798 2057; x_wconf 90' lang='lat' dir='ltr'>rationem</span> <span class='ocrx_word' id='word_1_663' title='bbox 1841 2031 1919 2056; x_wconf 90' lang='lat' dir='ltr'>non</span> <span class='ocrx_word' id='word_1_664' title='bbox 1966 2017 2080 2056; x_wconf 87' lang='lat' dir='ltr'>habet</span> <span class='ocrx_word' id='word_1_665' title='bbox 2123 2018 2396 2071; x_wconf 84' lang='lat' dir='ltr'>philosophus.</span> <span class='ocrx_word' id='word_1_666' title='bbox 2428 2041 2483 2051; x_wconf 89' lang='lat'><em>—</em></span> 
     </span>
     <span class='ocr_line' id='line_1_89' title="bbox 1434 2076 2480 2132; baseline 0.001 -15"><span class='ocrx_word' id='word_1_667' title='bbox 1434 2076 1485 2100; x_wconf 76' lang='lat'>⁴⁹²</span> <span class='ocrx_word' id='word_1_668' title='bbox 1506 2078 1654 2130; x_wconf 88' lang='lat' dir='ltr'>Scripsi</span> <span class='ocrx_word' id='word_1_669' title='bbox 1667 2076 1724 2115; x_wconf 80' lang='grc' dir='ltr'>διὰ</span> <span class='ocrx_word' id='word_1_670' title='bbox 1743 2076 1805 2124; x_wconf 84' lang='grc' dir='ltr'>τὴν</span> <span class='ocrx_word' id='word_1_671' title='bbox 1831 2076 1915 2129; x_wconf 81' lang='grc' dir='ltr'>πρὸς</span> <span class='ocrx_word' id='word_1_672' title='bbox 1937 2076 2015 2121; x_wconf 84' lang='grc' dir='ltr'>τοὺς</span> <span class='ocrx_word' id='word_1_673' title='bbox 2042 2078 2258 2122; x_wconf 78' lang='grc' dir='ltr'>ἐνοικοῦντας</span> <span class='ocrx_word' id='word_1_674' title='bbox 2284 2078 2480 2132; x_wconf 78' lang='grc' dir='ltr'>ἅναφορᾶν;</span> 
     </span>
     <span class='ocr_line' id='line_1_90' title="bbox 1433 2134 2479 2188; baseline 0 -12"><span class='ocrx_word' id='word_1_675' title='bbox 1433 2137 1546 2178; x_wconf 91' lang='lat' dir='ltr'>codd.</span> <span class='ocrx_word' id='word_1_676' title='bbox 1579 2136 1637 2176; x_wconf 85' lang='grc' dir='ltr'>διὰ</span> <span class='ocrx_word' id='word_1_677' title='bbox 1660 2136 1738 2179; x_wconf 73' lang='grc' dir='ltr'>τοὺς</span> <span class='ocrx_word' id='word_1_678' title='bbox 1760 2134 1976 2179; x_wconf 79' lang='grc' dir='ltr'>ἐνοικοῦντας</span> <span class='ocrx_word' id='word_1_679' title='bbox 2009 2134 2198 2188; x_wconf 82' lang='grc' dir='ltr'>ἀναφοράν.</span> <span class='ocrx_word' id='word_1_680' title='bbox 2219 2157 2273 2167; x_wconf 91' lang='lat'>—-</span> <span class='ocrx_word' id='word_1_681' title='bbox 2292 2134 2344 2160; x_wconf 80' lang='lat'>⁴⁹³</span> <span class='ocrx_word' id='word_1_682' title='bbox 2362 2138 2479 2178; x_wconf 85' lang='lat' dir='ltr'>Edidi</span> 
     </span>
     <span class='ocr_line' id='line_1_91' title="bbox 1434 2194 2483 2244; baseline 0.002 -10"><span class='ocrx_word' id='word_1_683' title='bbox 1434 2196 1619 2234; x_wconf 77' lang='grc' dir='ltr'>ἀποὸᾶσαν</span> <span class='ocrx_word' id='word_1_684' title='bbox 1630 2210 1640 2244; x_wconf 84' lang='grc'>;</span> <span class='ocrx_word' id='word_1_685' title='bbox 1653 2196 1768 2235; x_wconf 88' lang='lat' dir='ltr'>codd.</span> <span class='ocrx_word' id='word_1_686' title='bbox 1779 2195 1983 2242; x_wconf 81' lang='grc' dir='ltr'>ἀπήκουσαν</span> <span class='ocrx_word' id='word_1_687' title='bbox 1993 2195 2054 2232; x_wconf 89' lang='lat' dir='ltr'>vel</span> <span class='ocrx_word' id='word_1_688' title='bbox 2064 2194 2281 2243; x_wconf 78' lang='grc' dir='ltr'>ὑπήκουσαν.</span> <span class='ocrx_word' id='word_1_689' title='bbox 2293 2195 2403 2226; x_wconf 66' lang='grc' dir='ltr'>-’9Ᾰ</span> <span class='ocrx_word' id='word_1_690' title='bbox 2411 2199 2483 2236; x_wconf 82' lang='grc' dir='ltr'>Ρο-</span> 
     </span>
     <span class='ocr_line' id='line_1_92' title="bbox 1433 2252 2481 2308; baseline 0.002 -15"><span class='ocrx_word' id='word_1_691' title='bbox 1433 2256 1491 2294; x_wconf 90' lang='lat' dir='ltr'>sui</span> <span class='ocrx_word' id='word_1_692' title='bbox 1521 2252 1788 2308; x_wconf 81' lang='grc' dir='ltr'>ἀπετέτραπτο;’</span> <span class='ocrx_word' id='word_1_693' title='bbox 1815 2254 1929 2292; x_wconf 91' lang='lat' dir='ltr'>codd.</span> <span class='ocrx_word' id='word_1_694' title='bbox 1964 2253 2215 2306; x_wconf 84' lang='grc' dir='ltr'>ἀνετέτραπτο.</span> <span class='ocrx_word' id='word_1_695' title='bbox 2249 2275 2303 2285; x_wconf 88' lang='grc'><strong>-</strong></span> <span class='ocrx_word' id='word_1_696' title='bbox 2330 2253 2381 2279; x_wconf 78' lang='lat'>⁴⁹⁵</span> <span class='ocrx_word' id='word_1_697' title='bbox 2409 2256 2481 2295; x_wconf 78' lang='lat' dir='ltr'>Re·</span> 
     </span>
     <span class='ocr_line' id='line_1_93' title="bbox 1434 2311 2483 2365; baseline 0.002 -13"><span class='ocrx_word' id='word_1_698' title='bbox 1434 2314 1574 2365; x_wconf 85' lang='lat' dir='ltr'>scripsi</span> <span class='ocrx_word' id='word_1_699' title='bbox 1591 2315 1629 2352; x_wconf 81' lang='grc' dir='ltr'>οὐ</span> <span class='ocrx_word' id='word_1_700' title='bbox 1647 2313 1762 2363; x_wconf 88' lang='grc' dir='ltr'>μέντοι</span> <span class='ocrx_word' id='word_1_701' title='bbox 1779 2311 1812 2364; x_wconf 84' lang='grc' dir='ltr'>γ’</span> <span class='ocrx_word' id='word_1_702' title='bbox 1828 2311 1950 2363; x_wconf 78' lang='grc' dir='ltr'>ὅμοια;</span> <span class='ocrx_word' id='word_1_703' title='bbox 1966 2311 2062 2350; x_wconf 87' lang='lat' dir='ltr'>libri</span> <span class='ocrx_word' id='word_1_704' title='bbox 2076 2313 2138 2350; x_wconf 87' lang='grc' dir='ltr'>οὖκ</span> <span class='ocrx_word' id='word_1_705' title='bbox 2151 2311 2227 2351; x_wconf 83' lang='grc' dir='ltr'>ἔστι</span> <span class='ocrx_word' id='word_1_706' title='bbox 2245 2312 2274 2351; x_wconf 85' lang='grc' dir='ltr'>δ’</span> <span class='ocrx_word' id='word_1_707' title='bbox 2294 2313 2414 2364; x_wconf 82' lang='grc' dir='ltr'>ὅμοια.</span> <span class='ocrx_word' id='word_1_708' title='bbox 2429 2337 2483 2345; x_wconf 88' lang='grc'><strong>-</strong></span> 
     </span>
     <span class='ocr_line' id='line_1_94' title="bbox 1435 2371 2484 2424; baseline 0.002 -13"><span class='ocrx_word' id='word_1_709' title='bbox 1435 2372 1485 2396; x_wconf 84' lang='grc'>’96</span> <span class='ocrx_word' id='word_1_710' title='bbox 1503 2372 1630 2411; x_wconf 90' lang='grc' dir='ltr'>Μέσων</span> <span class='ocrx_word' id='word_1_711' title='bbox 1652 2372 1701 2410; x_wconf 87' lang='lat' dir='ltr'>ab</span> <span class='ocrx_word' id='word_1_712' title='bbox 1727 2371 1919 2410; x_wconf 87' lang='lat' dir='ltr'>Heerenio</span> <span class='ocrx_word' id='word_1_713' title='bbox 1939 2372 2182 2422; x_wconf 85' lang='lat' dir='ltr'>propositum</span> <span class='ocrx_word' id='word_1_714' title='bbox 2208 2374 2352 2424; x_wconf 89' lang='lat' dir='ltr'>recepi.</span> <span class='ocrx_word' id='word_1_715' title='bbox 2385 2373 2484 2413; x_wconf 89' lang='lat' dir='ltr'>Sunt</span> 
     </span>
     <span class='ocr_line' id='line_1_95' title="bbox 1435 2428 2483 2487; baseline 0 -15"><span class='ocrx_word' id='word_1_716' title='bbox 1435 2443 1561 2472; x_wconf 86' lang='lat' dir='ltr'>autem</span> <span class='ocrx_word' id='word_1_717' title='bbox 1578 2433 1651 2470; x_wconf 93' lang='lat' dir='ltr'>hoc</span> <span class='ocrx_word' id='word_1_718' title='bbox 1666 2433 1752 2470; x_wconf 94' lang='lat' dir='ltr'>loco</span> <span class='ocrx_word' id='word_1_719' title='bbox 1769 2431 1812 2470; x_wconf 87' lang='grc' dir='ltr'>τὰ</span> <span class='ocrx_word' id='word_1_720' title='bbox 1827 2430 1917 2481; x_wconf 81' lang='grc' dir='ltr'>μέσα</span> <span class='ocrx_word' id='word_1_721' title='bbox 1935 2444 2021 2481; x_wconf 87' lang='lat' dir='ltr'>quae</span> <span class='ocrx_word' id='word_1_722' title='bbox 2035 2428 2112 2469; x_wconf 89' lang='lat' dir='ltr'>alio</span> <span class='ocrx_word' id='word_1_723' title='bbox 2130 2431 2289 2470; x_wconf 90' lang='lat' dir='ltr'>nomine</span> <span class='ocrx_word' id='word_1_724' title='bbox 2310 2431 2483 2487; x_wconf 74' lang='grc' dir='ltr'>ἀδιάφορα</span> 
     </span>
     <span class='ocr_line' id='line_1_96' title="bbox 1434 2488 2483 2542; baseline -0.007 -11"><span class='ocrx_word' id='word_1_725' title='bbox 1434 2500 1637 2531; x_wconf 88' lang='lat' dir='ltr'>vocantur.</span> <span class='ocrx_word' id='word_1_726' title='bbox 1649 2491 1735 2537; x_wconf 82' lang='lat' dir='ltr'>Qua</span> <span class='ocrx_word' id='word_1_727' title='bbox 1744 2490 1790 2527; x_wconf 91' lang='lat' dir='ltr'>de</span> <span class='ocrx_word' id='word_1_728' title='bbox 1802 2502 1843 2527; x_wconf 91' lang='lat' dir='ltr'>re</span> <span class='ocrx_word' id='word_1_729' title='bbox 1853 2489 1908 2527; x_wconf 87' lang='lat' dir='ltr'>ita</span> <span class='ocrx_word' id='word_1_730' title='bbox 1917 2488 2069 2527; x_wconf 84' lang='lat' dir='ltr'>Gellius</span> <span class='ocrx_word' id='word_1_731' title='bbox 2081 2488 2148 2527; x_wconf 91' lang='lat' dir='ltr'>lib.</span> <span class='ocrx_word' id='word_1_732' title='bbox 2158 2488 2196 2526; x_wconf 88' lang='lat'>11</span> <span class='ocrx_word' id='word_1_733' title='bbox 2207 2503 2293 2541; x_wconf 89' lang='lat' dir='ltr'>cap.</span> <span class='ocrx_word' id='word_1_734' title='bbox 2305 2505 2326 2538; x_wconf 90' lang='lat'><em>7</em></span> <span class='ocrx_word' id='word_1_735' title='bbox 2343 2505 2352 2528; x_wconf 89' lang='lat'>:</span> <span class='ocrx_word' id='word_1_736' title='bbox 2367 2508 2381 2524; x_wconf 75' lang='grc' dir='ltr'>ι</span> <span class='ocrx_word' id='word_1_737' title='bbox 2396 2504 2483 2542; x_wconf 81' lang='lat' dir='ltr'>quae</span> 
     </span>
     <span class='ocr_line' id='line_1_97' title="bbox 1435 2548 2483 2597; baseline -0.002 -8"><span class='ocrx_word' id='word_1_738' title='bbox 1435 2564 1505 2589; x_wconf 89' lang='lat' dir='ltr'>sua</span> <span class='ocrx_word' id='word_1_739' title='bbox 1524 2550 1564 2588; x_wconf 88' lang='lat' dir='ltr'>vi</span> <span class='ocrx_word' id='word_1_740' title='bbox 1582 2558 1685 2588; x_wconf 85' lang='lat' dir='ltr'>reeta</span> <span class='ocrx_word' id='word_1_741' title='bbox 1707 2557 1772 2587; x_wconf 88' lang='lat' dir='ltr'>aut</span> <span class='ocrx_word' id='word_1_742' title='bbox 1788 2548 1950 2586; x_wconf 89' lang='lat' dir='ltr'>honesta</span> <span class='ocrx_word' id='word_1_743' title='bbox 1965 2556 2067 2595; x_wconf 89' lang='lat' dir='ltr'>sunt,</span> <span class='ocrx_word' id='word_1_744' title='bbox 2081 2557 2123 2586; x_wconf 94' lang='lat' dir='ltr'>ut</span> <span class='ocrx_word' id='word_1_745' title='bbox 2144 2548 2259 2586; x_wconf 87' lang='lat' dir='ltr'>fidem</span> <span class='ocrx_word' id='word_1_746' title='bbox 2280 2548 2423 2597; x_wconf 89' lang='lat' dir='ltr'>colere,</span> <span class='ocrx_word' id='word_1_747' title='bbox 2439 2557 2483 2587; x_wconf 95' lang='lat' dir='ltr'>ut</span> 
     </span>
     <span class='ocr_line' id='line_1_98' title="bbox 1436 2607 2482 2662; baseline -0.002 -14"><span class='ocrx_word' id='word_1_748' title='bbox 1436 2610 1600 2662; x_wconf 88' lang='lat' dir='ltr'>patriam</span> <span class='ocrx_word' id='word_1_749' title='bbox 1626 2607 1834 2646; x_wconf 88' lang='lat' dir='ltr'>defendere</span> <span class='ocrx_word' id='word_1_750' title='bbox 1848 2636 1859 2654; x_wconf 87' lang='lat'>,</span> <span class='ocrx_word' id='word_1_751' title='bbox 1883 2615 1926 2644; x_wconf 92' lang='lat' dir='ltr'>ut</span> <span class='ocrx_word' id='word_1_752' title='bbox 1948 2607 2091 2644; x_wconf 89' lang='lat' dir='ltr'>amicos</span> <span class='ocrx_word' id='word_1_753' title='bbox 2109 2607 2273 2656; x_wconf 85' lang='lat' dir='ltr'>diligere</span> <span class='ocrx_word' id='word_1_754' title='bbox 2287 2636 2299 2654; x_wconf 94' lang='lat'>,</span> <span class='ocrx_word' id='word_1_755' title='bbox 2331 2620 2378 2646; x_wconf 85' lang='lat' dir='ltr'>ea</span> <span class='ocrx_word' id='word_1_756' title='bbox 2395 2607 2482 2647; x_wconf 85' lang='lat' dir='ltr'>fleri</span> 
     </span>
     <span class='ocr_line' id='line_1_99' title="bbox 1438 2666 2482 2720; baseline 0 -14"><span class='ocrx_word' id='word_1_757' title='bbox 1438 2677 1614 2720; x_wconf 85' lang='lat' dir='ltr'>oportet,</span> <span class='ocrx_word' id='word_1_758' title='bbox 1645 2668 1728 2706; x_wconf 91' lang='lat' dir='ltr'>sive</span> <span class='ocrx_word' id='word_1_759' title='bbox 1756 2667 1920 2718; x_wconf 88' lang='lat' dir='ltr'>imperet</span> <span class='ocrx_word' id='word_1_760' title='bbox 1952 2674 2074 2716; x_wconf 88' lang='lat' dir='ltr'>pater,</span> <span class='ocrx_word' id='word_1_761' title='bbox 2097 2666 2182 2704; x_wconf 89' lang='lat' dir='ltr'>sive</span> <span class='ocrx_word' id='word_1_762' title='bbox 2204 2679 2283 2704; x_wconf 86' lang='lat' dir='ltr'>non</span> <span class='ocrx_word' id='word_1_763' title='bbox 2302 2666 2482 2718; x_wconf 87' lang='lat' dir='ltr'>imperet.</span> 
     </span>
     <span class='ocr_line' id='line_1_100' title="bbox 1438 2725 2483 2779; baseline -0.002 -13"><span class='ocrx_word' id='word_1_764' title='bbox 1438 2727 1513 2766; x_wconf 88' lang='lat' dir='ltr'>Sed</span> <span class='ocrx_word' id='word_1_765' title='bbox 1533 2741 1619 2779; x_wconf 92' lang='lat' dir='ltr'>quae</span> <span class='ocrx_word' id='word_1_766' title='bbox 1635 2727 1695 2765; x_wconf 85' lang='lat' dir='ltr'>his</span> <span class='ocrx_word' id='word_1_767' title='bbox 1711 2725 1922 2771; x_wconf 88' lang='lat' dir='ltr'>contraria,</span> <span class='ocrx_word' id='word_1_768' title='bbox 1941 2737 2105 2776; x_wconf 84' lang='lat' dir='ltr'>quaeque</span> <span class='ocrx_word' id='word_1_769' title='bbox 2121 2725 2250 2777; x_wconf 86' lang='lat' dir='ltr'>turpia</span> <span class='ocrx_word' id='word_1_770' title='bbox 2264 2734 2303 2763; x_wconf 88' lang='lat' dir='ltr'>et</span> <span class='ocrx_word' id='word_1_771' title='bbox 2321 2726 2483 2764; x_wconf 88' lang='lat' dir='ltr'>omnino</span> 
     </span>
     <span class='ocr_line' id='line_1_101' title="bbox 1441 2784 2483 2838; baseline -0.001 -13"><span class='ocrx_word' id='word_1_772' title='bbox 1441 2787 1577 2838; x_wconf 90' lang='lat' dir='ltr'>iniqua</span> <span class='ocrx_word' id='word_1_773' title='bbox 1596 2795 1704 2835; x_wconf 89' lang='lat' dir='ltr'>sunt,</span> <span class='ocrx_word' id='word_1_774' title='bbox 1725 2798 1769 2823; x_wconf 89' lang='lat' dir='ltr'>ea</span> <span class='ocrx_word' id='word_1_775' title='bbox 1788 2797 1836 2822; x_wconf 93' lang='lat' dir='ltr'>ne</span> <span class='ocrx_word' id='word_1_776' title='bbox 1855 2785 1888 2822; x_wconf 91' lang='lat' dir='ltr'>si</span> <span class='ocrx_word' id='word_1_777' title='bbox 1903 2784 2067 2835; x_wconf 89' lang='lat' dir='ltr'>imperet</span> <span class='ocrx_word' id='word_1_778' title='bbox 2083 2784 2253 2835; x_wconf 90' lang='lat' dir='ltr'>quidem.</span> <span class='ocrx_word' id='word_1_779' title='bbox 2268 2784 2363 2831; x_wconf 88' lang='lat' dir='ltr'>Quae</span> <span class='ocrx_word' id='word_1_780' title='bbox 2385 2798 2483 2824; x_wconf 83' lang='lat' dir='ltr'>vero</span> 
     </span>
     <span class='ocr_line' id='line_1_102' title="bbox 1441 2841 2483 2896; baseline -0.002 -12"><span class='ocrx_word' id='word_1_781' title='bbox 1441 2847 1482 2884; x_wconf 90' lang='lat' dir='ltr'>in</span> <span class='ocrx_word' id='word_1_782' title='bbox 1500 2846 1627 2884; x_wconf 87' lang='lat' dir='ltr'>medio</span> <span class='ocrx_word' id='word_1_783' title='bbox 1647 2853 1736 2883; x_wconf 93' lang='lat' dir='ltr'>sunt</span> <span class='ocrx_word' id='word_1_784' title='bbox 1752 2852 1789 2882; x_wconf 88' lang='lat' dir='ltr'>et</span> <span class='ocrx_word' id='word_1_785' title='bbox 1805 2856 1826 2881; x_wconf 93' lang='lat' dir='ltr'>a</span> <span class='ocrx_word' id='word_1_786' title='bbox 1839 2841 1985 2880; x_wconf 88' lang='lat' dir='ltr'>Graecis</span> <span class='ocrx_word' id='word_1_787' title='bbox 2005 2851 2086 2880; x_wconf 89' lang='lat' dir='ltr'>tum</span> <span class='ocrx_word' id='word_1_788' title='bbox 2101 2842 2272 2896; x_wconf 71' lang='grc' dir='ltr'>ἀδιάφορα</span> <span class='ocrx_word' id='word_1_789' title='bbox 2292 2852 2372 2881; x_wconf 90' lang='lat' dir='ltr'>tum</span> <span class='ocrx_word' id='word_1_790' title='bbox 2391 2842 2483 2895; x_wconf 84' lang='grc' dir='ltr'>μέσα</span> 
     </span>
     <span class='ocr_line' id='line_1_103' title="bbox 1441 2900 2475 2958; baseline -0.003 -14"><span class='ocrx_word' id='word_1_791' title='bbox 1441 2906 1709 2958; x_wconf 83' lang='lat' dir='ltr'>appellantur,</span> <span class='ocrx_word' id='word_1_792' title='bbox 1722 2912 1764 2941; x_wconf 88' lang='lat' dir='ltr'>ut</span> <span class='ocrx_word' id='word_1_793' title='bbox 1783 2903 1823 2940; x_wconf 92' lang='lat' dir='ltr'>in</span> <span class='ocrx_word' id='word_1_794' title='bbox 1851 2900 2029 2940; x_wconf 89' lang='lat' dir='ltr'>militiam</span> <span class='ocrx_word' id='word_1_795' title='bbox 2044 2901 2118 2950; x_wconf 89' lang='lat' dir='ltr'>ire,</span> <span class='ocrx_word' id='word_1_796' title='bbox 2139 2916 2205 2941; x_wconf 85' lang='lat' dir='ltr'>rus</span> <span class='ocrx_word' id='word_1_797' title='bbox 2229 2903 2378 2951; x_wconf 87' lang='lat' dir='ltr'>colere,</span> <span class='ocrx_word' id='word_1_798' title='bbox 2404 2902 2475 2941; x_wconf 91' lang='lat' dir='ltr'>ho-</span> 
     </span>
     <span class='ocr_line' id='line_1_104' title="bbox 1441 2961 2484 3015; baseline -0.004 -12"><span class='ocrx_word' id='word_1_799' title='bbox 1441 2978 1556 3003; x_wconf 87' lang='lat' dir='ltr'>nores</span> <span class='ocrx_word' id='word_1_800' title='bbox 1573 2975 1793 3015; x_wconf 87' lang='lat' dir='ltr'>capessere,</span> <span class='ocrx_word' id='word_1_801' title='bbox 1814 2973 1948 2999; x_wconf 89' lang='lat' dir='ltr'>causas</span> <span class='ocrx_word' id='word_1_802' title='bbox 1974 2961 2203 3008; x_wconf 84' lang='lat' dir='ltr'>defendere,</span> <span class='ocrx_word' id='word_1_803' title='bbox 2226 2974 2388 2999; x_wconf 89' lang='lat' dir='ltr'>uxorem</span> <span class='ocrx_word' id='word_1_804' title='bbox 2411 2962 2484 3003; x_wconf 90' lang='lat' dir='ltr'>du-</span> 
     </span>
     <span class='ocr_line' id='line_1_105' title="bbox 1442 3020 2486 3073; baseline -0.002 -11"><span class='ocrx_word' id='word_1_805' title='bbox 1442 3037 1552 3072; x_wconf 90' lang='lat' dir='ltr'>cere,</span> <span class='ocrx_word' id='word_1_806' title='bbox 1585 3023 1642 3071; x_wconf 77' lang='lat' dir='ltr'>uti</span> <span class='ocrx_word' id='word_1_807' title='bbox 1668 3022 1820 3073; x_wconf 88' lang='lat' dir='ltr'>jussum</span> <span class='ocrx_word' id='word_1_808' title='bbox 1852 3020 2078 3071; x_wconf 83' lang='lat' dir='ltr'>proficisci,</span> <span class='ocrx_word' id='word_1_809' title='bbox 2103 3029 2146 3058; x_wconf 91' lang='lat' dir='ltr'>ut</span> <span class='ocrx_word' id='word_1_810' title='bbox 2173 3021 2400 3059; x_wconf 89' lang='lat' dir='ltr'>accersitum</span> <span class='ocrx_word' id='word_1_811' title='bbox 2417 3034 2486 3060; x_wconf 82' lang='lat' dir='ltr'>ve-</span> 
     </span>
     <span class='ocr_line' id='line_1_106' title="bbox 1442 3080 2486 3134; baseline 0 -14"><span class='ocrx_word' id='word_1_812' title='bbox 1442 3085 1543 3131; x_wconf 87' lang='lat' dir='ltr'>nire,</span> <span class='ocrx_word' id='word_1_813' title='bbox 1559 3083 1740 3134; x_wconf 88' lang='lat' dir='ltr'>quoniam</span> <span class='ocrx_word' id='word_1_814' title='bbox 1758 3090 1795 3118; x_wconf 91' lang='lat' dir='ltr'>et</span> <span class='ocrx_word' id='word_1_815' title='bbox 1813 3080 1895 3118; x_wconf 87' lang='lat' dir='ltr'>haec</span> <span class='ocrx_word' id='word_1_816' title='bbox 1913 3089 1951 3117; x_wconf 88' lang='lat' dir='ltr'>et</span> <span class='ocrx_word' id='word_1_817' title='bbox 1969 3080 2031 3118; x_wconf 86' lang='lat' dir='ltr'>his</span> <span class='ocrx_word' id='word_1_818' title='bbox 2049 3080 2195 3118; x_wconf 87' lang='lat' dir='ltr'>similia</span> <span class='ocrx_word' id='word_1_819' title='bbox 2210 3093 2280 3132; x_wconf 89' lang='lat' dir='ltr'>per</span> <span class='ocrx_word' id='word_1_820' title='bbox 2300 3093 2384 3119; x_wconf 88' lang='lat' dir='ltr'>sese</span> <span class='ocrx_word' id='word_1_821' title='bbox 2398 3081 2486 3132; x_wconf 83' lang='lat' dir='ltr'>ipsa</span> 
     </span>
     <span class='ocr_line' id='line_1_107' title="bbox 1443 3139 2485 3193; baseline -0.002 -12"><span class='ocrx_word' id='word_1_822' title='bbox 1443 3156 1568 3193; x_wconf 87' lang='lat' dir='ltr'>neque</span> <span class='ocrx_word' id='word_1_823' title='bbox 1589 3142 1793 3180; x_wconf 81' lang='lat' dir='ltr'>inhonesta</span> <span class='ocrx_word' id='word_1_824' title='bbox 1811 3149 1902 3178; x_wconf 90' lang='lat' dir='ltr'>sunt</span> <span class='ocrx_word' id='word_1_825' title='bbox 1920 3153 2044 3190; x_wconf 88' lang='lat' dir='ltr'>neque</span> <span class='ocrx_word' id='word_1_826' title='bbox 2063 3140 2193 3191; x_wconf 85' lang='lat' dir='ltr'>turpia</span> <span class='ocrx_word' id='word_1_827' title='bbox 2206 3169 2216 3186; x_wconf 96' lang='lat'>‚</span> <span class='ocrx_word' id='word_1_828' title='bbox 2237 3139 2304 3178; x_wconf 86' lang='lat' dir='ltr'>sed</span> <span class='ocrx_word' id='word_1_829' title='bbox 2320 3140 2485 3191; x_wconf 87' lang='lat' dir='ltr'>perinde</span> 
     </span>
     <span class='ocr_line' id='line_1_108' title="bbox 1445 3199 2483 3251; baseline -0.002 -11"><span class='ocrx_word' id='word_1_830' title='bbox 1445 3211 1485 3239; x_wconf 89' lang='lat' dir='ltr'>ut</span> <span class='ocrx_word' id='word_1_831' title='bbox 1503 3215 1525 3240; x_wconf 88' lang='lat' dir='ltr'>a</span> <span class='ocrx_word' id='word_1_832' title='bbox 1541 3202 1657 3240; x_wconf 89' lang='lat' dir='ltr'>nobis</span> <span class='ocrx_word' id='word_1_833' title='bbox 1675 3209 1854 3251; x_wconf 88' lang='lat' dir='ltr'>aguntur,</span> <span class='ocrx_word' id='word_1_834' title='bbox 1868 3200 1922 3238; x_wconf 89' lang='lat' dir='ltr'>ita</span> <span class='ocrx_word' id='word_1_835' title='bbox 1944 3200 2041 3251; x_wconf 88' lang='lat' dir='ltr'>ipsis</span> <span class='ocrx_word' id='word_1_836' title='bbox 2064 3199 2284 3237; x_wconf 86' lang='lat' dir='ltr'>actionibus</span> <span class='ocrx_word' id='word_1_837' title='bbox 2307 3208 2373 3237; x_wconf 89' lang='lat' dir='ltr'>aut</span> <span class='ocrx_word' id='word_1_838' title='bbox 2387 3212 2483 3250; x_wconf 91' lang='lat' dir='ltr'>pro-</span> 
     </span>
     <span class='ocr_line' id='line_1_109' title="bbox 1442 3252 2481 3310; baseline -0.003 -11"><span class='ocrx_word' id='word_1_839' title='bbox 1442 3260 1571 3299; x_wconf 87' lang='lat' dir='ltr'>banda</span> <span class='ocrx_word' id='word_1_840' title='bbox 1587 3261 1686 3299; x_wconf 88' lang='lat' dir='ltr'>fiunt</span> <span class='ocrx_word' id='word_1_841' title='bbox 1710 3268 1775 3298; x_wconf 90' lang='lat' dir='ltr'>aut</span> <span class='ocrx_word' id='word_1_842' title='bbox 1806 3252 2125 3310; x_wconf 84' lang='lat' dir='ltr'>reprehendenda</span> <span class='ocrx_word' id='word_1_843' title='bbox 2157 3273 2166 3295; x_wconf 72' lang='grc' dir='ltr'><strong>ε</strong></span> <span class='ocrx_word' id='word_1_844' title='bbox 2206 3266 2414 3309; x_wconf 86' lang='lat' dir='ltr'>propterea</span> <span class='ocrx_word' id='word_1_845' title='bbox 2438 3258 2481 3296; x_wconf 87' lang='lat' dir='ltr'>in</span> 
     </span>
     <span class='ocr_line' id='line_1_110' title="bbox 1443 3315 2484 3370; baseline -0.003 -14"><span class='ocrx_word' id='word_1_846' title='bbox 1443 3319 1668 3370; x_wconf 87' lang='lat' dir='ltr'>hujusmodi</span> <span class='ocrx_word' id='word_1_847' title='bbox 1690 3319 1863 3356; x_wconf 90' lang='lat' dir='ltr'>omnium</span> <span class='ocrx_word' id='word_1_848' title='bbox 1892 3330 2021 3355; x_wconf 89' lang='lat' dir='ltr'>rerum</span> <span class='ocrx_word' id='word_1_849' title='bbox 2056 3315 2263 3366; x_wconf 90' lang='lat' dir='ltr'>generibus</span> <span class='ocrx_word' id='word_1_850' title='bbox 2294 3316 2392 3367; x_wconf 88' lang='lat' dir='ltr'>patri</span> <span class='ocrx_word' id='word_1_851' title='bbox 2415 3329 2484 3367; x_wconf 83' lang='lat' dir='ltr'>pa·</span> 
     </span>
     <span class='ocr_line' id='line_1_111' title="bbox 1445 3375 2485 3427; baseline -0.003 -12"><span class='ocrx_word' id='word_1_852' title='bbox 1445 3378 1606 3416; x_wconf 86' lang='lat' dir='ltr'>rendum</span> <span class='ocrx_word' id='word_1_853' title='bbox 1627 3391 1710 3416; x_wconf 88' lang='lat' dir='ltr'>esse</span> <span class='ocrx_word' id='word_1_854' title='bbox 1730 3385 1900 3415; x_wconf 82' lang='lat' dir='ltr'>censent.</span> <span class='ocrx_word' id='word_1_855' title='bbox 1927 3394 1941 3410; x_wconf 69' lang='lat' dir='ltr'>»a</span> <span class='ocrx_word' id='word_1_856' title='bbox 1970 3376 2027 3413; x_wconf 92' lang='lat' dir='ltr'>De</span> <span class='ocrx_word' id='word_1_857' title='bbox 2057 3383 2300 3427; x_wconf 83' lang='lat' dir='ltr'>peccatorum</span> <span class='ocrx_word' id='word_1_858' title='bbox 2322 3375 2485 3425; x_wconf 86' lang='lat' dir='ltr'>aequali-</span> 
     </span>
     <span class='ocr_line' id='line_1_112' title="bbox 1442 3432 2492 3485; baseline -0.001 -13"><span class='ocrx_word' id='word_1_859' title='bbox 1442 3444 1518 3473; x_wconf 86' lang='lat' dir='ltr'>tate</span> <span class='ocrx_word' id='word_1_860' title='bbox 1539 3437 1699 3485; x_wconf 81' lang='lat' dir='ltr'>legenda</span> <span class='ocrx_word' id='word_1_861' title='bbox 1716 3437 1831 3474; x_wconf 85' lang='lat' dir='ltr'>etiam</span> <span class='ocrx_word' id='word_1_862' title='bbox 1847 3442 1937 3473; x_wconf 86' lang='lat' dir='ltr'>sunt</span> <span class='ocrx_word' id='word_1_863' title='bbox 1953 3446 2039 3485; x_wconf 66' lang='lat' dir='ltr'>quae</span> <span class='ocrx_word' id='word_1_864' title='bbox 2059 3433 2272 3484; x_wconf 84' lang='lat' dir='ltr'>disputavit</span> <span class='ocrx_word' id='word_1_865' title='bbox 2287 3432 2426 3470; x_wconf 87' lang='lat' dir='ltr'>Cicero</span> <span class='ocrx_word' id='word_1_866' title='bbox 2443 3433 2492 3476; x_wconf 71' lang='lat' dir='ltr'>in,</span> 
     </span>
     <span class='ocr_line' id='line_1_113' title="bbox 1443 3490 2486 3544; baseline -0.002 -14"><span class='ocrx_word' id='word_1_867' title='bbox 1443 3493 1671 3534; x_wconf 78' lang='lat' dir='ltr'>paradoxis.</span> <span class='ocrx_word' id='word_1_868' title='bbox 1688 3516 1742 3524; x_wconf 97' lang='lat'>—</span> <span class='ocrx_word' id='word_1_869' title='bbox 1760 3493 1809 3517; x_wconf 87' lang='grc'>’97</span> <span class='ocrx_word' id='word_1_870' title='bbox 1824 3493 1938 3532; x_wconf 92' lang='lat' dir='ltr'>Solus</span> <span class='ocrx_word' id='word_1_871' title='bbox 1952 3492 2106 3544; x_wconf 83' lang='lat' dir='ltr'>sapiens</span> <span class='ocrx_word' id='word_1_872' title='bbox 2122 3491 2261 3531; x_wconf 84' lang='lat' dir='ltr'>Stoicis</span> <span class='ocrx_word' id='word_1_873' title='bbox 2279 3490 2486 3529; x_wconf 82' lang='lat' dir='ltr'>videbatur</span> 
     </span>
    </p>
   </div>
  </div>
 </body>
</html>
