2606 3828
339 260 414 292 300

335 341 471 392 πτερῶν
516 341 605 377 εἶναι
651 335 787 387 μικρόν,
821 333 860 371 τὸ
900 331 935 370 δὲ
973 329 1113 382 κέντρον
1148 328 1375 382 δριμύτατον.

335 395 505 450 Ἔχαιρεν
523 390 581 435 οὖν
601 397 644 445 τῇ
664 391 844 446 παῤῥησία
864 395 922 429 τοῦ
940 388 1133 437 Διογένους.

392 455 579 509 (Stobaeus
610 453 748 491 Floril.
778 449 868 488 xlll
884 477 895 495 ,
926 461 971 497 ¹9
1003 447 1116 486 Conf.
1139 445 1381 485 Antisthenis

340 516 474 565 fragm.
499 515 561 559 80,
584 521 622 550 et
655 511 846 549 dissertat.
870 508 917 545 de
935 506 1102 544 Antisth.
1124 506 1214 545 adn.
1233 505 1298 545 58.
1313 503 1381 556 —)

389 588 419 613 ι.
452 574 556 612 Δοκεῖ
576 570 611 609 δὲ
627 570 697 612 τοῖς
722 567 784 618 μὲν
805 560 842 604 εὖ
860 564 1051 617 πράττουσι
1067 567 1136 603 τῶν
1153 563 1344 617 ἀνθρώπων
1361 565 1380 601 ὃ

338 633 400 686 μὲν
422 632 493 685 βίος
510 630 673 681 ἀμείνων,
689 629 707 665 ὁ
726 626 761 665 δὲ
776 625 921 668 θάνατος
940 622 996 661 διὰ
1015 626 1117 661 τοῦτο
1129 622 1362 675 λυπηρότερος
1373 637 1382 646 ·

338 695 370 732 οἱ
390 691 419 730 δ’
438 684 481 728 αὖ
496 690 612 732 κακῶς
641 688 764 732 ζῶντες
781 683 839 721 τὸν
852 683 914 734 μὲν
935 682 1009 733 βίον
1027 680 1295 735 δυσχερέστερον
1320 680 1381 734 φέ-

341 765 455 804 ρουσι,
472 747 530 787 τὸν
560 748 596 784 δὲ
629 744 774 784 θάνατον
793 741 890 788 ἥδιον
909 739 1179 792 προσδέχονται.
1237 742 1271 779 Τ
1273 745 1322 784 οἷς
1345 739 1381 778 δὲ

340 809 517 861 τυράννοις
535 803 715 857 ἀμφότερα
733 804 844 840 ταῦτα
859 797 1092 853 χαλεπώτερα
1107 797 1130 845 ἢ
1151 800 1221 842 τοῖς
1242 798 1380 843 ἄλλοις·

338 869 421 912 ζῶσι
437 864 498 916 μὲν
512 862 578 914 γὰρ
594 860 682 900 πολὺ
699 859 905 910 ἀηδέστερον
920 860 989 896 τῶν
1010 857 1101 896 πάνυ
1122 857 1381 909 ἐπιθυμούντων

340 923 515 970 τεθνάναι,
534 921 591 959 τὸν
616 919 651 958 δὲ
672 918 819 957 θάνατον
839 915 931 955 οὕτω
950 915 1160 968 δεδοίκασιν,
1181 919 1228 962 ὡς
1254 915 1383 964 ἥδιστα

342 982 512 1033 διάγοντες
532 982 567 1018 ἐν
587 980 637 1030 τῷ
659 977 738 1030 βίῳ.

392 1038 585 1092 (Stobaeus
615 1035 749 1076 Floril.
770 1032 915 1082 XLIX,
938 1046 1001 1081 27.
1024 1032 1083 1073 Cf.
1107 1033 1183 1073 Dio
1203 1033 1378 1085 Chryso-

339 1107 485 1137 stomus
505 1110 546 1148 p.
567 1095 655 1147 95.)

403 1206 450 1259 53'·
472 1181 677 1246 ΤΝΩΜΑῙ
707 1203 794 1244 Kar
823 1203 1223 1244 ΑΠΟΦΘΕΓΜΑΤΑ
1253 1204 1322 1243 Ex

504 1263 767 1306 ΔιΑΦοΡΩΝ
795 1262 1213 1304 ΣΥΝΕΙΛΕΓΜΕΝΑ.

390 1383 422 1410 ιι.
454 1367 721 1418 Πυνθανομένου
742 1366 832 1411 τινὸς
851 1368 926 1411 πῶς
947 1366 989 1405 ἄν
1014 1382 1065 1411 τις
1086 1368 1210 1405 ἑαυτοῦ
1236 1365 1385 1418 γένοιτο,

339 1431 386 1470 Εἰ
416 1428 501 1480 ὑπὲρ
529 1422 577 1466 ὧν
604 1429 750 1480 ἐπιτιμᾷ
778 1427 849 1470 τοῖς
882 1426 1018 1476 ἄλλοις,
1059 1425 1150 1478 ἔφη,
1186 1425 1246 1464 καὶ
1275 1428 1388 1479 ἑαυτῷ

338 1486 516 1541 ἐπιτιμῴη
537 1485 707 1536 μάλιστα.

394 1546 581 1598 (Stobaeus
600 1545 735 1585 Floril.
754 1544 790 1594 I,
807 1542 888 1597 32.)

391 1620 423 1647 7.
456 1603 714 1649 Ὀνειδίσαντος
751 1604 846 1656 αὐτῷ
880 1617 989 1650 τινος,
1008 1603 1054 1646 ὡς
1086 1605 1134 1647 εἷς
1173 1602 1389 1656 ἀκαθάρτους

340 1665 465 1709 τόπους
495 1662 711 1716 εἰσέρχεται,
732 1662 815 1717 ἔφη·
844 1661 916 1701 Καὶ
942 1664 960 1700 ὃ
979 1660 1094 1711 ἥλιος,
1118 1663 1197 1701 ἀλλ’
1219 1663 1256 1701 οὐ
1285 1662 1391 1714 μιαί..

341 1739 454 1764 νεται.

397 1781 601 1833 (Antonius
633 1789 672 1819 et
695 1780 889 1819 Maximus
911 1779 1035 1820 Serm.
1057 1780 1105 1818 de
1133 1780 1225 1818 vitae
1243 1780 1391 1819 virtute

310 1836 312 1838 ¹
341 1851 379 1880 et
396 1842 494 1879 vitio
513 1855 556 1892 p.
580 1839 661 1891 35.)

395 1915 425 1940 8.
458 1898 615 1952 “Ημέρας
643 1897 728 1938 ποτὲ
759 1898 886 1950 λύχνον
921 1897 1014 1951 ἅψας
1041 1898 1198 1952 περιῄει·
1216 1902 1392 1938 πυνθανο-

343 1959 457 2010 μένων
473 1958 510 1998 δέ
531 1973 646 2007 τινων,
662 1957 748 2011 πρὸς
767 1958 800 1996 τί
819 1960 943 2006 τοῦτος
967 1957 1099 2009 ἔλεγεν,
1111 1955 1312 2011 Ἄνθρωπον
1331 1960 1391 2007 ζη·

341 2034 428 2061 τειν.

397 2081 604 2133 (Antonius
634 2083 672 2120 et
704 2081 898 2119 Maximus
933 2082 1055 2121 Sei-m.
1090 2081 1278 2120 malitiam
1309 2095 1393 2121 esse

347 2141 498 2179 facilem
519 2154 559 2192 p.
583 2139 662 2192 39.)

395 2213 424 2238 9.
454 2197 619 2250 Διογένης
638 2196 808 2237 ἐνουθέτει
826 2196 904 2236 τινὰ
925 2197 1089 2250 πονηρόν·
1104 2198 1328 2251 ἐρωτώμενος
1354 2200 1391 2239 δὲ

344 2323 499 2356 acerrime
511 2322 701 2364 pungerent.
724 2321 948 2355 Delectabatur
963 2322 1060 2363 igitur
1075 2322 1228 2356 liberiore
1240 2323 1393 2364 Diogenis

345 2389 503 2414 sermone.

391 2444 422 2472 5.
439 2439 633 2472 Hominibus
647 2438 819 2471 fortunatis
830 2439 896 2471 vita
909 2438 1040 2472 videtur
1054 2448 1124 2472 esse
1137 2440 1249 2473 melior
1258 2440 1395 2483 ideoque

350 2507 437 2530 mors
453 2498 619 2530 molestior
639 2507 649 2529 ι
666 2498 856 2530 infortunati
878 2501 988 2530 contra
1008 2498 1108 2530 vitam
1131 2499 1248 2539 aegrius
1270 2500 1395 2541 ferunt,

1083 238 1391 282 CYNICORUM
1433 233 1767 279 FRAGMENTA.

1440 327 1507 366 ὖπό
1525 340 1636 373 τινος,
1657 323 1693 363 τί
1713 324 1815 361 τοῦτο
1833 322 1965 370 ποιεῖς,
1984 315 2068 371 ἔφη·
2089 314 2243 358 Αἰθίοπα
2261 313 2414 367 σμήχω,
2429 311 2488 352 ἵνα

1444 383 1566 424 λευκὸν
1590 381 1742 429 ποιήσω.

1496 442 1708 495 (Antonius
1738 447 1777 477 et
1809 435 2003 475 Maximus
2034 433 2159 475 Serm.
2184 433 2233 472 de
2261 429 2494 471 hominibus

1444 503 1559 541 malis
1577 515 1618 554 p.
1646 499 1730 550 64.)

1498 574 1546 601 ιο.
1577 560 1624 600 Οἱ
1646 558 1709 609 μὲν
1743 554 1858 608 ἰατροὶ
1892 553 1955 599 τὰς
1985 554 2054 593 τῶν
2080 553 2266 592 ἔκλεικτῶν
2296 548 2492 605 φαρμάκων

1444 619 1586 672 πικρίας
1617 619 1755 670 μέλιτι,
1772 616 1805 654 ot
1837 613 1875 653 δὲ
1904 612 2005 667 σοφοὶ
2035 611 2099 656 τὰς
2127 613 2198 650 τῶν
2225 609 2495 663 δυσκολοηίρων

1446 676 1639 730 ἀνθρώπων
1659 672 1800 726 ὁμιλίας
1817 671 2002 726 ἱλαρότητι
2020 670 2279 724 γλυκαίνουσιν.

1503 735 1712 787 (Antonius
1747 741 1786 771 et
1813 732 2009 771 Maximus
2039 730 2166 771 Serm.
2190 729 2240 768 de
2271 726 2496 774 hominibus

1446 795 1560 833 malis
1578 808 1619 846 p.
1639 791 1721 846 64.)
1950 783 1956 789 ⁸

1501 867 1549 893 11.
1580 852 1678 906 Ἔφη
1710 867 1763 895 τις
1791 850 1850 890 τὸν
1881 849 2049 902 Διογένην
2082 848 2227 897 ἀνόητον
2260 839 2372 895 εἶναι,
2390 849 2410 887 ὁ
2440 843 2499 885 δέ·

1447 912 1605 961 Ἀνόητος
1631 910 1695 962 μὲν
1723 913 1786 958 οὐκ
1813 909 1912 962 εἶμί,
1939 908 1998 949 τὸν
2017 908 2054 949 δὲ
2083 908 2188 948 αὐτὸν
2216 909 2301 959 ὑμῖν
2318 907 2411 945 ’νοῦν
2436 905 2501 944 οὗκ

1448 971 1534 1024 ἔχω.

1503 1029 1695 1081 (Stobaeus
1714 1028 1852 1070 Floril.
1876 1027 1956 1075 111,
1976 1026 2056 1079 62.)

1504 1103 1549 1129 12.
1581 1088 1819 1138 Πωλούμενος
1838 1088 1873 1126 ἐν
1897 1085 2070 1139 Κορίνθῳ,
2084 1083 2250 1138 ἐρομένου
2262 1084 2323 1122 τοῦ
2338 1080 2501 1135 κήρυκος,

1447 1145 1481 1185 τί
1498 1145 1709 1196 ἐπίστασαι;
1725 1145 1949 1198 Ἀνθρώπων,
1966 1145 2047 1198 ἔφη,
2067 1142 2202 1195 ἄρχειν.
2258 1139 2334 1181 Καὶ
2355 1141 2375 1178 ὁ
2394 1137 2505 1192 κήρυξ

1448 1204 1610 1257 γελάσας·
1623 1204 1729 1256 Μέγα
1743 1203 1962 1255 ἐπιτήδευμα
1976 1203 2099 1250 πωλῶ,
2115 1200 2213 1245 εἴτις
2226 1199 2317 1239 θέλει
2334 1196 2505 1251 πρίασθαι

1448 1280 1577 1317 κυριον.

1504 1323 1691 1378 (Stobaeus
1709 1323 1847 1362 Florii.
1867 1322 1943 1372 Ill,
1959 1322 2025 1361 63.
2040 1320 2148 1360 Idem
2163 1327 2296 1358 narrat
2307 1318 2505 1369 Diogenes

1450 1383 1627 1422 Laertius
1640 1382 1711 1422 lib.
1728 1381 1796 1431 Vl,
1816 1396 1867 1433 29
1887 1395 1898 1422 ε
1915 1380 2001 1436 φησὶ
2011 1379 2049 1420 δὲ
2067 1379 2254 1424 Μένιππος
2269 1380 2305 1417 ἐν
2321 1380 2364 1431 τῇ
2383 1375 2508 1429 Διογέ·

1449 1457 1526 1486 νους
1556 1441 1706 1494 πράσει,
1726 1443 1773 1485 ὥς
1805 1440 1910 1484 ἁλοὺς
1942 1440 2003 1479 καὶ
2029 1438 2256 1490 πωλούμενος
2283 1437 2449 1491 ἠρωτήθη
2469 1434 2506 1474 τί

1450 1494 1520 1538 οἶδε
1541 1505 1674 1548 ποιεῐν;
1694 1499 1928 1553 ἀπεκρίνατο·
1953 1497 2103 1551 Ἀνδρῶν
2133 1497 2268 1550 ἄρχειν.
2329 1494 2402 1536 Καὶ
2420 1493 2510 1548 πρὸς

1451 1558 1508 1598 τὸν
1540 1558 1700 1612 κήρυκα,
1726 1559 1919 1612 Κήρυσσε,
1939 1557 2030 1610 ἔφη,
2047 1555 2079 1595 εἴ
2107 1572 2159 1600 τις
2191 1555 2301 1595 ἐθέλει
2334 1553 2507 1601 δεσπότην

1454 1621 1550 1672 αὑτῷ
1571 1618 1755 1671 πρίασθαι.
1812 1617 1992 1661 Κωλυθεὶς
2010 1614 2234 1665 καθίζεσθαι,
2253 1613 2385 1661 Οὐδέν,
2414 1612 2508 1667 ἔφη,

1455 1679 1632 1732 διαφέρει·
1653 1678 1714 1717 καὶ
1732 1676 1800 1731 γὰρ
1828 1677 1908 1722 τοὺς
1925 1678 2024 1730 ἰχθῦς
2039 1675 2133 1719 ὅπως
2150 1674 2193 1714 ἂν
2213 1674 2347 1714 κέοιντο
2367 1671 2510 1726 πιπρά-

1455 1738 1625 1790 σκεσθαι.)

1511 1811 1559 1838 13.
1591 1796 1700 1837 Ἐπεὶ
1720 1796 1757 1836 δὲ
1783 1797 1818 1835 ἐν
1846 1797 1891 1846 τῇ
1919 1800 2006 1848 στοᾷ
2031 1792 2207 1832 ἀνάπαλιν
2235 1793 2511 1845 περιπατοῦντος

1454 1852 1563 1890 αὐτοῦ
1589 1851 1720 1901 ἐγέλων
1742 1848 1852 1897 τινές,
1872 1841 1950 1894 Εἶτ’
1967 1849 2030 1887 οὔκ
2044 1844 2270 1899 αἰσχύνεσθε,
2289 1837 2399 1892 εἶπεν,
2411 1845 2511 1894 ὖμεῖς

1453 1909 1518 1957 τὴν
1538 1911 1572 1949 ἐν
1588 1912 1640 1963 τῷ
1663 1909 1729 1962 βίῳ
1750 1908 1830 1948 ὁδὸν
1854 1906 2029 1946 ἀνάπαλιν
2052 1902 2301 1958 πορευόμενοι,
2324 1904 2412 1954 ἐμοῦ
2443 1901 2508 1949 τὴν

1456 1972 1490 2008 ἐν
1511 1972 1562 2022 τῷ
1583 1970 1789 2022 περιπατεῖν
1808 1965 2090 2017 κατεγνωκότες;

1514 2028 1708 2079 (Stobaeus
1725 2027 1863 2067 Floril.
1884 2026 1950 2074 IV,
1973 2025 2054 2076 84.)

1516 2101 1561 2127 14.
1593 2086 1760 2139 Διογένης
1781 2085 1880 2137 ἔλεγε
1899 2084 1978 2128 τοὺς
1997 2082 2199 2136 ἀνθρώπους
2217 2082 2263 2121 τὰ
2283 2079 2347 2133 μὲν
2365 2079 2452 2134 πρὸς
2469 2079 2512 2119 τὸ

1458 2147 1521 2193 ζῆν
1551 2146 1777 2198 πορίζεσθαι,
1806 2143 1853 2183 τὰ
1879 2143 1916 2183 δὲ
1946 2142 2034 2196 πρὸς
2063 2141 2104 2181 τὸ
2136 2136 2176 2181 εὖ
2205 2143 2267 2188 ζ’ῆν
2293 2140 2333 2179 οὗ
2363 2138 2510 2192 πορίζε-

1456 2208 1549 2243 σθαι.

1457 2327 1674 2368 interrogatus
1707 2329 1839 2366 autem,
1867 2325 2079 2367 quamobrem
2116 2324 2248 2357 tandem
2278 2323 2340 2356 hoe
2368 2322 2510 2361 faceret,

1457 2386 1670 2428 AEtlziopem,
1689 2385 1812 2427 inquit,
1829 2384 1986 2426 deterqo,
2007 2385 2051 2417 ut
2069 2382 2265 2416 candidum
2284 2381 2445 2415 reddam.

1502 2450 1551 2480 10.
1574 2446 1860 2485 Quemadmodum
1889 2445 2002 2479 medici
2023 2444 2332 2478 medicamentorum
2351 2451 2426 2485 qum
2451 2441 2510 2475 de-

1456 2508 1623 2550 linguntur
1649 2508 1896 2541 amaritudinem
1919 2507 2017 2540 melle
2039 2505 2167 2539 dulcem
2184 2505 2323 2538 reddunt
2350 2517 2361 2538 z
2389 2505 2437 2538 sie
2455 2511 2510 2538 ⁸⁸-

349 2559 486 2589 mortem
519 2556 668 2589 libentius
697 2556 831 2589 obeunt.
893 2557 1051 2597 Tyrannis
1080 2559 1190 2590 autem
1219 2559 1396 2600 utrumque
1422 2579 1426 2629 Ι
1458 2572 1582 2613 pientes
1613 2570 1830 2603 diffieffim-um
1871 2569 2039 2603 hominum
2077 2566 2321 2609 congregsjones
2351 2565 2512 2601 him-jhu,

349 2615 510 2647 difficilius
538 2615 588 2646 est
609 2622 706 2655 quam
733 2614 864 2655 reliquis
886 2628 894 2647 :
924 2615 1042 2647 vivunt
1068 2615 1154 2648 enim
1179 2617 1284 2649 multo
1313 2618 1397 2658 inju-

352 2672 488 2704 cundius
516 2680 612 2713 quam
641 2672 687 2704 illi
714 2673 772 2713 qui
801 2673 881 2705 mori
909 2674 1119 2706 vehementer
1142 2676 1293 2717 cupiunt,
1313 2685 1397 2709 mor-

352 2732 419 2762 tem
441 2738 516 2762 vero
538 2734 603 2762 tam
628 2730 761 2771 timent,
786 2739 883 2771 quam
900 2731 955 2772 qui
976 2732 1201 2765 suavissimam
1223 2734 1321 2766 vitam
1339 2735 1398 2768 de-

353 2789 441 2828 gunt.

447 2875 478 2903 2.
502 2871 746 2904 SENTENTlAE
768 2873 821 2904 ΕΤ
843 2873 1219 2907 APOPHTHEGMATA
1242 2877 1301 2908 Ex

489 2930 684 2962 DIVERSIS
705 2930 1007 2963 SCRIPTORIBUS
1029 2933 1260 2967 GOLLECTA.

397 3006 428 3034 6.
450 3002 639 3035 sciscitante
673 3003 831 3044 quodam,
858 3013 922 3044 quo
947 3006 1042 3045 pacto
1072 3007 1143 3047 quis
1161 3008 1209 3039 sui
1229 3007 1311 3049 juris
1329 3017 1400 3042 esse

359 3063 485 3102 posset,
501 3061 689 3101 respondit:
721 3060 754 3093 Si
780 3061 868 3094 eain
890 3062 1008 3103 quibus
1034 3064 1112 3096 alios
1136 3066 1399 3107 reprehenderet,

355 3119 452 3151 etiam
469 3119 530 3151 sibi
550 3119 754 3160 potissimum
773 3119 958 3160 objectaret.

393 3182 422 3212 7.
443 3180 551 3216 Quum
563 3180 591 3212 ei
604 3179 736 3221 quidam
746 3179 911 3220 objiceret,
923 3181 1010 3221 quod
1025 3182 1094 3214 loca
1109 3182 1236 3224 impura
1248 3184 1402 3226 intraret,

354 3238 457 3270 Etiam
477 3238 543 3279 sol,
559 3238 683 3279 inquit,
705 3239 804 3270 intrat
818 3247 878 3270 nec
892 3240 1139 3274 contaminatur.

398 3299 428 3328 8.
447 3298 591 3329 Lucerna
608 3297 778 3338 aliquando
802 3297 941 3330 interdiu
959 3307 1090 3331 accensa
1106 3300 1347 3344 deambulabat,
1363 3305 1396 3337 et

357 3355 549 3395 quibusdam
575 3356 812 3397 quaerentibus,
829 3365 887 3388 cur
912 3357 973 3389 boe
1006 3358 1140 3399 faceret,
1164 3361 1344 3403 respondit,
1365 3371 1399 3396 se

358 3421 500 3453 quaerere
520 3415 693 3448 hominem.

399 3476 430 3503 9.
453 3473 608 3514 Diogenes
635 3474 819 3515 improbum
847 3475 1010 3516 quendam
1038 3476 1202 3510 bominem
1228 3478 1402 3521 monebatg

1458 2633 1621 2666 molliunt.

1503 2699 1553 2728 11.
1580 2695 1756 2736 Diogenem
1784 2693 1916 2736 quidam
1946 2693 2129 2726 dementem
2157 2691 2313 2732 vocabat;
2329 2692 2400 2724 tum
2421 2690 2478 2724 ille
2501 2704 2510 2725 ε

1460 2760 1607 2790 Demens
1623 2757 1763 2799 quidem
1779 2765 1848 2790 non
1863 2764 1958 2797 sum,
1978 2764 2047 2788 non
2062 2757 2179 2789 tamen
2191 2754 2280 2788 mihi
2296 2754 2418 2788 eadem
2434 2762 2515 2797 quae

1461 2821 1554 2854 vobis
1570 2828 1668 2853 mens
1684 2821 1750 2854 est.

1507 2886 1557 2917 12.
1578 2882 1668 2916 Idem
1686 2890 1789 2923 quum
1804 2881 1951 2914 Corinthi
1972 2879 2177 2919 venderetur,
2192 2878 2409 2920 interrogante
2427 2885 2513 2920 pm·

1461 2953 1560 2986 eone,
1581 2943 1736 2986 quidnam
1762 2944 1876 2985 sciret,
1905 2942 2088 2984 respondit,
2105 2941 2306 2974 hominibus
2322 2942 2512 2983 imperare.

1461 3008 1543 3040 Risit
1561 3016 1667 3049 praeeo
1684 3008 1717 3040 et
1731 3009 1898 3048 Maynum
1907 3029 1916 3046 ‚
1930 3004 2055 3046 inquit,
2069 3005 2151 3036 vita:
2167 3004 2371 3036 institutum
2384 3000 2514 3042 vendo,

1460 3068 1490 3099 si
1508 3069 1586 3109 quis
1606 3067 1786 3099 dominum
1807 3073 1920 3098 emere
1937 3063 2030 3097 velit.

1507 3130 1556 3160 13.
1578 3128 1689 3166 Quum
1720 3126 1753 3159 in
1781 3125 1905 3166 porticu
1934 3125 2112 3156 retrorsum
2137 3121 2317 3162 incederet,
2334 3119 2514 3153 ridentibus

1463 3186 1626 3219 nonnullis
1643 3196 1652 3218 :
1672 3187 1748 3220 Non
1766 3193 1841 3224 vos,
1857 3183 1981 3225 inquit,
1994 3182 2107 3225 pudet
2127 3183 2209 3215 vitoe
2223 3183 2313 3214 viam
2334 3181 2513 3220 retr-ayra-

1465 3245 1592 3279 diendo
1607 3245 1791 3286 conficere,
1806 3242 1895 3277 mihi
1913 3241 2106 3284 vero.quod
2121 3243 2159 3274 in
2178 3238 2418 3273 ambulatione
2439 3238 2514 3270 tan·

1463 3305 1541 3336 tum
1556 3303 1594 3337 id
1605 3304 1744 3345 faciam
1753 3328 1763 3344 ‚
1778 3302 2003 3345 exprobrare.

1509 3365 1560 3396 14.
1579 3363 1735 3404 Diogenes
1749 3362 1876 3395 dicebat
1891 3361 2039 3394 homines
2056 3368 2130 3401 quae
2147 3358 2187 3391 ad
2203 3365 2301 3390 usum
2323 3355 2399 3387 viiae
2416 3354 2513 3397 perti-

1463 3423 1575 3454 nerent
1584 3421 1643 3454 sibi
1657 3420 1832 3463 acquirere,
1842 3429 1916 3462 quae
1930 3428 2007 3453 vero
2018 3418 2059 3451 ad
2070 3418 2152 3451 bene
2165 3417 2322 3457 beateque
2334 3413 2508 3447 vivendum

1464 3479 1672 3519 reserrentur,
1690 3488 1754 3512 non
1771 3486 1968 3520 comparare.
