2638 3840
326 305 400 338 116

315 385 436 424 ἔπειτα
475 387 691 431 τελευτῶσιν,
736 386 766 422 εἰ
806 382 855 433 μὴ
895 376 936 428 ἦν
977 380 1144 423 ἀθάνατος
1183 383 1204 426 ἡ
1246 380 1358 434 ψυχή.

1164 291 1629 335 PYTHAGOREORUM

1477 383 1681 437 (Excerpt.
1699 384 1923 424 Vindobon.
1947 391 1994 433 47
2014 386 2055 425 in
2076 386 2184 425 Stob.
2206 386 2307 425 Flor.
2326 388 2405 428 voi.
2422 385 2470 424 lV

371 446 568 497 (clemens
625 442 908 481 Alexandrinus
959 438 1141 478 Str-emat.
1183 438 1256 479 lib.
1310 438 1359 476 IV
1425 453 1463 492 p.
1494 444 1570 492 293
1591 443 1656 483 ed.
1679 443 1843 483 Meinek.
1867 443 1960 482 Post
1977 444 2135 496 ποικιλία
2157 443 2291 482 addidi
2314 443 2471 496 χαίρεις;

376 510 395 549 4
428 519 450 543 2
474 503 544 555 A.)

317 519 355 557 p
369 520 596 603 θ.9Θεανὼ’
581 565 601 608 ἢ
624 558 849 613 Πυθαγορικὴ
882 555 1064 610 φιλόσοφος
1092 558 1306 608 ἐρωτηθεῖσα
1327 556 1361 596 τί

316 623 449 674 πρέπον
469 637 522 668 ειη
540 620 702 672 γυναικί,
724 619 763 657 τὸ
782 620 831 655 τῶ
853 617 928 669 ἰδίῳ
949 615 1013 669 ἔφη
1038 616 1198 668 ἀρέσκειν
1225 615 1338 669 ἀνδρί.

371 679 381 732 (
398 679 568 718 Stobaeus
589 678 723 717 Hor-il.
744 674 907 720 LXXIV,
936 675 985 712 55
1005 674 1196 723 Θεανοῦς.)

369 752 403 779 7.
427 737 554 778 Θεανὼ
574 737 650 787 ἔφη·
668 734 821 787 κρεῖττόν
842 736 935 772 ἐστιν
949 733 1048 787 ἵππῳ
1066 732 1224 786 ἀχαλίνῳ
1240 732 1362 771 ἑαυτὸν

317 797 490 836 πιστεύειν
507 796 528 844 ἢ
549 796 684 848 γυναικὶ
704 793 894 846 ἀλογίστῳ.

374 857 531 908 (Floril.
564 857 714 894 Monac.
751 855 828 892 268
857 854 899 891 in
934 852 1041 893 Stob.
1072 852 1173 892 Flor.
1205 852 1287 891 vol.
1311 851 1360 889 lv

317 930 357 967 p.
380 917 456 966 289
476 916 537 954 ed.
567 914 731 952 Meinek.
747 913 788 987 >⁶3

369 991 399 1014 u.
422 972 587 1014 Θεανὼ”
569 985 650 1026 εφη·
666 964 788 1024 περὶῗ
762 987 810 1009 ων
822 970 951 1046 ’,λέγειν
981 972 1104 1019 καλόν,
1123 986 1202 1023 περι
1230 969 1360 1008 τούτων

316 1039 452 1072 σιωπᾶν
473 1033 630 1085 αἰσχρόν,
644 1030 799 1085 καὶπερὶ
818 1034 866 1069 ὡν
885 1030 1029 1084 αἰσχρὸν
1045 1029 1174 1083 λέγειν,
1189 1028 1268 1081 περὶ
1282 1029 1361 1067 τού·

315 1107 381 1130 των
401 1097 536 1129 σιωπᾶν
554 1090 709 1139 ἄμεινον.

370 1150 530 1202 (Floril.
550 1150 702 1189 Monac.
735 1150 812 1199 269
844 1149 886 1188 in
914 1148 1024 1188 Stob.
1056 1149 1162 1189 Fior.
1197 1148 1277 1187 vol.
1312 1147 1361 1185 lv

315 1224 354 1262 p,
378 1211 455 1259 289
475 1223 556 1260 seq.
579 1209 639 1248 ed.
657 1209 826 1247 Meinek.
848 1209 860 1259 )

365 1282 394 1308 u.
416 1268 462 1307 ‘H
486 1267 574 1315 αὐτὴ
609 1269 823 1321 ἐρωτηθεῖσα
853 1267 886 1305 τί
908 1268 1001 1306 ἐστιν
1023 1267 1109 1320 ἔρως
1124 1295 1135 1315 ,
1167 1266 1233 1320 ἔφη
1254 1266 1362 1311 πάθος

313 1331 427 1381 ψυχῆς
447 1327 698 1379 σχολαζούσης.

369 1388 522 1440 (Floril.
561 1387 715 1427 Monac.
742 1401 817 1435 270
849 1386 891 1424 in
919 1385 1030 1424 Stob.
1057 1385 1164 1425 Flor.
1196 1388 1274 1427 vol.
1312 1385 1362 1423 lv

314 1462 354 1500 p.
383 1461 460 1498 290
490 1446 552 1486 ed.
577 1445 770 1498 Meinek.)

596 1540 801 1581 ΣΕΞΤΟΥ
825 1541 1037 1581 ΓΝΩΜΑΙ.
1066 1539 1096 1592 *)

368 1648 395 1676 ι.
421 1635 482 1681 Μὴ
493 1633 661 1687 ὂνειδίσῃς
672 1632 733 1679 τὰς
749 1636 817 1672 τῶν
834 1634 940 1686 φίλων
959 1649 1020 1672 σου
1037 1632 1197 1687 χάριτας·
1213 1631 1276 1685 ἔσῃ
1295 1632 1362 1685 γὰρ

314 1695 359 1738 ὡς
375 1694 413 1732 οὗ
434 1692 603 1737 δεδωκώς.

367 1753 508 1804 (Lxcer
511 1761 565 1804 pt
587 1752 808 1792 Vindobon.
828 1752 876 1797 45
896 1753 937 1790 in
949 1751 1061 1814 Stob.
1083 1751 1186 1790 Flor.
1211 1750 1289 1789 vol.
1313 1749 1360 1788 lv

312 1826 351 1864 p
377 1813 467 1862 293
474 1812 536 1850 ed.
558 1811 727 1852 Meinek.
748 1812 758 1863 )

365 1885 394 1910 2.
413 1870 649 1923 Μυστήριον
634 1887 667 1909 εν
684 1870 783 1925 φιλία
803 1869 976 1918 ἀκούσας,
999 1869 1143 1923 υστερον
1164 1868 1285 1921 ἓχθρος
1302 1884 1360 1920 γε·

311 1929 453 1982 νόμενος
476 1930 524 1981 μὴ
546 1929 650 1982 ἕκφήν
655 1943 708 1983 ῃς·
739 1931 868 1973 ἀδικεῖς
889 1930 956 1982 γὰρ
977 1931 1015 1968 οὗ
1041 1929 1099 1968 τὸν
1123 1927 1244 1982 ἐχθρὸν
1271 1927 1362 1966 ἀλλὰ

311 1990 374 2037 τὴν
395 1988 526 2041 φιλίαν.

369 2048 568 2100 (Excerpt.
586 2047 934 2094 Vindobon.461n
954 2048 1068 2089 Stob.
1089 2048 1195 2089 Flor.
1212 2047 1292 2087 vol.
1313 2046 1363 2085 lv

318 2121 357 2159 p.
381 2109 457 2158 293
474 2108 537 2147 ed.
560 2107 749 2160 Meinek.)

368 2179 399 2206 3.
429 2165 536 2205 Ταὼν
567 2167 614 2210 εἷς
651 2167 787 2204 δεῖπνον
828 2166 1158 2220 παρασκευάζεσθαι
1192 2166 1329 2215 μέλλων
1348 2195 1359 2213 ,

314 2225 482 2268 ἇπλώσας
495 2225 539 2262 τὰ
551 2225 662 2278 πτερὰ
680 2220 788 2264 εἶπεν·
810 2227 854 2264 Εἰ
868 2224 930 2275 μὲν
944 2227 1083 2264 πολλῶν
1095 2227 1206 2278 κρεῶν
1223 2227 1304 2278 ὁρᾷς
1319 2239 1363 2275 με

314 2283 527 2336 μετέχοντα,
550 2288 666 2332 θῦσον,
692 2286 721 2323 εἰ
742 2284 777 2323 δὲ
803 2287 846 2337 τῇ
867 2288 936 2323 τῶν
955 2287 1091 2338 πτερῶν
1114 2284 1270 2339 ποικιλία
1283 2283 1363 2337 χαί-

315 2357 401 2393 ρεις,
422 2348 538 2395 φεῖσαι
558 2343 685 2396 σαρκὸς
703 2343 821 2395 ὀλίγης
837 2344 1117 2394 κεκοσμημένης.

314 2473 400 2505 omni
413 2474 542 2507 malitioe
554 2474 653 2507 dediti
667 2474 809 2515 suerunt,
825 2475 886 2507 nisi
896 2475 1022 2507 animus
1032 2478 1114 2508 esset
1129 2475 1331 2508 immortalis.
1345 2488 1362 2504 ν

356 2535 392 2564 ὓ.
420 2532 564 2572 Theano,
582 2533 700 2565 mulier
713 2533 958 2574 pythagoricam
986 2537 1109 2567 sectam
1129 2535 1286 2575 professa,
1302 2534 1354 2567 in-

315 2591 501 2631 terroganti,
523 2591 601 2632 quid
622 2591 750 2624 deceret
775 2594 971 2632 matronam,
991 2593 1157 2634 respondit
1178 2606 1186 2626 :
1210 2596 1287 2628 Viro
1299 2602 1364 2626 suo

314 2650 463 2689 placere.

357 2710 389 2741 7.
413 2709 544 2740 Theano
576 2709 621 2741 ait
640 2709 741 2741 satius
763 2718 832 2743 esse
853 2719 936 2752 equo
959 2711 1071 2744 effreni
1085 2736 1094 2752 ‚
1115 2721 1212 2754 quam
1237 2712 1364 2746 mulieri

316 2766 560 2800 inconsideratae
575 2776 607 2799 se
624 2768 836 2802 committere.

358 2829 390 2859 8.-
409 2827 538 2859 Theano
559 2827 618 2866 ait,
639 2827 681 2859 de
710 2827 829 2868 quibus
848 2828 953 2862 dicere
973 2830 1145 2864 honestum
1172 2832 1235 2874 sit,
1265 2831 1306 2865 de
1325 2832 1364 2864 iis

317 2887 412 2927 turpe
430 2895 502 2918 esse
518 2886 626 2926 silere,
645 2886 685 2919 de
703 2887 819 2927 quibus
834 2890 942 2921 autem
958 2891 1055 2931 turpe
1078 2891 1119 2923 sit
1138 2891 1254 2932 dicere,
1269 2892 1309 2925 de
1326 2892 1365 2925 iis

317 2944 411 2976 silere
430 2944 544 2976 meiius
559 2953 641 2977 esse.

361 3006 391 3036 9.
416 3002 537 3035 Eadem
567 3003 774 3045 interrogata,
804 3005 881 3046 quid
905 3008 994 3039 esset
1023 3016 1125 3048 amor,
1154 3010 1251 3042 animi
1272 3011 1365 3044 otiosi

317 3061 522 3094 affectionem
539 3070 609 3094 esse
629 3062 803 3103 respondit.

628 3141 750 3173 SEXTI
774 3142 1034 3176 SENTENTIAE.

365 3220 395 3249 1.
418 3219 465 3250 Ne
490 3215 648 3257 exprobra
669 3216 782 3249 amicis
804 3218 867 3250 tuis
899 3218 1052 3251 beneficia
1076 3219 1109 3252 in
1129 3221 1215 3262 ipsos
1229 3222 1366 3264 coilata3

320 3284 395 3307 nam
414 3275 503 3307 nuiio
519 3283 576 3307 eos
593 3275 748 3307 beneficio
769 3275 912 3309 affecisse
928 3277 1098 3310 =rideberis.

365 3339 395 3366 2.
416 3337 576 3366 Arcanum
605 3333 645 3365 ab
671 3334 774 3366 amico
805 3335 963 3367 creditum
984 3337 1156 3377 postquam
1187 3337 1367 3371 inimicitias

321 3400 395 3423 curn
408 3401 446 3424 eo
463 3391 631 3433 suscepisti
650 3392 715 3424 n'oii
735 3392 890 3434 prodere3
908 3402 1012 3435 neque
1038 3394 1123 3427 enim
1146 3395 1296 3436 injuriam
1315 3397 1365 3429 in·

323 3450 385 3482 fers
399 3450 527 3482 inimico
539 3474 548 3491 ,
569 3450 624 3483 sed
642 3450 818 3483 amic-itiam
842 3451 955 3485 violas.

365 3530 395 3570 “’)
417 3531 508 3563 cons.
527 3530 649 3565 Philos.
666 3533 771 3565 Graec.
794 3534 919 3574 Fmgm.
940 3534 1003 3566 voi.
1020 3535 1033 3566 1
1051 3543 1083 3575 p.
1100 3539 1173 3568 522.

1425 514 1512 540 nam
1534 501 1762 554 hujusmodi
1784 503 1949 542 verbum
1987 502 2052 542 hic.
2077 503 2336 543 desideratur.
2362 503 2472 542 Prae-

1425 569 1528 600 terea
1549 562 1666 614 φεῗσον
1685 564 1835 601 mutavi
1858 563 1898 601 in
1923 567 2054 615 φεῖσαι,
2072 562 2085 615 )

1480 633 1518 661 4.
1546 619 1730 661 Ἀδύνατόν
1759 623 1832 662 ἐστι
1865 622 1923 660 τὸν
1955 624 2064 675 ὀρθῶς
2098 624 2240 674 βιοῦντα
2270 622 2331 660 καὶ
2362 623 2472 675 ὀρθῶς

1425 683 1613 731 φρονοῦντα
1643 687 1843 733 περιπεσεῖν
1874 679 2093 729 πταίσμασιν
2118 679 2284 733 αἰσχύνης
2302 679 2326 728 ἢ
2353 681 2471 733 πλάνῃ

1425 737 1613 789 δαιμόνων.
1635 738 1775 793 ’Ὠσπερ
1792 739 1828 779 δὲ
1849 738 1989 788 σκώληξ
2010 741 2190 779 ἀναλίσκει
2210 738 2250 779 τὸ
2270 738 2369 784 ξύλον
2384 738 2472 779 ὅπου

1424 795 1638 850 εἰσέρχεται,
1657 797 1766 843 οὕτως
1786 799 1844 838 καὶ
1863 802 1886 847 ἡ
1898 797 2056 851 ἁμαρτία
2069 797 2222 850 μένουσα
2244 800 2279 837 ε’ν
2295 801 2345 853 τῷ
2365 798 2449 847 ποιή
2463 821 2470 829 ·

1424 871 1525 895 σαντι
1544 856 1668 904 αὐτήν.

1480 916 1685 970 (Excerpt.
1706 917 1928 957 Vindobon.
1967 917 2016 963 48
2045 917 2087 955 in
2107 915 2216 957 Stob.
2251 916 2354 956 Fior.
2388 918 2467 958 vol.

1424 974 1473 1012 lv
1494 989 1534 1027 p.
1558 983 1635 1026 294
1660 976 1722 1016 ed.
1744 976 1911 1016 Meinek.
1925 975 1936 1029 )

1477 1049 1507 1074 5.
1531 1034 1575 1075 Ὁ
1592 1035 1695 1079 αὐτὸς
1725 1035 1939 1087 θεασάμενος
1973 1034 2031 1074 ἐπὶ
2056 1034 2176 1086 θύραις
2202 1035 2393 1088 εὐπρεποῦς
2410 1051 2472 1087 γυ-

1422 1093 1540 1138 ναικὸς
1559 1093 1757 1147 οἰκοφθόρον
1779 1094 1972 1148 μειράκιον,
1985 1094 2064 1146 ἔφη·
2079 1087 2132 1132 πὨ
2151 1093 2347 1146 μειράκιον,
2363 1092 2472 1134 σπού·

1426 1151 1530 1191 δασον
1547 1151 1624 1196 τοὺς
1642 1156 1701 1191 τοῦ
1723 1152 1885 1205 σώματος
1905 1152 2055 1206 ἐραστὰς
2075 1151 2132 1190 ἐπὶ
2146 1151 2209 1199 τὴν
2229 1150 2347 1205 ψυχὴν
2361 1167 2406 1204 με
2409 1167 2471 1191 τα·

1423 1216 1557 1263 γαγεῖν.

1478 1276 1488 1325 (
1506 1273 1684 1326 Excerpt.
1701 1274 1928 1314 Vindobon.
1951 1280 2002 1325 49
2022 1276 2061 1312 in
2074 1273 2183 1312 Stob.
2207 1272 2312 1314 Flor.
2328 1273 2472 1314 vol.1V

1424 1346 1465 1385 p.
1489 1341 1565 1384 294
1586 1334 1651 1376 ed.
1666 1334 1837 1374 Meinek.
1857 1335 1906 1372 At
1925 1334 1967 1372 in
1987 1332 2257 1373 Hor-‚Monam
2279 1333 2354 1381 178
2369 1331 2470 1373 ibid.

1423 1405 1462 1443 p.
1485 1393 1558 1431 281
1593 1393 1676 1432 haec
1695 1393 1743 1431 de
1765 1393 1940 1444 Diogene
1959 1392 2173 1442 leguntur.
2194 1393 2213 1429 ὁ
2229 1389 2331 1435 αὐτὸς
2347 1390 2474 1430 Θεασά-

1425 1467 1526 1503 μενος
1557 1451 1737 1505 μειράκιον
1765 1451 1936 1506 εὔμορφον
1969 1451 2029 1490 καὶ
2050 1449 2108 1489 διὰ
2127 1452 2232 1489 τοῦτο
2257 1448 2467 1504 φιλούμενον

1424 1511 1508 1564 ἔφη,
1528 1505 1583 1550 ὟΩ
1604 1512 1801 1551 σπούδασον
1818 1527 1895 1556 τους
1915 1514 1975 1551 τοῦ
1996 1509 2160 1562 σώματος
2173 1507 2321 1564 ἐραστὰς
2334 1509 2393 1548 ἐπὶ
2409 1509 2473 1557 τὴν

1424 1570 1540 1624 ψυχὴν
1562 1573 1809 1622 μεταγαγεῖν.)

1479 1644 1511 1670 ο.
1542 1629 1768 1670 Ἀπαιδεύτου
1787 1630 1826 1669 τὸ
1845 1629 1944 1683 ἄλλῳ
1970 1628 2137 1680 ἐγκαλεῖν
2153 1626 2206 1681 ἐφ’
2227 1621 2277 1672 οἷς
2303 1626 2345 1666 ἂν
2370 1627 2474 1675 αὐτὸς

1425 1690 1567 1743 πράσσῃ
1587 1704 1719 1734 κακως.

1480 1750 1680 1802 (Excerpt.
1701 1746 1926 1788 Vindobon.
1945 1747 2056 1786 50'1n
2074 1746 2183 1787 Stob.
2202 1746 2306 1786 Flor.
2323 1748 2406 1787 vol.
2424 1747 2474 1786 lv

1426 1823 1467 1877 p.
1493 1813 1569 1859 294
1600 1807 1664 1847 ed.
1688 1807 1857 1848 Meinek.
1882 1807 2033 1847 lnserui
2063 1806 2105 1845 ἂν
2127 1806 2360 1859 particulam
2386 1820 2474 1859 quae

1424 1869 1467 1907 in
1487 1867 1621 1906 codice
1649 1864 1794 1918 deest.)

1477 1941 1509 1967 7.
1541 1925 1749 1978 Ἀνθρ.ωπος
1774 1927 1997 1979 μιαρολογῶν
2034 1924 2125 1965 πολυ
2157 1924 2373 1977 ἀλογώτερος
2404 1941 2473 1964 των

1425 1988 1560 2034 κτηνῶν
1578 1984 1744 2039 υπάρχει·
1770 1987 1808 2024 οὗ
1827 1985 1896 2045 γὰρ
1915 2002 1978 2034 της
2001 1985 2156 2036 ἀνάγκης
2182 1986 2201 2023 ὁ
2222 1984 2363 2036 μισθός,
2382 1983 2474 2024 ἀλλὰ

1424 2043 1672 2099 προαιρέσεως,

1481 2104 1685 2158 (Excerpt.
1715 2103 1941 2143 Vindobon.
1980 2104 2026 2142 51
2053 2104 2095 2142 in
2116 2103 2227 2143 Stob.
2259 2103 2365 2144 Flor.
2391 2103 2472 2146 vol.

1426 2164 1474 2202 lV
1494 2179 1534 2216 p.
1559 2170 1642 2213 294.
1658 2164 1718 2204 ed.
1740 2163 1907 2204 Meinek.
1926 2166 1938 2213 )

1479 2236 1513 2262 8.
1543 2221 1660 2262 υΟταν
1673 2222 1877 2274 λοιδορηθῇς
1886 2220 2078 2274 περίτινος,
2098 2220 2474 2273 ἄνθρωπε,σκο’πευσον

1428 2281 1583 2335 ἀκριὸῶς
1598 2283 1648 2332 μή
1662 2283 1698 2319 τί
1716 2296 1771 2319 σοι
1782 2284 1984 2335 πέπρακται
2000 2282 2063 2327 τῆς
2079 2280 2252 2333 λοιδορίας
2265 2279 2370 2328 ἄξιον,
2387 2281 2419 2318 εἰ
2434 2281 2467 2319 δ’

1426 2342 1463 2380 οὐ
1476 2341 1694 2394 πέπρακται,
1710 2342 1841 2379 καπνὸν
1859 2339 1919 2378 καὶ
1931 2340 2057 2390 ἄνεμον
2070 2338 2134 2386 τὴν
2149 2337 2321 2393 λοιδορίαν
2329 2338 2464 2390 νόμιζε.

1465 2475 1496 2505 3.
1522 2474 1608 2506 Pavo
1630 2481 1731 2514 quum
1750 2470 1816 2511 iam
1831 2471 1866 2504 in
1883 2479 1923 2504 eo
1944 2471 2041 2512 esset,
2067 2473 2102 2504 ut
2118 2469 2365 2504 convivantibus
2383 2469 2475 2503 cibus

1426 2534 1604 2574 pararetur,
1627 2531 1764 2564 extentis
1783 2530 1896 2572 pennis
1917 2530 1963 2562 ita
1986 2530 2118 2563 locutus
2135 2533 2184 2563 est
2203 2542 2212 2562 :
2238 2529 2272 2562 Si
2290 2538 2343 2563 me
2361 2537 2475 2562 carno-

1424 2600 1496 2624 sum
1518 2599 1589 2624 esse
1609 2590 1717 2624 vides.
1736 2591 1864 2630 macta;
1893 2589 1944 2622 sin
1963 2590 2072 2622 autem
2103 2597 2284 2630 pennarum
2311 2587 2474 2622 varietate

1395 2649 1557 2709 .gaudes,
1578 2657 1671 2690 parce
1693 2648 1820 2690 exiguae
1838 2649 1943 2681 carnis
1956 2651 2160 2681 ornamento.

1466 2713 1497 2742 4.
1517 2709 1601 2743 Fieri
1626 2717 1691 2742 non
1716 2710 1841 2750 potest,
1862 2707 1970 2749 utqui
1986 2707 2069 2740 bene
2093 2707 2175 2740 vivit
2194 2709 2348 2749 recteque
2375 2706 2474 2740 sentit

1424 2768 1605 2811 quidquam
1625 2768 1677 2801 vei
1697 2765 1835 2809 turpiter
1850 2767 1947 2799 faciat
1967 2766 2018 2799 vei
2038 2766 2135 2808 impie
2159 2766 2194 2799 in
2212 2765 2291 2799 deos
2307 2765 2473 2798 homines·

1424 2837 1488 2870 que
1509 2827 1702 2861 committat.
1734 2825 2014 2865 Quemadmodum
2034 2834 2113 2858 vero
2141 2825 2230 2858 tinea
2251 2825 2387 2866 iignum,
2405 2833 2471 2867 qna
2495 2858 2498 2862 ,

1425 2890 1515 2929 parte
1537 2887 1661 2927 intrat,
1687 2886 1877 2920 consumit:
1905 2885 1951 2918 sic
1981 2884 2136 2918 delictum
2165 2884 2289 2917 auctori
2318 2886 2473 2926 perpetuo
2528 2907 2532 2911 .

1425 2947 1549 2980 haerens
1566 2946 1738 2989 perniciem
1761 2945 1865 2979 affert.

1468 3011 1499 3039 5.
1515 3005 1605 3039 Idem
1621 3005 1663 3038 ad
1679 3005 1829 3037 formosae
1844 3002 1991 3036 muueris
2009 3002 2093 3036 tores
2112 3001 2346 3035 adolescentem
2368 2999 2472 3033 nebu·

1426 3065 1530 3098 ionem
1547 3064 1775 3107 conspicatus:
1796 3065 1824 3096 0
1845 3062 2051 3103 adolescens,
2068 3060 2192 3103 inquit,
2221 3058 2365 3101 corpor-is
2381 3066 2472 3091 arna·

1425 3126 1512 3158 tores
1534 3125 1573 3157 ad
1591 3124 1735 3157 animum
1755 3122 1921 3156 traducere
1938 3120 2044 3155 stude.

1467 3189 1498 3217 6.
1523 3183 1639 3216 Inculti
1655 3181 1795 3215 hominis
1809 3182 1875 3222 ost,
1893 3180 1986 3213 atteri
2001 3179 2142 3220 objicere.
2155 3187 2194 3211 ea
2218 3177 2327 3211 omnia
2344 3177 2468 3218 propte-t

1426 3253 1501 3285 quae
1523 3244 1591 3285 ipse
1615 3243 1753 3277 miseriis
1771 3242 1934 3284 premitur.

1468 3305 1499 3335 7.
1530 3305 1637 3336 Homo
1656 3302 1856 3345 spurcidicus
1883 3300 1985 3333 mutto
2004 3299 2114 3331 minus
2134 3297 2355 3338 inteliigentiae
2374 3295 2472 3329 haim!

1429 3370 1529 3402 quam
1547 3363 1672 3404 quaevis
1696 3362 1819 3402 bestia:
1841 3369 1947 3402 neque
1968 3358 2055 3392 enim
2079 3358 2300 3397 necessitatis,
2317 3356 2372 3390 sed
2389 3365 2471 3390 eon·

1427 3421 1490 3452 silit
1510 3422 1686 3454 constituta
1703 3426 1754 3454 ost
1768 3428 1902 3454 merces-

1468 3483 1499 3513 8.
1525 3481 1662 3520 Quando
1687 3479 1927 3522 reprehenderis
1952 3478 1991 3512 de
2006 3486 2040 3511 re
2058 3477 2186 3519 aliqua,
2204 3475 2373 3517 diiigenter·
2400 3475 2472 3516 tit-i,

1444 3539 1554 3581 homo,
1568 3539 1743 3573 videndum
1760 3542 1821 3579 est,
1840 3547 1880 3572 ne
1899 3538 1978 3580 quid
1999 3536 2110 3570 seceris
2136 3534 2223 3578 quod
2239 3534 2281 3568 sit
2301 3534 2473 3577 reprehen-
