2638 3840
307 284 418 311 xvm

305 360 516 410 quidquam
554 360 625 398 tibi
646 360 801 411 prodest
822 361 955 398 Aerias
986 367 1149 396 tentasse
1186 358 1344 405 domos,
1372 362 1376 403 ᾗ

306 416 515 467 animoque
546 418 754 456 rotundum
778 418 1020 456 percurrisse
1036 416 1186 467 polum,
1220 416 1344 453 mori-‘-
1373 405 1375 495 ἰ

306 483 406 513 turo.
426 493 442 509 »
1373 497 1375 532 γ

360 534 540 585 Archytae
591 535 744 573 auditor
789 535 860 573 fuit
904 535 1098 571 Philolaus
1142 532 1345 570 Crotonia-
1374 538 1375 570 ἲ

306 600 361 630 tes
386 593 509 643 (107),
534 594 701 632 Socratis
727 603 763 632 et
791 593 1000 631 Democriti
1032 591 1191 642 aequalis
1214 589 1341 642 (1'08)‚
1374 587 1375 612 3

306 664 419 700 quem
440 652 541 690 inter
559 652 817 703 olympiadem
833 650 1151 702 septuagesimam
1169 658 1206 687 et
1225 662 1344 687 nona·

306 710 489 759 gesimam
523 713 695 762 quintam
725 712 871 749 vixisse
902 711 1179 761 plerorumque
1207 709 1344 759 opinio
1375 707 1376 717 ¹

305 779 376 808 est.
407 770 538 821 Neque
558 771 659 808 enim
680 769 900 807 dubitamus
921 769 1017 819 quin
1046 782 1139 806 vera
1171 768 1345 806 tradide-
1375 772 1377 820 ᾗ

306 829 359 866 rit
385 828 515 875 Plato,
537 829 733 867 Simmiam
752 837 789 865 et
807 827 984 865 Cebetem
1006 827 1152 866 Thebis
1166 826 1345 865 Philolao

305 886 591 938 philosophiam
612 886 809 937 profitenti
831 898 988 936 operam
1006 885 1158 924 dedisse
1185 885 1337 931 dicens,

306 954 508 995 antequam
523 945 691 982 Socratis
712 944 959 983 sermonibus
979 945 1207 983 interessent
1227 945 1344 997 (109).

307 1004 362 1040 De
381 1004 464 1053 ejus
487 1003 565 1040 vita
585 1016 705 1053 prope
725 1003 822 1040 nihil
840 1003 882 1040 in
898 1011 1072 1042 veterum
1093 1004 1249 1054 scriptis
1265 1017 1348 1041 me-
1376 1025 1378 1038 >

306 1063 438 1098 moriae
457 1061 652 1112 proditum
668 1069 734 1099 est.
753 1061 863 1099 Falso
878 1070 1002 1100 autem
1018 1062 1212 1112 Diogenes
1232 1062 1347 1100 Laer-

305 1120 380 1157 tius
410 1120 478 1158 lib.
508 1119 590 1171 Ill,
623 1122 646 1158 6
677 1120 898 1158 Philolaum
925 1116 1100 1159 Platonis
1120 1123 1347 1171 magistrum

304 1187 438 1225 vocat,
460 1178 603 1216 addens
619 1178 667 1216 ab
681 1179 750 1216 illo
771 1193 889 1229 quum
910 1188 1063 1218 mortuo
1079 1180 1236 1218 Socrate
1254 1194 1348 1230 gen-

305 1246 357 1274 tes
385 1237 641 1288 regionesque
663 1237 845 1284 lustraret
863 1238 967 1276 hunc
996 1239 1265 1290 Pythagoricae
1288 1254 1349 1278 sa-

306 1354 400 1391 Nam
423 1356 550 1392 caeteri
567 1355 779 1406 scriptores
801 1355 905 1407 (111)
939 1357 1007 1407 qui
1036 1357 1236 1396 Platonem
1263 1368 1349 1409 post
1377 1381 1378 1384 =

306 1412 483 1450 Socratis·
496 1412 644 1450 obitum
681 1413 729 1450 ad
760 1414 996 1464 Pythagorae
1023 1415 1272 1467 disciplinam
1308 1431 1348 1455 se
1376 1419 1379 1448 '²

305 1471 514 1508 contulisse
533 1479 738 1519 testantur,
773 1471 934 1518 Cicero,
965 1473 1178 1524 Apulejus,
1210 1474 1346 1513 Hiero-

305 1543 446 1580 nymus
467 1530 554 1567 aliis
575 1543 660 1567 eum
682 1530 724 1567 in
745 1529 816 1567 hac
837 1543 879 1567 re
898 1532 1207 1582 praeceptoribus
1234 1547 1347 1572 usum

304 1602 386 1626 esse
421 1591 602 1627 referunt.
638 1589 797 1626 Accedit
826 1590 931 1638 quod
965 1591 1178 1640 ignoratur,
1217 1601 1347 1631 utrum

304 1647 502 1685 Philolaus
531 1648 668 1685 relicta
686 1648 798 1685 Italia
825 1647 972 1687 Thebis
993 1660 1181 1702 perpetuo
1200 1651 1347 1690 habita·

304 1706 357 1743 rit
370 1710 403 1753 (1
414 1706 473 1758 12)
488 1735 498 1753 ,
518 1720 565 1744 an
583 1706 822 1757 aliquamdiu
840 1707 943 1758 apud
958 1707 1163 1746 Thebanos
1176 1723 1347 1748 commo-

305 1773 409 1801 ratus
429 1764 470 1801 in
495 1765 659 1815 patriam
682 1765 856 1805 redierit.
883 1766 1000 1803 Fama
1019 1776 1077 1805 est
1098 1776 1185 1805 ante
1214 1767 1348 1806 Philo-

305 1823 407 1860 laum
437 1823 629 1860 neminem
654 1824 730 1861 nisi
751 1824 820 1875 qui
843 1824 945 1862 inter
977 1824 1257 1876 Pythagoricos
1278 1841 1349 1865 no-

305 1895 392 1919 men
427 1895 537 1920 suum
570 1883 769 1933 professus
798 1893 898 1922 esset
919 1884 1150 1935 Pythagorae
1170 1886 1349 1936 dogmata

306 1941 459 1990 cognita
474 1940 678 1988 habuisse,
699 1943 922 1982 Philolaum
942 1953 1068 1983 autem
1085 1946 1258 1997 primum
1279 1947 1348 1985 Sa-

305 1999 374 2036 mii
400 1999 623 2051 philosophi
651 2001 803 2040 decreta
821 2003 938 2041 editis
957 2006 1245 2044 commentariis
1263 2007 1349 2044 vul-

305 2070 412 2106 gasse
446 2058 568 2109 (113).
599 2059 685 2105 Quo
705 2062 746 2098 in
781 2075 921 2111 genere
956 2063 1023 2101 alii
1060 2077 1179 2102 unum
1216 2064 1265 2103 ab
1300 2079 1345 2104 eo

346 2184 429 2225 (107)
449 2185 560 2216 Cicero
577 2186 616 2218 de
633 2188 767 2219 Oratore
780 2188 835 2220 lib.
851 2190 909 2228 ΙΙΙ,
923 2197 993 2230 cap.
1015 2191 1053 2221 34
1071 2203 1079 2222 z
1095 2190 1274 2222 Philolaum
1290 2194 1350 2224 Ar-

308 2229 420 2270 chytas
435 2232 628 2264 Tarentinus
650 2234 803 2266 instituit.
835 2236 992 2276 Diogenes
1018 2238 1163 2269 Laertius
1181 2238 1236 2269 lib.
1259 2241 1348 2280 VIII,

306 2279 369 2309 84:
389 2278 541 2315 Φιλόλαος
560 2281 775 2321 Κροτωνιάτης
798 2284 1025 2325 Πυθαγορικός.
1053 2284 1115 2317 ΑΙίἰ
1140 2286 1348 2318 Tarentinum

304 2332 373 2355 esse
400 2324 526 2357 volunt.
546 2327 594 2358 Cf.
613 2327 812 2361 lamblichus
840 2330 897 2362 vit.
923 2332 1020 2372 Pyth.
1045 2335 1096 2370 36,
1114 2340 1184 2373 pag.
1204 2337 1263 2365 222
1294 2334 1346 2366 ed.

302 2372 417 2411 Arcer;
433 2372 599 2406 Vitruvius
620 2374 675 2406 lib.
694 2376 730 2415 Ι,
751 2379 788 2416 1;
812 2377 1005 2410 Claudianus
1018 2380 1169 2411 Mamert.
1193 2379 1234 2411 de
1249 2381 1348 2413 anim.

303 2418 407 2456 statu,
425 2418 468 2458 ΙΙ,
497 2421 525 2450 3.
546 2438 588 2446 -
609 2421 695 2459 (108)
713 2421 806 2461 Diog.
836 2424 941 2455 Laert.
965 2424 1021 2456 lib.
1044 2427 1101 2465 lv,
1121 2427 1160 2457 38
1189 2438 1196 2457 :
1215 2427 1300 2464 Φησὶ
1318 2427 1350 2459 δὲ

307 2464 360 2494 καὶ
376 2462 601 2507 Ἀπολλόδωρος
615 2467 632 2498 ὁ
652 2467 839 2508 Κυζικηνός,
866 2470 1013 2512 Φιλολάῳ
1030 2471 1123 2503 αὐτὸν
1142 2471 1213 2512 (τὸν
1239 2473 1346 2514 Δημό-

305 2513 408 2550 κιτον)
430 2514 659 2552 συγγεγονέναι.
686 2532 728 2537 -
744 2515 830 2556 (109)
849 2517 939 2549 Plato
971 2518 1080 2551 Phaed.
1102 2527 1134 2558 p.
1162 2521 1199 2551 61
1219 2521 1247 2551 D
1270 2533 1279 2552 ε
1310 2521 1349 2553 Τί

310 2554 380 2595 δαί,
401 2555 427 2586 ὦ
448 2557 567 2597 Κέὸης;
589 2559 647 2589 οὐκ
667 2559 825 2597 ἀκηκόατε
844 2562 884 2593 σύ
908 2573 942 2594 τε
966 2564 1020 2594 καὶ
1040 2564 1173 2604 Σιμμίας
1190 2566 1259 2606 περὶ
1287 2569 1350 2597 τῶν

305 2601 454 2633 τοιούτων
469 2603 615 2645 Φιλολάῳ
632 2607 852 2646 συγγεγονότες
865 2618 874 2646 ;
891 2609 990 2640 Οὐδέν
1004 2620 1039 2649 γε
1057 2611 1164 2650 σαφές,
1178 2611 1205 2642 ὦ
1219 2612 1349 2654 Σώκρα·

306 2658 365 2684 τες.
390 2666 431 2674 --
449 2649 536 2689 (110)
554 2650 708 2690 Diogenes
726 2653 873 2685 Laertius
888 2654 942 2686 lib.
959 2656 1020 2695 111,
1039 2660 1057 2688 6
1074 2669 1082 2688 z
1105 2657 1290 2690 Τούντεῦθεν
1312 2660 1349 2698 δὴ

307 2697 458 2736 γεγονώς,
483 2697 575 2736 φασίν
587 2722 597 2738 ,
614 2698 730 2730 ε’ίκοσιν
749 2700 804 2736 ἔτη
827 2700 974 2738 διήκουσε
992 2702 1188 2742 Σωκράτους.
1211 2704 1350 2737 Ἐκείνου

307 2741 334 2772 δ’
358 2741 541 2778 ἀπελθόντος
570 2748 719 2785 προσεῖχε
748 2747 901 2787 Κρατύλῳ
928 2757 961 2778 τε
987 2750 1033 2788 τῷ
1048 2749 1271 2791 Ἡρακλειτείῳ
1297 2753 1350 2783 καὶ

307 2788 483 2829 Ἑρμογένει
500 2792 546 2830 τῷ
563 2791 602 2821 τὰ
615 2792 814 2832 Παρμενίδου
827 2794 1055 2834 φιλοσοφοῦντι.
1076 2794 1206 2828 Ἔπειτα
1221 2798 1343 2839 γενόμε-

307 2846 358 2871 νος
374 2834 457 2866 ὀκτὼ
470 2837 524 2867 καὶ
538 2836 654 2868 εῐκοσιν
670 2838 747 2870 ἐτῶν
757 2862 766 2878 ,
786 2839 868 2871 καθά
886 2851 978 2880 φησιν
994 2841 1188 2884 Ἑρμόδωρος
1200 2868 1210 2882 ,
1225 2846 1266 2881 εἰς
1283 2847 1348 2878 Μέ-

308 2893 390 2923 γαρα
406 2883 481 2923 πρὸς
500 2884 671 2922 Εὐκλείδην
692 2886 748 2917 σὺν
767 2887 870 2922 ἄλλοις
883 2888 945 2919 τισὶ
965 2889 1174 2929 Σωκρατικοῖς
1189 2892 1349 2933 ὑπεχώρη-

309 2940 373 2961 σεν.
398 2929 528 2961 Ἔπειτα
545 2931 587 2967 εἰς
610 2932 752 2972 Κυρήνην
769 2933 886 2971 ἀπῆλθε
905 2934 980 2974 πρὸς
1007 2935 1168 2977 Θεόδωρον
1182 2938 1234 2969 τὸν
1255 2941 1350 2980 μαθη-

311 2976 457 3017 ματικόν·
501 2977 641 3009 κάκεῖθεν
673 2980 715 3015 εἰς
742 2978 875 3012 Ἰταλίαν
914 2981 988 3022 πρὸς
1019 2982 1089 3018 τοὺς
1120 2984 1351 3026 Πυθαγορικοὺς

310 3023 466 3055 Φιλόλαον
488 3025 540 3055 καὶ
566 3024 718 3066 Εὔρυτον·
743 3026 826 3058 ἔνθεν
850 3037 884 3058 τε
911 3028 952 3063 εἷς
984 3027 1141 3067 Αἴγυπτον
1168 3032 1253 3072 παρὰ
1280 3034 1351 3070 τοὺς
1381 3045 1382 3048 ’

309 3070 476 3110 προφήτας.
489 3086 530 3092 -
544 3070 632 3111 (111)
647 3072 720 3104 Vid.
736 3073 868 3114 interpr.
884 3074 924 3105 ad
943 3073 1034 3114 Diog.
1047 3076 1151 3107 Laert.
1173 3076 1226 3108 nb.
1242 3080 1300 3119 111,
1318 3085 1350 3112 6.

309 3134 351 3141 —
373 3116 460 3157 (112)
495 3117 586 3149 Plato
612 3119 722 3150 Phaed.
744 3128 775 3159 p.
803 3124 840 3152 61
862 3122 888 3152 E
908 3133 916 3152 ε
944 3121 1006 3153 Καὶ
1030 3122 1188 3155 Φιλολάου
1208 3125 1348 3167 ἤκουσα,

310 3163 361 3194 ὅτε
381 3162 452 3204 παρ’
469 3164 541 3203 ἡμῖν
558 3164 694 3205 διῃτᾶτο.
714 3165 767 3196 Cf.
792 3174 889 3206 supra
908 3166 1017 3199 adnot.
1042 3170 1091 3199 19.
1122 3186 1157 3191 —
1178 3170 1259 3209 (113)
1277 3172 1349 3203 Dio-

310 3219 405 3249 genes
421 3211 564 3243 Laertius
585 3212 641 3243 tib.
660 3214 750 3251 vlu,
768 3217 804 3245 15
820 3225 828 3244 ε
848 3214 946 3255 Μέχρι
964 3214 997 3245 δὲ
1013 3215 1172 3247 Φιλολάου
1192 3218 1249 3248 οὐκ
1265 3218 1302 3257 ἦν
1322 3231 1351 3251 τι

311 3261 424 3296 γνῶναι
442 3258 653 3300 Πυθαγόρειον
674 3259 794 3300 δόγμα·
814 3260 904 3297 οὗτος
916 3261 948 3292 δὲ
964 3262 1056 3302 μόνος
1074 3263 1213 3304 ἐξήνεγκε
1234 3265 1274 3296 τὰ
1289 3267 1351 3298 δια·

312 3304 410 3342 ῧόητα
431 3305 498 3347 τρία
516 3306 621 3347 βιὸλία
633 3329 642 3346 ,
657 3306 678 3338 ἃ
698 3306 828 3338 Πλάτων
844 3308 1015 3340 ἐπέστειλεν
1031 3310 1142 3342 ἑκατὸν
1161 3315 1243 3351 μνῶν
1264 3314 1346 3351 ὠνη-

313 3352 411 3390 θῆναι.
440 3353 637 3385 lamblichus
660 3354 717 3386 vit.
755 3354 887 3394 Pythag.
916 3357 951 3386 31
977 3367 984 3386 ε
1018 3355 1069 3386 Ἐν
1098 3357 1157 3398 γὰρ
1185 3359 1350 3396 τοσαύταις

313 3402 429 3437 γενεαῖς
445 3399 521 3431 ἐτῶν
540 3401 637 3437 οὐδεὶς
659 3401 758 3432 οὐδενὶ
786 3401 924 3441 φαίνεται
942 3405 1004 3433 τῶν
1031 3403 1251 3444 Πυθαγορείων
1276 3406 1349 3436 ὑπο·

315 3447 480 3487 μνημάτων
507 3449 728 3490 περιτετευχὼς
760 3449 820 3489 πρὸ
851 3453 904 3487 τῆς
937 3449 1258 3488 Φιλολάου.ἡλικίας,
1286 3452 1351 3483 ἀλλ’

315 3492 403 3529 οὗτος
416 3497 535 3534 πρῶτος
554 3495 693 3534 ἐξήνεγκε
706 3494 745 3526 τὰ
763 3494 969 3535 θρυλλούμενα
992 3499 1089 3528 ταῦτα
1108 3496 1179 3537 τρία
1197 3497 1318 3538 βιὸλία,
1331 3498 1351 3529 ἂ

1174 272 1241 311 DE
1271 271 1587 311 PYTHAGORA

1405 358 1571 407 librum,
1592 359 1657 396 alii
1689 367 1765 396 tres
1792 357 1916 396 libros
1946 359 2139 398 confectos
2165 372 2248 398 esse
2269 367 2439 398 narrant.

1402 417 1524 463 Quam
1543 418 1790 468 antiquorum
1808 417 1959 454 testium
1972 417 2077 455 litem
2094 418 2148 455 ita
2159 419 2442 470 componimus,

1403 485 1446 514 ut
1464 490 1583 515 unum
1616 475 1782 513 Philolai
1801 475 1857 512 De
1876 487 2007 513 rerum
2031 485 2168 514 natura
2188 477 2370 516 volumen
2401 478 2443 516 in

1403 543 1480 573 tres
1513 534 1640 572 libros
1663 534 1832 571 divisum
1866 533 1983 571 fuisse
2020 533 2204 573 dicamus.
2240 535 2321 574 Hoc
2345 549 2443 587 opus

1403 593 1513 631 Plato
1534 593 1567 644 (ι
1580 594 1639 643 14)
1661 594 1709 631 ad
1729 593 1958 642 Dionysium
1986 592 2183 643 profectus
2203 593 2246 631 in
2264 593 2399 632 Sicilia
2422 607 2445 631 a

1374 693 1376 701 Ι
1404 652 1619 691 doctissimi
1646 652 1724 689 viri
1757 650 1931 701 cognatis
1961 651 2110 700 argenti
2141 651 2260 690 minis
2283 652 2447 691 Alexan·

1404 711 1529 750 drinis
1550 711 1827 762 quadraginta,
1847 711 1931 749 sive
1957 718 2000 749 ut
2020 709 2256 750 lamblichus
2279 711 2334 750 ait
2355 724 2445 750 cen·

1406 780 1486 809 tum
1501 801 1510 818 ‚
1530 771 1653 809 fertur
1671 771 1811 809 emisse
1830 783 1879 808 ex
1897 782 2021 820 eoque
2039 769 2228 809 Timaeum
2249 770 2445 820 dialogum

1375 867 1377 883 ³
1406 830 1698 881 conscripsisse,
1721 829 1819 867 Sunt
1834 828 1903 880 qui
1923 828 2125 866 Platonem
2142 828 2246 867 istud
2259 828 2449 880 Pythago·

1375 887 1377 934 ξ
1406 890 1496 926 ricae
1521 889 1720 941 sapientiae
1748 896 2042 927 monumentum
2078 891 2271 939 accepisse
2293 897 2450 927 conten-

1406 948 1520 997 dant,
1541 961 1659 999 quum
1686 946 1871 999 precibus
1896 947 1978 985 suis
1995 959 2018 984 a
2035 946 2227 998 Dionysio
2245 946 2449 998 impetras-

1407 1015 1487 1054 set,
1519 1015 1563 1044 ut
1597 1006 1879 1044 adolescentem
1913 1018 1935 1043 e
1968 1004 2139 1043 Philolai
2171 1005 2376 1058 discipulis
2407 1006 2450 1044 iu

1407 1079 1598 1103 carcerem
1620 1064 1838 1116 conjectum
1860 1065 2082 1103 dimitteret.
2098 1063 2266 1109 Quidam
2282 1065 2452 1104 Platonis

1376 1128 1378 1153 ³
1403 1124 1514 1174 jussu
1543 1125 1707 1162 Dionem
1738 1124 2022 1174 Syracusanum
2042 1122 2335 1162 lucubrationes
2363 1124 2451 1163 illas

1408 1181 1456 1219 ab
1478 1182 1565 1234 ipso
1583 1182 1762 1220 Philolao
1781 1181 1828 1219 ad
1848 1181 2021 1232 inopiam
2040 1181 2195 1219 redacto
2217 1181 2357 1220 emisse
2381 1195 2454 1220 au-

1377 1242 1378 1296 }
1408 1250 1531 1279 ctores
1551 1250 1652 1281 sunt.
1676 1242 1754 1279 Alii
1779 1242 1974 1279 affirmant
2005 1254 2085 1279 non
2111 1241 2353 1289 philolaum,
2386 1241 2453 1280 sed

304 1295 460 1345 pientiae
481 1296 678 1334 doctorem
711 1298 752 1334 in
775 1296 887 1334 ltalia
906 1310 990 1335 esse
1021 1298 1195 1336 auditum
1223 1299 1345 1351 (110).
1377 1300 1379 1333 ἶ

1409 1313 1597 1351 pauperes
1611 1300 1749 1338 viduas
1769 1309 1804 1338 et
1819 1298 2065 1339 mulierculas
2078 1301 2302 1340 vendidisse
2318 1301 2454 1353 hujus-

1407 1359 1513 1396 modi
1543 1360 1688 1411 scripta
1730 1359 1848 1397 Dioni
1870 1373 1915 1398 ea
1942 1359 2046 1410 lege,
2071 1369 2115 1398 ut
2135 1360 2230 1398 solis
2259 1360 2454 1412 Pythago-

1408 1418 1486 1456 reis
1530 1428 1606 1457 tam
1637 1419 1842 1470 praeclaras
1881 1419 2033 1457 chartas
2070 1420 2352 1466 committeret,
2385 1420 2454 1458 sed

1408 1478 1574 1516 Dionem
1600 1478 1755 1516 Platoni
1776 1479 1902 1516 amico
1919 1492 1983 1517 eas
2007 1478 2161 1518 dedisse
2186 1479 2307 1531 (115).
2329 1479 2454 1518 Caete—

1407 1550 1493 1574 rum
1512 1537 1752 1588 antiquiores
1774 1537 1987 1588 scriptores
2003 1550 2137 1576 omnes
2154 1539 2454 1576 commentario-

1408 1596 1488 1633 lum
1525 1596 1630 1647 quod
1662 1605 1768 1634 tanto
1802 1597 1928 1648 pretio
1959 1605 2150 1635 mercatus
2169 1605 2226 1635 est
2259 1596 2370 1635 Plato
2406 1597 2455 1635 de

1407 1655 1574 1694 Philolai
1609 1656 1798 1707 opusculo
1828 1656 2064 1706 intelligunt.
2101 1658 2228 1704 Quare
2266 1662 2347 1694 non
2377 1669 2456 1694 au-

1408 1851 1529 1892 λὲγεται
1548 1849 1631 1882 Δίων
1648 1850 1665 1881 ὁ
1689 1850 1896 1892 Συρακούσιος
1911 1850 2023 1882 ἑκατὸν
2037 1852 2121 1890 μνῶν
2138 1849 2307 1891 πρίασθαι,
2322 1849 2455 1883 Πλάτω-

1407 1910 1459 1936 νος
1475 1897 1679 1934 κελεύσαντος
1689 1920 1697 1933 ,
1713 1899 1755 1934 εἰς
1771 1897 1879 1929 πενίαν
1891 1898 1963 1928 τινὰ
1974 1897 2112 1937 μεγάλην
2134 1898 2187 1928 καὶ
2201 1897 2333 1938 ἰσχυρὰν
2348 1897 2454 1938 ἀφικο-

1410 1947 1500 1988 μένου
1523 1948 1577 1977 τοῦ
1605 1945 1782 1977 Φιλολάου·
1803 1945 1908 1983 ἐπειδὴ
1930 1945 1983 1976 καὶ
2003 1945 2094 1981 αὐτὸς
2125 1944 2164 1984 ἦν
2194 1945 2256 1977 ἀπὸ
2277 1946 2456 1986 συγγενείας

1408 1997 1470 2026 τῶν
1490 1992 1713 2034 Πυθαγορείων
1726 2016 1735 2031 ,
1765 1993 1818 2023 καὶ
1848 1992 1899 2023 διὰ
1933 1995 2026 2023 τοῦτο
2055 1993 2203 2033 μετέλαὸε
2230 1996 2292 2024 τῶν
2315 1992 2454 2034 βιὸλίων.

1409 2042 1565 2081 Diogenes
1589 2040 1737 2072 Laertius
1765 2039 1821 2071 lib.
1843 2040 1902 2078 III,
1925 2042 1966 2071 9:
1990 2040 2129 2080 Λέγουσι
2156 2040 2190 2072 δέ
2204 2051 2304 2080 τινες,
2324 2041 2368 2072 ὧν
2389 2040 2455 2073 ἐστι

1411 2089 1467 2121 καὶ
1487 2087 1619 2128 Σάτυρος
1633 2111 1642 2125 ,
1657 2087 1704 2118 ὅτι
1719 2087 1814 2118 Δίωνι
1833 2086 2008 2118 ἐπέστειλεν
2024 2088 2067 2123 εἰς
2083 2086 2226 2119 Σικελίαν
2236 2111 2246 2126 ,
2272 2087 2455 2126 ὠνήσασθαι

1408 2135 1478 2177 τρία
1496 2134 1600 2176 βιῧλία
1624 2134 1825 2175 Πυθαγορικὰ
1844 2135 1929 2175 παρὰ
1949 2134 2107 2166 Φιλολάου
2130 2136 2215 2175 μνῶν
2241 2134 2366 2166 ἑκατόν.
2392 2135 2456 2167 Καὶ

1409 2184 1468 2224 γὰρ
1487 2183 1518 2214 ἐν
1534 2182 1682 2223 εὐπορίᾳ,
1699 2181 1811 2222 φασίν,
1830 2181 1887 2222 ἦν,
1907 2182 1993 2223 παρὰ
2018 2181 2185 2214 Διονυσίου
2199 2182 2306 2214 λαῧὼν
2325 2181 2403 2224 ὑπὲρ
2416 2181 2456 2214 τὰ

1409 2230 1604 2272 ὀγδοήκοντα
1617 2228 1752 2261 τάλαντα
1762 2252 1772 2268 ,
1793 2231 1835 2266 ὡς
1851 2230 1904 2260 καὶ
1919 2229 2060 2270 Ὀνήτωρ
2076 2230 2168 2270 φησὶν
2183 2229 2215 2260 ἐν
2231 2232 2277 2271 τῷ
2291 2229 2455 2270 ἑπιγραφο.

1411 2279 1493 2319 μένῳ
1505 2301 1514 2317 ,
1530 2277 1567 2308 Εἰ
1583 2279 1797 2317 χρηματιεῖται
1810 2277 1828 2307 ὁ
1845 2275 1950 2317 σοφός.
1969 2296 2010 2302 -
2025 2276 2113 2317 (114)
2130 2277 2289 2316 Diogenes
2311 2277 2457 2309 Laertius

1409 2325 1466 2357 lib.
1482 2325 1573 2363 VIII,
1592 2327 1692 2356 84-85
1724 2336 1731 2355 ε
1753 2323 1848 2364 Παρὰ
1874 2323 1986 2355 τούτου
2009 2323 2083 2365 [τοῦ
2107 2322 2291 2365 Φιλολάου]
2321 2323 2457 2356 Πλάτων

1411 2371 1594 2409 ὠνήσασθαι
1612 2369 1653 2401 τὰ
1672 2369 1776 2411 βιὸλία
1806 2369 1845 2400 τὰ
1867 2369 2071 2411 Πυθαγορικὰ
2093 2369 2189 2401 Δίωνι
2215 2369 2378 2411 γράφει..<..
2402 2370 2455 2402 Γὲ·

1410 2428 1507 2460 γραφε
1523 2417 1555 2449 δὲ
1576 2416 1695 2458 βιὸλίον
1710 2416 1741 2448 ἐν
1751 2439 1761 2455 ,
1775 2416 1792 2447 ὅ
1805 2427 1898 2456 φησιν
1912 2416 2088 2458 Ἕρμιππος
2105 2417 2204 2457 λέγειν
2214 2416 2285 2448 τινὰ
2295 2420 2360 2449 τῶν
2375 2427 2454 2457 συγ-

1409 2466 1553 2507 γραφέων
1567 2487 1576 2502 ,
1597 2463 1754 2495 Πλάτωνα
1770 2463 1823 2494 τὸν
1842 2462 2008 2503 φιλόσοφον
2031 2463 2282 2505 παραγενόμενον
2301 2464 2343 2501 εἰς
2366 2464 2455 2496 Σικε-

1411 2513 1480 2544 λίαν
1496 2512 1571 2554 πρὸς
1588 2510 1752 2543 Διονύσιον
1770 2510 1953 2548 ὠνήσασθαι
1968 2510 2053 2551 παρὰ
2067 2513 2130 2542 τῶν
2152 2514 2311 2551 συγγενῶν
2324 2513 2380 2542 τοῦ
2395 2512 2455 2543 Φι-

1410 2559 1540 2599 λολάου,
1556 2557 1702 2600 ἀργυρίου
1717 2556 1948 2598 Ἀλεξανδρινῶν
1962 2561 2045 2599 μνῶν
2062 2557 2094 2599 μ’
2105 2558 2158 2589 καὶ
2174 2558 2310 2589 ἐντεῦθεν
2327 2567 2455 2598 μεταγε-

1410 2607 1557 2649 γραφέναι
1573 2605 1625 2637 τὸν
1638 2604 1782 2644 Τίμαιον.
1793 2604 1917 2645 Ἔτεροι
1934 2605 1967 2636 δὲ
1980 2605 2106 2645 λέγουσι
2115 2605 2169 2637 τὸν
2181 2605 2340 2638 Πλάτωνα
2351 2605 2457 2636 λαὸεἴν

1412 2653 1512 2692 αὐτά,
1541 2652 1626 2694 παρὰ
1658 2651 1826 2683 Διονυσίου
1857 2651 2127 2692 παραιτησάμενον
2164 2653 2201 2684 ἐκ
2229 2655 2284 2690 τῆς
2319 2653 2456 2693 φυλακῆς

1410 2702 1574 2735 νεανίσκον
1588 2724 1597 2739 ,
1620 2699 1800 2739 ἀπηγμένον
1817 2702 1879 2730 τῶν
1899 2702 1954 2731 τοῦ
1973 2700 2132 2731 Φιλολάου
2160 2700 2317 2741 μαθητῶν.
2336 2699 2456 2732 Τοῦτόν

1412 2759 1486 2789 φησι
1504 2746 1678 2788 Δημήτριος
1691 2744 1722 2776 ἐν
1746 2745 1939 2785 ὁμωνύμως,
1961 2749 2083 2785 πρῶτον
2103 2745 2246 2777 ἐκδοῦναι
2265 2747 2328 2776 τῶν
2346 2745 2456 2780 Πυθα-

1412 2798 1546 2838 γορικῶν
1561 2792 1654 2833 (add.
1671 2791 1730 2833 τὰ)
1747 2793 1814 2833 περὶ
1834 2792 1974 2832 φύσεως,
2003 2792 2047 2823 ὧν
2070 2794 2090 2830 ἡ
2112 2792 2193 2834 ἀρχὴ
2210 2792 2286 2830 ἥδε·
2301 2791 2401 2828 Φύσις
2422 2791 2456 2824 δὲ

1410 2844 1441 2876 ἐν
1459 2845 1505 2884 τῷ
1527 2840 1640 2882 κόσμῳ
1664 2838 1804 2881 ἁρμόχθη
1820 2839 1851 2875 ἐξ
1875 2839 2011 2880 ἀπείρων
2034 2850 2068 2871 τε
2084 2841 2138 2871 καὶ
2154 2838 2363 2881 περαινόντων
2373 2862 2384 2880 ,
2400 2839 2455 2871 καὶ

1410 2892 1478 2927 ὅλος
1498 2889 1614 2929 κόσμος
1631 2887 1684 2918 καὶ
1701 2886 1740 2918 τὰ
1755 2886 1786 2917 ἐν
1812 2886 1896 2926 αὐτῷ
1919 2886 2032 2917 πάντα.
2050 2906 2091 2912 -
2111 2886 2198 2928 (115)
2215 2886 2345 2918 Tzetzoe
2370 2885 2454 2918 Chll.

1409 2940 1449 2979 X,
1474 2940 1534 2970 792
1558 2944 1649 2976 seqq.
1667 2946 1677 2966 z
1698 2934 1738 2966 ‘O
1758 2933 1892 2966 Πλάτων
1913 2934 1930 2964 ό
1950 2933 2113 2974 φιλόσοφος
2137 2934 2233 2965 αὑτοῦ
2252 2933 2325 2969 τοὺς
2349 2932 2453 2964 διαλό-

1410 2997 1499 3025 γους,
1515 2982 1664 3016 Τουτέστι
1681 2978 1721 3012 τὰ
1736 2981 1966 3022 συγγράμματα
1979 2979 2056 3020 ἅπερ
2069 2979 2160 3015 αὐτὸς
2175 2978 2274 3010 ἐποίει
2287 3002 2298 3018 ,
2315 2977 2456 3019 Ἔχοντα

1410 3031 1575 3074 ἐρωτήσεις
1597 3039 1631 3060 τε
1647 3029 1726 3069 ὁμοῦ
1739 3027 1792 3059 καὶ
1805 3026 1983 3067 ἀποκρίσεις
1992 3049 2002 3065 ,
2015 3025 2211 3066 Ἐπίπρασκε
2223 3028 2268 3066 τῷ
2287 3024 2384 3056 Δίωνι
2398 3026 2454 3057 καὶ

1410 3083 1455 3120 τῷ
1469 3076 1638 3117 Διονυσίῳ,
1651 3077 1715 3107 Καὶ
1730 3077 1795 3111 τοῖς
1806 3075 1925 3110 λοιποῖς
1937 3077 2000 3109 τοῖς
2014 3074 2153 3105 θέλουσιν
2163 3073 2200 3104 ἐκ
2213 3073 2348 3104 Σικελῶν
2365 3074 2453 3105 ὠνεῖ·

1381 3133 1382 3137 ’
1410 3127 1493 3157 σθαι.
1521 3127 1642 3165 Προῑκα
1663 3124 1716 3155 καὶ
1743 3122 1920 3164 ἀναργύρως
1950 3122 1983 3152 δὲ
2002 3121 2089 3152 οὐδὲν
2108 3120 2211 3152 αὐτῶν
2233 3120 2354 3158 ἐδίδου,
2373 3121 2455 3153 Οὐδὲ

1381 3186 1382 3208 1
1410 3176 1456 3214 τῷ
1476 3173 1572 3204 Δίωνι
1596 3171 1700 3211 αὐτῷ,
1723 3170 1756 3206 ὃς
1781 3169 1936 3210 εὐηργέτει
1959 3171 2078 3200 τοῦτον.
2097 3168 2160 3200 Καὶ
2176 3168 2212 3199 τὸ
2225 3170 2280 3199 τοῦ
2297 3168 2454 3200 Φιλολάου

1412 3220 1444 3251 δὲ
1462 3220 1498 3252 τὸ
1526 3222 1583 3251 τοῦ
1602 3217 1814 3260 Πυθαγορείου
1830 3216 1903 3257 Ἀπὸ
1924 3219 2030 3257 χηρῶν
2059 3215 2205 3253 ὠνήσατο
2231 3214 2348 3256 βιὸλίον
2363 3225 2452 3246 πενο-

1412 3267 1525 3306 μένων.
1543 3266 1656 3307 Ὅρκια
1671 3265 1730 3305 γὰρ
1745 3263 1782 3303 ἦν
1796 3262 1938 3294 δίδοσθαι
1953 3265 2053 3293 ταῦτα
2065 3262 2288 3302 Πυθαγορείοις
2299 3284 2308 3300 ,
2319 3261 2453 3302 Ἐτὲροις

1411 3315 1453 3353 μὴ
1469 3313 1640 3345 πωλεῖσθαι
1658 3312 1690 3343 δὲ
1707 3310 1928 3350 Πυθαγορείων
1949 3309 2087 3351 βίὸλους.
2101 3309 2212 3349 ’Όμως
2229 3311 2272 3344 ὡς
2288 3308 2452 3350 χαριζόμε-

1410 3371 1459 3396 νος
1474 3364 1518 3400 τῷ
1536 3360 1679 3392 Πλάτωνι
1697 3359 1812 3394 ἐκεῖνος
1824 3381 1834 3396 ,
1852 3359 1991 3389 Ὠνεῖται
2005 3358 2040 3389 τὸ
2063 3357 2212 3398 βιὸλίδιον
2226 3357 2262 3387 ἐκ
2274 3360 2430 3395 γυναικῶν
2441 3378 2451 3395 ,

1410 3407 1452 3441 ὡς
1474 3406 1568 3446 ἔφην,
1590 3407 1645 3442 Εἰς
1672 3407 1749 3446 μνᾶς
1775 3405 1932 3441 πελούσας
1959 3403 2088 3443 ἑκατόν,
2113 3404 2173 3445 οὐχ
2190 3403 2326 3441 ἥσσονας
2342 3404 2384 3440 εἰς
2401 3404 2454 3444 με’·

1380 3483 1382 3492 ,Δ
1409 3462 1479 3493 τρον
1490 3461 1497 3468 ·
1517 3453 1580 3484 Καὶ
1600 3456 1692 3484 τοῦτο
1706 3452 1738 3483 δὲ
1754 3451 1910 3494 χαρίζεται
1934 3451 2077 3483 Πλάτωνι
2104 3453 2146 3487 ὡς
2159 3452 2321 3490 ποθοῦντι,
2337 3450 2399 3491 Ἀφ’
2413 3450 2449 3482 οὗ

1410 3498 1515 3540 γράφει
1532 3499 1584 3530 τὸν
1596 3499 1727 3539 Τίμαιον
1741 3500 1793 3530 καὶ
1809 3499 1849 3530 τὰ
1869 3498 1963 3530 λοιπὰ
1978 3499 1995 3530 ὁ
2011 3497 2155 3531 Πλάτων.
2174 3498 2225 3530 Cf.
2238 3498 2295 3538 XI,
2313 3500 2324 3529 1
2348 3498 2381 3530 et
2393 3497 2449 3538 XI,
