2606 3828
334 227 410 258 406
1019 223 1438 263 CYRENAICORUM
1471 222 1811 263 FRAGMENTA.

332 310 500 347 studium
533 320 607 349 tarn
629 313 844 364 impensum
878 322 1031 363 tamque
1057 313 1251 351 diutinum
1284 327 1373 364 pro-

332 368 478 408 fuisset.
509 370 730 422 Aristippus
752 371 951 422 respondit
975 388 985 410 ε
1017 380 1059 409 ut
1083 385 1169 409 cuin
1191 371 1375 411 omnibus

330 427 553 466 hominibus
573 443 706 467 secure
720 439 756 467 et
778 430 975 480 intrepide
999 429 1209 468 fabularer.
1230 431 1279 469 At
1300 430 1375 468 An·

331 486 515 525 tisthenes
531 488 632 539 apud
651 489 765 537 Diog.
789 488 913 527 Laert.
932 488 1000 527 lib.
1015 488 1079 537 Vl,
1099 491 1121 527 6
1141 504 1149 528 :
1170 488 1373 541 ἐρωτηθείς,

328 545 363 583 τί
382 547 477 599 αὐτῷ
493 546 710 599 περιγέγονεν
731 549 768 585 ἐκ
790 547 1013 601 φιλοσοφίας,
1037 547 1113 601 ἔφη·
1131 547 1184 588 Τὸ
1205 547 1374 587 δύνασθαι

328 606 441 658 ἑαυτῷ
463 606 627 658 ὁμιλεῖν.)

380 678 410 704 7.
441 663 714 714 Ὀνειδιζόμενός
738 665 816 703 ποτ’
834 665 891 704 ἐπὶ
921 668 971 719 τῷ
1006 667 1206 711 πολυτελῶς
1222 669 1304 720 ζῇν,
1328 669 1372 707 Εἰ

328 724 433 771 τοῦτ’,
454 724 530 776 ἔφη,
547 723 676 776 φαῦλόν
697 725 806 776 ἐστιν,
830 726 892 763 οὐκ
906 725 946 763 ἂν
960 728 994 765 ἐν
1012 731 1089 771 ταῖς
1111 728 1179 764 τῶν
1194 729 1279 765 θεῶν
1298 729 1373 780 ἑορ-

326 789 401 827 ταῖς
418 784 561 833 ἐγίνετο.

381 843 596 893 (l)i0gencs
614 842 787 882 Laertius
806 844 876 882 lib.
898 844 952 893 ΙΙ,
977 845 1062 898 68.)

377 917 407 941 8.
443 902 652 954 Ἐρωτηθεὶς
679 902 746 941 ὑπὸ
765 903 970 942 Διονυσίου·
1000 902 1058 942 διὰ
1085 903 1121 943 τί
1137 906 1167 944 οἱ
1189 904 1252 956 μὲν
1276 904 1372 959 φιλό-

325 977 422 1014 σοφοι
443 961 501 1000 ἐπὶ
529 961 590 1005 τὰς
625 964 693 1000 τῶν
726 963 902 1002 πλουσίων
923 963 1026 1017 θύρας
1056 963 1241 1017 ἔρχονται,
1275 966 1306 1002 οἱ
1337 964 1371 1002 δὲ

323 1020 482 1060 πλούσιοι
503 1019 559 1059 ἐπὶ
578 1020 639 1065 τὰς
660 1023 729 1059 τῶν
751 1022 949 1076 φιλοσόφων
970 1022 1086 1061 οὐκέτι
1102 1053 1113 1074 ,
1131 1022 1196 1076 ἔφη
1209 1039 1218 1048 ·
1237 1021 1324 1062 ‘'Ort
1341 1025 1371 1061 οἱ

323 1081 385 1131 μὲν
407 1079 522 1118 ἴσασιν
546 1073 593 1118 ὧν
615 1079 771 1128 δέονται,
794 1083 825 1120 οἱ
847 1081 882 1119 δὲ
904 1083 966 1120 οὐκ
985 1081 1119 1122 ἴσασιν.

376 1140 585 1193 (Diogenes
605 1140 782 1179 Laertius
798 1140 870 1181 lib.
890 1142 944 1191 ΙΙ,
966 1144 1030 1192 69.
1046 1143 1210 1181 Aliihoc
1224 1143 1370 1182 dictum

321 1199 515 1238 Simonidi
552 1200 743 1241 tribuunt.
791 1202 1022 1241 Aristoteles
1055 1195 1166 1241 Rhet.
1204 1202 1276 1242 lib.
1309 1203 1368 1250 ΙΙ,

321 1271 405 1309 cap.
428 1259 490 1308 16,
506 1256 595 1310 p'ag.
616 1261 711 1309 1391
730 1259 791 1297 ed.
809 1260 972 1300 Bekker.
993 1275 1002 1298 ε
1021 1260 1096 1300 ὅθεν
1116 1261 1177 1300 καὶ
1194 1261 1233 1300 τὸ
1247 1263 1370 1312 Σιμω-

320 1315 411 1354 νίδου
435 1316 572 1369 εἴρηται
591 1318 672 1370 περὶ
690 1320 760 1357 τῶν
783 1322 898 1372 σοφῶν
926 1319 986 1358 καὶ
1007 1320 1184 1360 πλουσίων
1201 1321 1286 1373 πρὸς
1305 1320 1368 1368 τὴν

319 1380 468 1433 γυναῖκα
488 1377 551 1424 τὴν
571 1377 726 1430 Ἱέρωνος
740 1378 908 1431 ἐρομένην
924 1378 1070 1432 πότερον
1086 1379 1247 1432 γενέσθαι
1261 1386 1371 1433 κρεῖτ-

319 1451 376 1474 τον
397 1435 561 1474 πλούσιον
585 1435 608 1483 ἢ
637 1437 761 1490 σοφόν·
780 1437 947 1477 πλούσιον
978 1440 1108 1478 εἰπεῖν·
1139 1438 1219 1483 τοὺς
1246 1438 1371 1493 σοφοὺς

319 1494 386 1548 γὰρ
412 1494 479 1548 ἔφη
511 1498 594 1548 ὁρᾶν
621 1495 679 1534 ἐπὶ
700 1502 775 1541 ταῖς
808 1500 876 1535 τῶν
898 1498 1074 1537 πλουσίων
1098 1498 1216 1551 θύραις
1238 1498 1371 1551 διατρί-

321 1554 459 1597 ὅοντας.
479 1554 655 1594 Stobaeus
674 1555 778 1594 Flor.
796 1556 906 1604 XCI,
929 1559 974 1596 31
993 1573 1001 1595 :
1020 1558 1222 1609 Σιμωνίδης
1237 1560 1370 1611 ἐρωτη-

319 1613 385 1655 θεὶς
403 1612 547 1666 πότερον
566 1613 792 1668 αἱρετώτερον
813 1619 963 1661 πλοῦτος
985 1615 1007 1664 ἢ
1027 1617 1130 1670 σοφία
1144 1647 1155 1666 ,
1175 1619 1252 1657 Οὗκ
1269 1611 1346 1657 οἶδα
1358 1648 1368 1666 ,

318 1672 398 1726 ἔφη,
413 1675 483 1725 δρῶ
503 1672 623 1723 μέντοι
642 1690 681 1727 γε
701 1674 780 1720 τοὺς
798 1675 927 1729 σοφοὺς
947 1676 1004 1715 ἐπὶ
1029 1676 1092 1721 τὰς
1107 1680 1176 1716 τῶν
1192 1677 1368 1716 πλουσίων

318 1732 423 1784 θύρας
457 1735 662 1786 φοιτῶντας.
698 1734 744 1772 In
778 1736 938 1774 eandem
987 1738 1215 1775 sententiam
1254 1738 1369 1775 Anti-

318 1792 472 1830 sthenes
495 1794 598 1844 apud
615 1793 812 1832 Stobaeum
835 1795 937 1835 Flor.
962 1796 1035 1842 Ill,
1055 1798 1103 1841 46
1120 1811 1128 1834 :
1148 1795 1369 1844 Ἀντισθένης

317 1852 502 1904 ἐρωτηθεὶς
518 1852 552 1890 τί
569 1852 702 1900 δήποτε
718 1855 783 1907 οὐχ
806 1855 837 1892 οἳ
858 1855 1019 1894 πλούσιοι
1041 1857 1127 1908 πρὸς
1146 1855 1224 1900 τοὺς
1244 1857 1368 1910 σοφοὺς

317 1911 463 1971 ἐπίασιν
484 1912 562 1950 ἀλλ’
582 1911 779 1961 ἀνάπαλιν,
797 1905 892 1951 εἷπεν
916 1914 969 1952 ὅτι
988 1915 1020 1952 οἱ
1041 1914 1142 1968 σοφοὶ
1161 1914 1224 1965 μὲν
1250 1913 1366 1954 ἴσασιν

314 1973 363 2008 ὢν
382 1971 474 2009 ἐστιν
494 1972 611 2014 αὐτοῖς
627 1969 732 2023 χρεία
746 1971 832 2024 πρὸς
845 1972 903 2010 τὸν
928 1972 1002 2025 βίον
1014 1988 1023 1997 ·
1044 1975 1076 2011 οἳ
1093 1971 1130 2011 δὲ
1151 1974 1214 2012 οὐκ
1230 1972 1366 2011 ἴσασιν·

315 2030 390 2068 ἐπεὶ
408 2031 543 2081 μᾶλλον
559 2030 681 2084 σοφίας
700 2033 723 2079 ἢ
743 2032 939 2084 χρημάτων
954 2033 1218 2084 ἐπεμελοῦντο.)

373 2104 404 2130 9.
436 2090 710 2142 Ὀνειδιζόμενός
734 2094 813 2130 ποτ’
832 2091 889 2131 ἐπὶ
914 2095 965 2146 τῷ
991 2093 1192 2137 πολυτελῶς
1215 2094 1277 2140 ζῆν
1299 2092 1368 2131 ὑπὸ

316 2148 531 2198 Πλάτωνος,
553 2149 634 2204 ἔφη,
655 2144 747 2204 ’Ἆρα
768 2150 928 2204 φαίνεταί
945 2167 998 2191 σοι
1018 2151 1198 2196 Διονύσιος
1219 2151 1366 2204 ἀγαθός,

313 2212 375 2247 τοῦ
405 2210 435 2247 δ’
461 2209 760 2261 ὁμολογήσαντος,
779 2211 854 2251 Καὶ
875 2211 958 2261 μήν,
976 2211 1062 2265 ἔφη,
1085 2214 1126 2265 ζῇ
1147 2213 1233 2262 ἐμοῦ
1262 2213 1367 2250 πολυ-

313 2268 525 2323 τελέστερον·
549 2268 632 2308 ὥστ’
653 2269 750 2311 οῦδὲν
771 2271 901 2311 κωλύει
919 2270 980 2311 καὶ
1000 2273 1200 2316 πολυτελῶς
1220 2270 1279 2311 καὶ
1300 2288 1365 2310 κα-

312 2328 382 2372 λῶς
401 2330 479 2377 ζῆν.

315 2588 522 2631 percepisset,
544 2590 646 2621 Posse
659 2611 669 2629 ,
689 2587 814 2629 inquit,
834 2595 915 2620 eum
931 2586 1091 2619 omnibus
1115 2584 1268 2627 fidenter
1290 2593 1368 2618 con·

313 2650 463 2681 versari.

354 2711 386 2740 7.
410 2707 636 2748 Reprehensus
649 2705 841 2747 aliquando,
860 2704 947 2746 quod
971 2705 1138 2745 magnifice
1166 2704 1310 2744 viveret,
1331 2704 1369 2736 Si

316 2767 391 2807 hoc,
411 2766 528 2807 inquit,
542 2764 817 2806 vituperandum
834 2766 938 2804 esset,
953 2764 1076 2797 diebus
1095 2764 1242 2797 deorum
1262 2762 1367 2805 festis

314 2836 356 2859 ac
370 2825 581 2859 solemnibus
601 2832 671 2857 non
690 2821 805 2866 fieret.

357 2890 389 2919 8.
412 2884 591 2918 sciscitanti
617 2884 792 2925 Dionysio,
822 2891 881 2915 cur
905 2882 1088 2924 philosophi
1116 2883 1253 2915 divitum
1283 2882 1368 2914 fores

316 2946 498 2987 frequenter
515 2944 658 2983 adirent,
688 2943 806 2975 divites
836 2945 943 2975 autem
969 2942 1233 2984 philosophorum
1257 2941 1369 2974 domos

315 3013 381 3046 non
393 3005 482 3043 item,
499 3002 680 3043 respondit:
700 3001 797 3039 Quod
812 3001 869 3033 itti
882 3003 1009 3041 sciunt,
1022 3001 1150 3043 quibus
1165 3001 1369 3041 indiqeant3

316 3067 356 3098 at
373 3064 410 3097 Ιιὶ
432 3064 605 3096 nesciunt.

360 3129 391 3156 9.
416 3122 637 3164 Reprehensus
666 3129 685 3153 a
716 3120 849 3153 Platone
867 3119 1050 3160 quondam,
1085 3119 1173 3160 quod
1199 3119 1368 3160 magnifice

318 3181 470 3213 viveret:
497 3181 640 3218 Nonne,
658 3176 786 3218 inquit,
819 3178 876 3209 vir
904 3176 1011 3208 bonus
1041 3175 1104 3208 tibi
1124 3175 1265 3208 videtur
1296 3183 1369 3207 esse

321 3241 508 3280 Dionysius
520 3242 539 3271 Ρ
555 3241 601 3270 Eo
613 3237 807 3269 assentiente
825 3249 834 3268 ·.
858 3237 961 3276 Atqui
979 3235 1059 3275 ille,
1073 3235 1135 3275 ait,
1155 3243 1209 3267 me
1224 3235 1368 3266 lautitia

319 3301 475 3340 superat.
498 3297 727 3336 Quamobrem
747 3295 838 3328 nihil
863 3295 998 3335 obstat,
1022 3296 1205 3335 quominus
1234 3295 1268 3326 et
1293 3302 1367 3326 ma-

320 3358 441 3399 ynistce
460 3360 493 3390 et
509 3357 647 3389 honeste
661 3358 827 3389 vivamus

365 3419 416 3450 10.
440 3418 682 3457 Interrogatus,
705 3424 767 3456 qua
791 3423 824 3447 re
850 3413 936 3447 docti
960 3412 1097 3445 indoctis
1124 3412 1367 3452 antecellerent,

328 3475 454 3508 Eadem
465 3499 473 3515 ,
486 3475 606 3516 inquit,
625 3483 695 3516 qua
715 3474 839 3506 domiti
854 3474 933 3514 equi
947 3471 1138 3504 indomitis.

1491 313 1698 364 (Diogenes
1718 312 1895 351 Laertius
1914 311 1986 351 lib.
2009 311 2060 362 ΙΙ,
2085 312 2167 363 69.)

1491 386 1536 411 ιο.
1554 371 1786 424 Ἐρωτηθείς,
1814 371 1882 409 τίνι
1901 370 2121 424 διαφέρουσιν
2149 371 2182 410 οἱ
2206 370 2479 422 πεπαιδευμένοι

1434 433 1504 470 τῶν
1537 430 1755 470 ἀπαιδεύτων
1781 429 1857 483 ἔφη·
1879 428 2020 482 Ὥσπερ
2040 430 2071 468 οἱ
2095 428 2353 481 δεδαμασμένοι
2377 427 2480 470 ἵπποι

1434 492 1502 529 τῶν
1525 490 1756 541 ἀδαμάστων.

1490 550 1696 602 (Diogenes
1715 549 1891 588 Laertius
1906 548 1978 587 lib.
1997 547 2054 597 ll,
2075 547 2165 600 69.)

1489 623 1532 649 ιι.
1566 608 1698 648 Εἶσιών
1724 624 1810 648 ποτε
1830 610 1877 653 εἷς
1910 607 2048 660 ἑταίρας
2079 607 2213 655 οἰκίαν,
2232 605 2381 647 καὶτῶν
2414 606 2477 647 σὺν

1433 671 1529 723 αὐτῷ
1549 667 1738 720 μειρακίων
1755 667 1848 712 τινὸς
1865 667 2151 722 ἐρυθριάσαντος,
2168 667 2225 706 Οὐ
2239 664 2281 706 τὸ
2297 667 2477 718 εἰσελθεῖν,

1433 728 1518 783 ἔφη,
1537 728 1707 782 χαλεπόν,
1730 726 1822 767 ἀλλὰ
1841 726 1880 765 τὸ
1901 726 1949 777 μὴ
1970 726 2138 766 δύνασθαι
2155 723 2317 770 ἐξελθεῖν.

1489 789 1695 841 (Diogenes
1715 787 1893 827 Laertius
1913 787 1987 826 lib.
2008 786 2060 835 11,
2076 786 2159 838 69.)

1489 860 1549 895 ιι,
1568 845 1728 897 Αἴνιγμά
1745 863 1836 891 τινος
1855 847 1951 899 αὐτῷ
1969 845 2211 898 προτείναντος
2230 843 2292 883 καὶ
2309 843 2476 894 εἰπόντος,

1432 910 1561 947 Λῦσον·
1575 904 1635 953 Τί,
1648 898 1678 943 ῘῘ)
1693 905 1822 956 μάταιε
1833 937 1843 954 ,
1859 905 1938 959 ἔφη,
1961 906 2065 943 λῦσαι
2084 903 2145 955 ἐμὲ
2165 897 2288 952 θέλεις,
2309 902 2330 947 ὃ
2347 903 2407 943 καὶ
2423 904 2480 942 δε·

1433 965 1573 1018 δεμένον
1589 967 1673 1016 ἡμῖν
1692 965 1888 1017 πράγματα
1901 963 2074 1016 παρέχεις

1487 1026 1691 1079 (Diogenes
1721 1025 1898 1064 Laertius
1924 1024 2010 1062 Lib.
2025 1022 2078 1072 ΙΙ,
2109 1037 2174 1072 70·
2198 1022 2350 1073 Scripsi
2372 1022 2479 1061 λῦσαι

1432 1085 1494 1137 ἐμὲ
1515 1084 1777 1135 οέλειςςοοάᾶ.
1799 1085 1905 1123 λῦσαι
1927 1084 2072 1133 θέλεις).

1491 1159 1539 1186 13.
1567 1144 1753 1195 Ἄμεινον,
1775 1143 1859 1197 ἔφη,
1881 1142 2030 1191 ἐπαίτην
2052 1141 2074 1189 ἢ
2093 1140 2300 1182 ἀπαίδευτον
2325 1131 2427 1180 εἶναι·
2449 1141 2481 1180 οἱ

1432 1205 1494 1258 μὲν
1513 1204 1581 1256 γὰρ
1597 1203 1808 1256 χρημάτων,
1824 1204 1854 1242 οἱ
1874 1202 1910 1242 δὲ
1937 1204 2186 1255 ἀνθρωπισμοῦ
2199 1199 2351 1240 δέονται.

1485 1263 1696 1312 (Diogenes
1717 1261 1895 1301 Laertius
1910 1261 1982 1301 lib.
2002 1261 2055 1309 ΙΙ,
2079 1274 2144 1309 70.
2163 1259 2328 1299 Proclus
2340 1259 2389 1299 ad
2410 1258 2484 1297 He·

1432 1324 1534 1364 siodi
1557 1324 1632 1375 Op.
1654 1331 1692 1361 et
1707 1322 1746 1360 d.
1763 1335 1822 1363 vs.
1843 1337 1916 1373 291
1938 1335 1948 1362 ε
1968 1315 2065 1365 οὗτος
2087 1319 2151 1371 μὲν
2167 1318 2381 1374 πανάριστος
2397 1319 2477 1358 κτλ.

1432 1382 1554 1430 Ζήνων
1575 1380 1639 1432 μὲν
1660 1383 1678 1418 ὃ
1695 1380 1852 1425 Στωϊκὸς
1867 1379 2058 1427 ἐνήλλαττε
2073 1380 2154 1423 τοὺς
2175 1377 2335 1431 στίχους,
2354 1375 2481 1429 λέγων,

1431 1438 1543 1485 Οῧτος
1561 1440 1623 1492 μὲν
1640 1439 1874 1492 πανάριστος,
1889 1439 1924 1484 ὃς
1945 1435 1983 1478 εὖ
2011 1437 2142 1479 εἰπόντι
2166 1437 2334 1486 πίθηται,
2360 1435 2480 1480 ἐσθλὸς

1433 1503 1462 1540 δ’
1483 1496 1524 1540 αἶ
1540 1500 1719 1549 κάκεῖνος,
1746 1499 1782 1544 ὃς
1801 1501 1896 1553 αὑτῷ
1921 1498 2037 1538 πάντα
2057 1497 2198 1547 νοήσει,
2231 1497 2275 1548 τῇ
2296 1494 2473 1547 εὐπειθείᾳ

1432 1561 1477 1600 τὰ
1497 1561 1652 1614 πρωτεῖα
1671 1558 1800 1608 διδούς,
1821 1561 1865 1611 τῇ
1883 1557 2048 1612 φρονήσει
2062 1556 2099 1596 δὲ
2113 1556 2156 1595 τὰ
2177 1557 2368 1608 δευτερεῖα.
2390 1553 2485 1607 Ἀρί-

1433 1635 1583 1662 στιππος
1607 1618 1642 1657 δὲ
1660 1619 1722 1656 ἀπ’
1736 1617 1896 1661 ἐναντίας
1913 1619 1931 1655 ὁ
1949 1615 2173 1669 Σωκρατικὸς
2188 1613 2303 1667 ἔλεγε,
2325 1611 2483 1665 &vueod--

1431 1681 1493 1718 λου
1514 1679 1648 1717 δεῖσθαι
1664 1682 1782 1730 χεῖρον
1806 1669 1894 1714 εἶναι
1914 1679 1973 1715 τοῦ
1997 1674 2230 1727 προσαιτεῖν.)

1488 1752 1536 1778 14.
1572 1733 1840 1785 Λοιδορούμενός
1860 1750 1944 1773 ποτε
1957 1733 2140 1787 ἀνεχώρει·
2155 1735 2217 1771 τοῦ
2231 1731 2263 1770 δ’
2281 1728 2486 1771 ἐπιδιώκον-

1433 1813 1490 1842 τος
1510 1795 1681 1843 εἷπόντος,
1701 1794 1747 1835 Τί
1766 1794 1924 1847 φεύγεις;
1946 1792 2029 1833 εὈτι
2042 1824 2053 1845 ,
2073 1791 2182 1846 φησί,
2198 1793 2259 1830 τοῦ
2281 1789 2344 1841 μὲν
2367 1791 2486 1834 κακῶς

1432 1857 1546 1909 λέγειν
1571 1854 1612 1894 σὺ
1634 1853 1700 1902 τὴν
1720 1853 1877 1899 ἐξουσίαν
1893 1853 2005 1905 ἔχεις,
2026 1857 2086 1892 τοῦ
2107 1851 2143 1890 δὲ
2166 1850 2217 1902 μὴ
2237 1847 2375 1890 ἀκούειν
2397 1847 2481 1901 ἐγώ.

1490 1916 1700 1968 (Diogenes
1720 1913 1900 1952 Laertius
1916 1913 1989 1954 lib.
2009 1913 2064 1959 li,
2087 1926 2152 1961 70.
2173 1910 2299 1949 Aliter
2309 1908 2484 1955 Stobaeus

1434 1975 1461 2012 F
1465 1976 1537 2013 lor.
1557 1973 1648 2012 XIX
1661 2003 1671 2021 ,
1695 1975 1718 2010 6
1740 1987 1748 2010 :
1770 1971 1993 2025 Ἀρίστιππος
2013 1972 2251 2025 λοιδοροῦντος
2264 1968 2376 2022 ,aaz-dv
2396 1983 2486 2012 τινος

1429 2034 1508 2088 ἔφη·
1529 2035 1601 2073 Τοῦ
1627 2032 1689 2084 μὲν
1711 2031 1823 2083 λέγειν
1843 2034 1962 2076 κακῶς
1993 2030 2034 2070 σὺ
2064 2030 2182 2085 κύριος
2211 2023 2267 2080 εἶ,
2285 2033 2347 2069 τοῦ
2374 2028 2411 2068 δὲ
2433 2029 2487 2067 δι-

1429 2092 1537 2136 καίως
1559 2090 1696 2129 ἀκούειν
1728 2089 1836 2142 ἐγώ.)

1484 2166 1530 2192 15.
1560 2149 1732 2194 Εἰπόντος
1753 2149 1862 2197 τινός,
1884 2150 1931 2192 ὥς
1951 2148 2005 2188 ἀεὶ
2031 2148 2111 2193 τοὺς
2129 2145 2338 2203 φιλοσόφους
2359 2144 2484 2199 βλέποι

1428 2210 1527 2263 παρὰ
1548 2215 1626 2254 ταῖς
1659 2211 1727 2248 τῶν
1747 2207 1924 2247 πλουσίων
1949 2207 2079 2262 θύραις·
2104 2206 2175 2248 Καὶ
2203 2205 2271 2259 γὰρ
2286 2205 2347 2257 καὶ
2366 2207 2398 2244 οἱ
2428 2206 2485 2242 ἴα-

1430 2269 1527 2322 τροί,
1549 2268 1660 2323 φησί,
1695 2266 1794 2321 παρὰ
1822 2269 1899 2311 ταῖς
1930 2269 1999 2305 τῶν
2024 2265 2229 2305 νοσούντων·
2255 2263 2334 2304 ἀλλ’
2365 2264 2404 2302 οὖ
2425 2261 2482 2302 διὰ

1426 2329 1538 2368 ’τοῦτό
1555 2345 1607 2373 τις
1627 2326 1731 2367 ἕλοιτ’
1754 2327 1796 2366 ἂν
1817 2328 1929 2366 νοσεῖν
1949 2325 1972 2373 ἢ
1991 2325 2178 2379 ἰατρεύειν.

1473 2588 1522 2619 1ί.
1547 2587 1716 2627 Ingressus
1734 2583 1907 2627 aliquando
1925 2582 2102 2616 meretricis
2125 2581 2270 2623 domum,
2287 2589 2389 2623 quum
2406 2589 2482 2615 eru·

1433 2645 1576 2678 hesceret
1597 2644 1728 2686 quidam
1746 2652 1857 2677 eorum
1871 2643 1927 2684 qui
1942 2651 2016 2674 cum
2033 2641 2105 2683 ipso
2117 2642 2209 2674 erant
2217 2639 2481 2679 adolescentium,

1430 2707 1505 2740 Non
1525 2704 1664 2745 iuqredi
1679 2728 1688 2745 ‚
1706 2703 1770 2744 ait,
1791 2702 1852 2736 sed
1872 2701 1990 2744 eqredi
2015 2709 2085 2734 non
2098 2709 2198 2742 posse
2211 2699 2397 2733 molestum
2415 2699 2481 2731 est.

1472 2769 1525 2799 12.
1553 2769 1663 2805 Quum
1678 2765 1777 2797 homo
1805 2763 1913 2796 nescio
1929 2762 2001 2804 quis
2023 2761 2162 2802 aenigma
2180 2760 2240 2802 ipsi
2265 2757 2483 2802 proposuisset

1427 2825 1526 2866 idque
1543 2824 1584 2856 ab
1600 2833 1639 2857 eo
1657 2823 1739 2856 solvi
1755 2821 1853 2855 vellet
1872 2834 1880 2854 ι
1906 2819 2013 2860 Quid,
2026 2819 2141 2860 iuquit,
2152 2818 2340 2858 stulee‚me
2351 2816 2482 2850 solvere

1420 2884 1542 2925 jubes,
1564 2882 1659 2926 quod
1679 2884 1787 2916 etiam
1810 2882 1960 2922 tiqotum
1983 2879 2081 2912 nobis
2111 2879 2289 2919 neyotium
2315 2875 2482 2909 exhibet?

1474 2947 1522 2977 13.
1548 2943 1707 2975 Praestare
1731 2941 1838 2982 ajebat
1867 2938 2054 2972 mendicum
2073 2946 2145 2971 esse
2171 2945 2271 2978 quam
2295 2935 2480 2975 indoctum

1427 3004 1520 3036 illum
1540 3003 1627 3036 enim
1649 3001 1814 3043 pecuniis,
1832 3000 1919 3032 hunc
1936 2998 2138 3031 humanitate
2148 3005 2250 3038 egere.

1473 3060 1521 3089 14.
1548 3058 1660 3094 Quum
1677 3053 1849 3096 aliqnando
1861 3052 2018 3085 conviciis
2041 3050 2266 3090 incesseretur,
2283 3047 2411 3090 abibat,
2433 3046 2479 3080 in·

1427 3116 1587 3148 sectatore
1613 3123 1711 3154 vero,
1728 3122 1789 3145 cur
1820 3112 1943 3153 fugeret
1968 3110 2200 3152 interrogante,
2223 3108 2407 3148 Quoniam,
2426 3105 2476 3139 in-

1428 3175 1519 3216 quit,
1535 3172 1773 3207 maledicendi
1801 3174 1837 3206 tu
1855 3173 2066 3214 potestatem
2091 3168 2194 3202 habes
2207 3191 2217 3208 ‚
2234 3175 2293 3209 eqo
2319 3174 2389 3199 non
2406 3173 2475 3198 au·

1428 3233 1548 3266 diendi
1568 3233 1760 3266 licentiam.

1474 3296 1522 3323 15.
1548 3291 1677 3324 Dicenti
1712 3289 1863 3330 cuidam,
1891 3297 1926 3321 se
1950 3286 2160 3330 philosophos
2187 3292 2311 3326 semper
2337 3281 2475 3314 divitum

1430 3350 1553 3382 foribus
1569 3351 1710 3382 astantes
1732 3349 1860 3389 videre,
1880 3350 1928 3381 Et
1946 3347 2092 3383 medici,
2122 3344 2242 3386 inquit,
2263 3344 2475 3383 aeqrotorum

1427 3409 1565 3448 foribus
1585 3411 1726 3447 astanc‚·
1749 3417 1846 3442 nemo
1864 3410 1981 3440 tamen
1997 3408 2067 3444 est,
2082 3405 2144 3446 qui
2164 3402 2291 3437 idcirco
2303 3402 2474 3442 aeqrotare

1429 3470 1532 3503 malit
1547 3478 1654 3511 quam
1673 3469 1814 3502 mederi.
