2638 3840
4 2250 8 2257 t
6 2231 9 2242 Δ.
2 2198 10 2221 ..-
2 2099 10 2190 ...ω-ι...

5 2405 12 2570 ...annm-‘⁴
6 2390 9 2398 r
5 2328 10 2384 ...m-
5 2297 9 2322 ..-

5 3488 7 3495 “
4 3462 6 3467 ”
4 3425 6 3428 “
4 3312 18 3390 “..“-.-,-
0 3006 17 3300 ..μ-ᾁ-μ-ψζ-ν-ᾀζσ-ωψ
0 2715 15 2991 ...Ξ-...ῒ-ὲΑ-,ψὌᾳᾘρο--ι
6 2617 14 2702 *wa-⁴.
8 2599 10 2603 ὴ

356 291 405 323 82
1188 281 1652 321 PYTHAGOREORUM

352 371 471 424 διόπερ
496 377 563 415 πᾶς
580 372 696 425 ἄφρων
716 376 802 414 Θεοῖς
822 369 942 423 ἐχθρός
972 370 1084 416 ἐστιν,
1115 368 1190 406 ἐπεὶ
1212 369 1240 406 εἷ
1267 368 1393 412 πάντες

1455 368 1546 413 νείας
1565 367 1737 408 ὑπέλαὸον
1750 398 1759 416 ,
1778 366 1867 407 ὥστε
1889 367 2030 421 εὐφυΐαν
2052 370 2115 420 μὲν
2133 363 2221 408 εἶναι
2238 372 2359 414 κοινῶς
2374 370 2441 415 ἕξιν
2457 372 2497 413 ἐκ

351 429 428 473 τοὺς
454 430 625 474 ἐναντίους
643 433 754 474 αὐτοῖς
780 428 921 481 ἐχθροὺς
950 421 1039 465 εἶναι
1062 426 1260 477 νομίζουσι,
1278 428 1329 478 τῷ
1360 425 1395 465 δὲ
1455 425 1632 478 φύσεωςῆ
1667 429 1706 465 ἐκ
1738 430 1976 474 κατασκευῆς,
2018 427 2147 466 οἰκείαν
2183 428 2269 480 πρὸς
2298 430 2441 481 ἀρετήν,
2472 430 2496 478 ἢ

353 490 531 543 σπουδαίῳ
550 493 567 528 ὁ
584 491 713 542 φαῦλός
734 492 824 528 ἐστιν
843 487 1006 535 ἐναντίος,
1026 486 1086 525 καὶ
1104 486 1289 530 σπουδαῖός
1303 488 1395 525 ἐστιν

1456 484 1538 536 ἕξιν,
1558 486 1635 526 καθ’
1668 486 1711 534 ἣν
1745 484 1979 534 εὖανᾶληπτοι
2003 490 2127 538 ἀρετῆς
2150 488 2216 527 εἰσί
2242 503 2341 532 τινες·
2368 489 2434 537 τὴν
2468 489 2499 528 δ’

352 554 370 589 ὁ
390 550 474 598 θεός,
488 553 505 588 ὁ
523 552 650 602 φαῦλος
668 550 752 593 Θεοῖς
771 550 862 587 ἐστιν
881 545 1015 598 ἐχθρός.
1038 543 1119 585 Ἴσα
1138 562 1175 584 τε
1190 546 1305 584 πάντα
1325 545 1393 583 λε’-
1456 544 1650 596 εὐγένειαν,
1674 546 1742 591 ἕξιν
1767 547 1805 583 ἐν.
1834 547 1952 596 γένους
1984 544 2006 591 ἢ
2033 548 2072 584 ἐκ
2100 550 2334 599 κατασκευῆς,
2366 549 2497 588 οἰκείαν

351 624 470 661 γουσιν
495 609 642 648 εἶναιτὰ
663 607 924 660 ἁμαρτήματα,
946 606 985 643 οὐ
1006 604 1124 655 μέντοι
1144 607 1177 656 γ’
1196 604 1302 656 ὅμοια
1330 604 1390 642 ⁴⁹⁵.

353 668 522 720 Καθάπερ
539 667 606 721 γὰρ
627 667 694 705 ἀπὸ
716 673 797 717 μιᾶς
816 680 904 708 τινος
921 666 1055 715 πηγῆς,
1084 667 1146 711 τ’ῆς
1165 663 1308 709 κακίας,
1333 662 1396 716 φέ-

354 732 470 781 ρεσθαι
489 730 619 780 πέφυκε
631 758 640 774 ,
662 730 724 773 τῆς
743 725 886 777 κρίσεως
906 722 1009 772 οὔσης
1030 725 1065 762 ἐν
1084 728 1173 761 πᾶσι
1191 728 1262 767 τοῖς
1278 723 1395 775 ἆμαρ-

351 787 485 836 τήμασι
510 790 570 833 τῆς
590 787 707 833 αὐτῆς·
728 782 824 836 παρὰ
855 782 889 820 δὲ
911 782 974 830 τὴν
1007 782 1130 827 ἔξωθεν
1161 781 1291 830 αἰτίαν,
1325 784 1392 820 τῶν

351 845 402 899 ἐφ’
424 840 472 890 οἷς
493 847 529 883 αἱ
549 844 678 896 κρίσεις
695 844 947 881 ἀποτελοῦνται
964 841 1080 892 μέσων
1101 840 1152 864 ⁴⁹⁰
1172 841 1395 879 διαλλαττόν-

351 920 434 951 των,
470 904 616 955 διάφορα
649 903 740 941 κατὰ
767 901 938 948 ποιότητα
958 901 1135 952 γίγνεσθαι
1159 900 1204 938 τὰ
1232 899 1394 951 ἁμαρτή-

353 978 460 1013 ματα.
480 961 609 1004 Λάὸοις
629 960 660 999 δ’
681 960 721 999 ἂν
743 959 858 999 εἰκόνα
882 962 975 1013 σαφῆ
1000 963 1062 997 τοῦ
1079 959 1292 1009 δηλουμένου
1312 960 1394 1012 τῷδ’

351 1020 556 1067 ἐπιστήσας.
581 1021 662 1058 Πᾶν
680 1018 748 1070 γὰρ
770 1019 809 1057 τὸ
833 1019 957 1071 ψεῦδος
983 1017 1037 1056 ἐπ’
1056 1017 1134 1065 ἴσης
1158 1019 1280 1071 ψεῦδος
1301 1034 1394 1069 συμ-

352 1078 522 1128 ὅέὸηκεν,
543 1079 581 1116 οὐ
609 1077 676 1130 γὰρ
708 1072 797 1116 εἰναι
814 1076 930 1130 ἕτερον
949 1075 1066 1129 ἑτέρου
1090 1078 1223 1127 μᾶλλον
1248 1077 1391 1130 διεψευ-

349 1136 485 1187 σμένον·
497 1135 535 1175 τό
553 1152 589 1174 τε
606 1135 672 1189 γὰρ
692 1135 802 1174 νύκτα
823 1129 912 1175 εἰναι
930 1135 1054 1189 ψεῦδός
1075 1138 1164 1183 ἐστι,
1181 1136 1342 1186 καθάπερ
1354 1137 1392 1174 τὸ

346 1195 621 1247 ἱπποκένταυρον
636 1197 709 1242 ζῆν·
731 1195 791 1234 καὶ
813 1196 851 1234 οὔ
874 1196 1008 1246 μᾶλλον
1033 1196 1143 1233 εἰπεῖν
1178 1195 1252 1233 ἐστὶ
1273 1196 1394 1248 ψεῦδος

349 1250 435 1293 εἶναι
457 1254 598 1307 θάτερον
622 1253 799 1308 θατέρου.,
844 1253 936 1292 Ἀλλ’
954 1253 986 1292 εἴ
1004 1270 1043 1306 γε
1060 1253 1100 1292 τὸ
1122 1255 1247 1306 ψεῦδος
1273 1254 1394 1301 ἐπίσης

347 1312 468 1365 ψεῦδός
489 1315 597 1361 ἐστιν,
616 1313 695 1365 οὐχὶ
720 1312 756 1351 δὲ
787 1312 848 1351 καὶ
867 1314 898 1352 οἱ
922 1312 1160 1365 διεψευσμένοι
1186 1311 1308 1360 ἐπίσης
1328 1314 1393 1352 εἰσὶ

347 1372 602 1426 διεψευσμένοι.
625 1371 885 1423 Διαμαρτάνειν
916 1370 952 1408 δὲ
975 1372 1107 1421 μᾶλλον
1127 1370 1186 1409 καὶ
1205 1365 1309 1418 ἧττον
1329 1372 1391 1409 οὐκ

345 1431 430 1481 ἔστι,
449 1438 564 1471 πᾶσαν
582 1432 650 1484 γὰρ
665 1430 841 1484 ἁμαρτίαν
859 1429 950 1469 κατὰ
964 1431 1143 1484 διοίψευσιν
1158 1430 1388 1483 πράττεσθαι.

344 1489 426 1529 Ἔτι
446 1491 524 1543 οὐχὶ
539 1491 747 1542 κατόρθωμα
765 1489 827 1540 μὲν
841 1492 957 1540 μεῖζον
971 1489 1030 1528 καὶ
1049 1489 1191 1528 ἔλαττον
1202 1491 1390 1542 γίγνεσθαι,

345 1548 543 1600 ἁμάρτημα
573 1549 608 1587 δὲ
631 1552 745 1598 μεῖζον
764 1547 787 1595 ἢ
809 1547 952 1586 ἔλαττον
980 1549 1018 1586 οὗ
1039 1547 1241 1599 γίγνεσθαι,
1275 1548 1389 1587 πάντα

344 1607 411 1659 γάρ
432 1609 503 1646 ἐστι
523 1608 657 1655 τέλεια,
677 1607 796 1659 διόπερ
817 1606 888 1645 οὔτ’
910 1606 1080 1645 ἐλλείπειν
1109 1605 1180 1645 οὔθ’
1204 1607 1389 1659 ὑπερέχειν

343 1665 471 1705 δύναιτ’
495 1666 534 1705 ἂν
553 1666 729 1712 ἀλλήλων.
750 1664 831 1705 Ἴσα
851 1682 887 1704 τε
907 1669 965 1703 νῦν
986 1666 1059 1704 ἐστι
1078 1665 1192 1704 πάντα
1211 1666 1256 1703 τὰ
1274 1667 1389 1717 ἁμαρ-

341 1725 499 1775 τήματα.
518 1725 610 1777 Περὶ
627 1725 663 1764 δὲ
683 1726 827 1778 εὐφυοῦς
840 1755 850 1774 ‚
881 1724 930 1762 ἔτι
951 1723 987 1762 δὲ
1008 1725 1164 1776 εὐγενοῦς
1181 1726 1213 1762 οἱ
1234 1724 1297 1776 μὲν
1318 1727 1387 1763 τῶν

341 1783 381 1820 ἐκ
408 1786 469 1830 τῆς
499 1783 663 1836 αἱρέσεως
698 1783 945 1835 ἐπηνέχθησαν
977 1785 1035 1822 ἐπὶ
1060 1784 1100 1822 τὸ
1133 1783 1244 1834 λέγειν
1270 1783 1386 1822 πάντα

341 1841 444 1893 σοφὸν
472 1847 625 1881 τοιοῦτον
649 1837 755 1890 εἶναι,
783 1844 813 1880 οἱ
836 1843 865 1880 δ’
883 1840 937 1881 οὕ.
973 1843 1018 1881 Οἱ
1054 1841 1116 1892 μὲν
1136 1841 1203 1894 γὰρ
1234 1841 1385 1891 οἴονται,

340 1903 379 1940 οὖ
401 1902 504 1952 μόνον
539 1903 672 1956 εὐφυεῖς
694 1902 871 1953 γίγνεσθαι
903 1901 988 1955 πρὸς
1015 1901 1142 1955 ἀρετὴν
1164 1903 1203 1939 ἐκ
1231 1900 1384 1953 φύσεως,

342 1962 431 2000 ἀλλὰ
452 1962 510 2000 καὶ
529 1960 609 2006 τοὺς
627 1964 666 2000 ἐκ
694 1964 935 2010 κατασκευῆς,
962 1960 1023 1999 καὶ
1053 1960 1091 1999 τὸ
1110 1962 1145 1999 ἐν
1169 1967 1245 2004 ταῖς
1260 1977 1384 2013 παροι·

342 2020 436 2070 μίαις
445 2021 630 2072 λεγόμενον
643 2024 745 2059 τοῦτο
761 2020 984 2067 ἀπεδέξαντο,
1001 2038 1016 2055 «
1032 2019 1159 2071 μελέτη
1177 2021 1385 2072 χρονισθεῒσ’

338 2080 384 2123 εἰς
404 2079 505 2132 φύσιν
522 2079 745 2120 καθίσταται.
771 2098 786 2114 υ
851 2080 902 2119 Τὸ
922 2079 950 2121 δ’
966 2079 1088 2130 ὅμοιον
1107 2079 1167 2118 καὶ
1189 2080 1268 2132 περὶ
1286 2081 1382 2131 εὖγε-

341 2210 508 2249 peccatum
526 2209 692 2241 mendacio
715 2210 854 2241 constat.
918 2208 967 2241 Ad
983 2209 1054 2240 haec
1072 2218 1136 2240 non
1152 2208 1284 2248 quidem
1300 2210 1386 2240 recte

342 2267 462 2300 factum
478 2267 583 2309 majus
597 2268 745 2300 minusve
762 2269 811 2300 est
834 2267 948 2308 altero,
967 2268 1136 2308 peccatum
1154 2271 1263 2300 autem
1281 2267 1386 2307 majus

340 2327 487 2358 minusve
513 2327 613 2359 altero
642 2335 706 2359 non
731 2330 797 2366 est;
829 2326 988 2367 siquidem
1017 2325 1124 2358 omnia
1152 2326 1214 2357 ista
1243 2325 1382 2366 perfecta

339 2387 415 2418 sunt
430 2387 526 2426 atque
549 2386 670 2418 idcirco
690 2386 829 2418 invicem
851 2394 908 2426 nec
928 2385 1041 2417 cedere
1059 2394 1119 2417 nec
1138 2393 1289 2426 superare
1312 2393 1386 2424 pos-

340 2444 414 2477 sint.
460 2446 576 2486 Itaque
586 2445 723 2486 aequalia
741 2444 849 2476 omnia
866 2445 994 2485 peccata
1008 2447 1096 2476 sunt.
1141 2445 1214 2477 Jam
1239 2443 1278 2475 de
1297 2443 1387 2483 inge-

342 2503 430 2535 nioso
445 2513 483 2536 ac
499 2504 596 2536 nobili
619 2504 750 2544 quidam
767 2503 909 2536 Stoicam
933 2504 1055 2536 sectam
1078 2502 1215 2544 professi
1240 2503 1284 2534 ita
1302 2502 1387 2542 judi-

343 2566 475 2602 carunt,
500 2566 536 2594 ut
558 2563 702 2595 dicerent
720 2571 852 2594 omnem
873 2562 1052 2603 sapientem
1076 2562 1173 2594 talem
1203 2570 1295 2602 esse,
1333 2561 1387 2593 alii

344 2622 513 2660 negarunt.
558 2622 639 2652 Sunt
652 2620 738 2652 enim
759 2621 814 2662 qui
831 2621 980 2660 credant,
998 2621 1181 2661 ingeniosos
1197 2630 1263 2652 nou
1284 2620 1388 2652 solum

343 2678 430 2708 nasci
447 2677 487 2708 ad
501 2678 653 2709 virtutem
671 2702 680 2716 ‚
699 2678 756 2709 sed
776 2678 871 2710 etiam
885 2678 1083 2711 institutione
1101 2678 1245 2718 formari,
1258 2679 1290 2710 et
1302 2678 1388 2718 quod

345 2736 503 2775 proverbii
531 2736 601 2767 loco
626 2736 686 2768 dici
704 2737 803 2775 solet,
821 2746 914 2768 usum
942 2737 1157 2770 inveteratum
1174 2738 1209 2769 in
1237 2739 1388 2769 naturam

346 2795 488 2833 vertere,
513 2794 543 2825 id
571 2795 797 2835 approbarunt.
846 2795 998 2827 Similiter
1028 2796 1122 2827 etiam
1146 2796 1186 2828 de
1222 2795 1390 2828 nobilitate

347 2851 590 2891 existimarunt,
607 2852 649 2883 ita
670 2855 705 2883 ut
723 2852 837 2892 ingenii
856 2853 996 2884 sollertia
1015 2854 1057 2885 sit
1073 2854 1104 2885 in
1123 2855 1312 2886 universum
1328 2854 1385 2886 lia-

346 2909 433 2942 bitus
449 2911 573 2942 naturae
593 2910 643 2942 vel
658 2910 863 2942 institutionis
878 2910 919 2942 ad
938 2911 1089 2944 virtutem
1117 2916 1223 2953 aptus,
1242 2912 1311 2944 sive
1331 2913 1384 2944 lia-

349 2968 456 3007 bitus,
472 2978 537 3009 quo
554 2969 700 3000 nonnulli
717 2969 843 3001 virtutis
862 2978 996 3009 capaces
1016 2970 1218 3010 ¹judicantum
1235 2971 1389 3003 nobilitas

349 3036 424 3059 vero
449 3026 579 3059 habitus
602 3027 724 3067 generis
744 3028 793 3059 vel
810 3027 1024 3059 institutionis
1047 3029 1087 3059 ad
1101 3029 1255 3061 virtutem
1282 3032 1387 3071 aptus.

347 3086 490 3118 Probum
515 3095 642 3127 quoque
667 3086 828 3118 hominem
856 3086 964 3126 ajunt,
990 3096 1091 3126 quum
1120 3088 1256 3120 affabilis
1287 3091 1384 3129 atque

349 3144 475 3185 elegans
496 3144 538 3176 sit
552 3147 583 3176 et
599 3144 703 3176 bonus
719 3145 919 3184 adhortator,
946 3146 978 3177 et
1001 3145 1159 3186 colloquio
1175 3156 1233 3178 suo
1252 3147 1385 3189 incitans

352 3206 420 3235 tum
437 3203 477 3236 ad
501 3203 757 3236 benevolentiam
781 3206 849 3236 turn
867 3204 907 3235 ad
924 3204 1108 3245 amicitiam,
1129 3215 1226 3246 quam
1253 3207 1390 3239 maxime

348 3264 388 3295 ad
405 3264 585 3296 tractandos
603 3264 817 3296 multitudinis
833 3264 955 3297 animos
970 3273 1038 3297 esse
1062 3265 1211 3298 idoneum
1226 3290 1235 3307 ,
1257 3267 1390 3308 ideoque

350 3326 536 3363 venustum,
551 3323 746 3363 jucundum,
767 3323 933 3363 blandum,
951 3327 1105 3364 praeterea
1126 3325 1298 3366 festivum,
1321 3335 1391 3358 acu-

350 3382 420 3413 tum
433 3405 442 3420 ‚
461 3383 699 3423 opportunum,
729 3382 941 3422 perspicacem
954 3407 963 3422 ,
995 3383 1172 3423 simplicem
1184 3408 1192 3422 ‚
1225 3387 1389 3424 apertum,

354 3439 544 3480 candidum,
568 3441 708 3481 denique
733 3441 863 3472 minime
889 3441 999 3473 lictum
1031 3451 1039 3472 ε
1067 3442 1248 3482 improbum
1282 3444 1388 3474 autem

357 3499 522 3530 contrariis
539 3500 687 3532 omnibus
710 3500 791 3532 viliis
808 3499 919 3532 teneri.
947 3500 1206 3532 Dissimulatione
1223 3500 1255 3532 in
1272 3509 1391 3533 sermo-

1455 604 1539 656 πρὸς
1560 603 1700 654 ἀρετήν.
1723 605 1794 644 Τὸν
1816 603 1852 642 δὲ
1874 605 2075 652 σπουδαῖον,
2095 605 2298 655 ὁμιλητικὸν
2316 605 2417 655 ὄντα,
2436 607 2499 647 καὶ

1456 661 1624 707 ἐπιδέξιον
1638 693 1648 713 ,
1671 662 1730 701 καὶ
1749 662 2003 715 προτρεπτικόν
2018 693 2028 711 ,
2055 663 2116 702 καὶ
2142 663 2342 716 θηρευτικὸν
2362 665 2419 704 διὰ
2437 669 2499 715 τῆς

1455 722 1590 771 ὁμιλίας
1605 723 1650 765 εἷς
1669 721 1803 760 εὔνοιαν
1818 722 1877 760 καὶ
1890 723 2006 774 φιλίαν
2017 752 2027 769 ,
2044 722 2104 760 καὶ
2123 724 2170 766 ὡς
2189 723 2332 762 δυνατὸν
2347 723 2499 778 εὐάρμο-

1456 795 1536 819 στον
1555 773 1642 820 εἶναι
1661 782 1745 833 πρὸς
1764 781 1804 819 τὸ
1823 781 1954 827 πλῆθος
1968 780 2172 832 ἀνθρώπων,
2187 783 2271 834 παρ’
2294 779 2313 819 ὃ
2331 782 2392 822 καὶ
2411 784 2500 824 ἔπα-

1455 840 1612 892 φρόδιτον
1630 834 1739 888 εἶναι,
1752 841 1811 878 καὶ
1833 839 2016 892 ἐπίχαριν,
2038 839 2099 877 καὶ
2120 841 2264 879 πιθανόν
2279 868 2290 888 ,
2309 839 2360 879 ἔτι
2377 840 2414 879 δὲ
2434 844 2507 888 ab,

1455 898 1563 948 μύλον
1575 928 1585 946 ,
1605 898 1665 937 καὶ
1685 898 1869 951 εὔστοχον,
1889 898 1949 937 καὶ
1964 899 2138 951 εὔκαιρον,
2162 898 2222 938 καὶ
2244 900 2422 953 ἀγχίνουν,
2436 901 2498 941 καὶ

1456 958 1586 1011 ἀφελῆ,
1609 957 1668 995 καὶ
1691 958 1911 1010 ἀπερίεργον,
1932 958 1991 996 καὶ
2005 958 2137 996 ἁπλοῦν
2154 958 2214 997 καὶ
2231 958 2423 998 ἄπλαστον·
2437 961 2495 1000 τὸν

1456 1016 1491 1054 δὲ
1518 1019 1647 1069 φαῦλον
1670 1016 1790 1069 ἔνοχον
1809 1023 1897 1055 πᾶσι
1924 1022 1995 1061 τοῖς
2016 1017 2192 1061 ἐναντίοις.
2207 1018 2259 1057 Τὸ
2272 1019 2302 1056 δ’
2322 1017 2497 1071 εἰρωνεύε·

1455 1079 1533 1113 σθαι
1566 1076 1707 1128 φαύλων
1737 1070 1824 1114 εἷναί
1855 1092 1977 1130 φασιν,
1998 1076 2121 1116 οὐδένα
2152 1076 2219 1130 γὰρ
2244 1076 2419 1131 ἐλεύθερον
2437 1078 2496 1118 καὶ

1454 1136 1641 1172 σπουδαῖον
1662 1134 1915 1187 εἰρωνεύεσθαι·
1934 1134 2060 1186 ὁμοίως
2080 1135 2190 1174 δὲκαὶ
2208 1135 2249 1175 τὸ
2262 1135 2461 1188 σαρκᾶζειν,
2478 1137 2500 1176 ὅ

1454 1194 1545 1231 ἐστιν
1565 1193 1804 1246 εἰρωνεύεσθαι
1835 1196 1911 1245 μετ’
1941 1196 2134 1248 ἐπισυρμοῦ
2156 1193 2261 1239 τινός.
2292 1193 2354 1234 Ἐν
2381 1195 2498 1246 μόνοις

1453 1269 1490 1291 τε
1508 1259 1579 1296 τοῖς
1596 1259 1714 1307 σοφοῖς
1738 1254 1965 1293 ἀπολείπουσι
1983 1254 2114 1307 φιλίαν,
2132 1254 2210 1293 ἐπεὶ
2232 1257 2268 1294 ἐν
2288 1253 2402 1304 μόνοις
2417 1255 2496 1295 τού-

1451 1327 1522 1355 τοις
1543 1311 1684 1362 ὁμόνοια
1706 1311 1862 1363 γίγνεται
1884 1313 1964 1365 περὶ
1982 1316 2051 1352 τῶν
2073 1312 2167 1352 κατὰ
2186 1312 2244 1350 τὸν
2272 1313 2359 1365 βίον·
2378 1311 2442 1361 τὴν
2463 1313 2494 1352 δ’

1451 1370 1612 1420 ὁμόνοιαν
1631 1366 1719 1421 εἶναι
1737 1375 1859 1411 κοινῶν
1878 1374 2015 1423 ἀγαθῶν
2037 1372 2251 1422 ἐπιστήμην.
2274 1371 2405 1412 Φιλίαν
2425 1372 2495 1427 γὰρ

1451 1429 1619 1477 ἀληθινὴν
1638 1430 1699 1470 καὶ
1714 1430 1763 1481 μὴ
1790 1430 2013 1483 ψευδώνυμον
2037 1430 2204 1470 ἀδύνατον
2220 1430 2328 1483 χωρὶς
2346 1430 2497 1477 πίστεως

1450 1490 1510 1528 καὶ
1529 1490 1751 1541 βεὸαιότητος
1763 1490 1945 1543 ὑπάρχειν·
1964 1492 1997 1528 ἐν
2016 1490 2051 1528 δὲ
2067 1498 2138 1534 τοῖς
2157 1492 2313 1541 φαύλοις,
2337 1490 2495 1535 ἀπίστοις

1451 1550 1510 1588 καὶ
1531 1549 1708 1593 ἀὸεὸαίοῑς
1742 1544 1817 1588 οἶσι
1849 1549 1908 1588 καὶ
1935 1549 2094 1601 δόγματα
2114 1548 2292 1599 πολεμικὰ
2319 1549 2494 1601 κεκτημέ-

1451 1625 1540 1656 νοις,
1559 1610 1621 1646 οὖκ
1641 1601 1728 1647 εἶναι
1748 1609 1886 1661 φιλίαν,
1905 1609 2024 1661 ἐτέρας
2044 1608 2081 1647 δέ
2097 1624 2192 1652 τινας
2212 1608 2409 1654 ἐπιπλοκὰς
2431 1608 2491 1648 καὶ

1451 1668 1622 1711 συνδέσεις
1649 1666 1770 1712 ἔξωθεν
1803 1668 1971 1720 ἀνάγκαις
2005 1667 2064 1706 καὶ
2106 1667 2218 1712 δόξαις
2255 1667 2494 1722 κατεχομένας

1447 1726 1636 1776 γίγνεσθαι.
1658 1725 1758 1765 Φασὶ
1780 1725 1815 1764 δὲ
1834 1727 1894 1765 καὶ
1912 1727 1950 1765 τὸ
1970 1728 2110 1779 ἀγαπᾶν
2136 1726 2196 1765 καὶ
2215 1726 2255 1765 τὸ
2276 1726 2493 1773 ἀσπάζεσθαι

1448 1784 1508 1822 καὶ
1526 1784 1564 1824 τὸ
1581 1785 1691 1838 φιλεῖν
1712 1784 1826 1837 μόνων
1850 1779 1938 1823 εἶναι
1963 1787 2032 1823 τῶν
2058 1784 2272 1823 σπουδαίων.
2295 1784 2367 1825 Καὶ
2387 1786 2492 1836 μόνον

1448 1836 1535 1882 εἶναι
1554 1844 1609 1882 τὸν
1625 1844 1728 1897 σοφὸν
1751 1845 1897 1898 βασιλέα
1917 1861 1954 1883 τε
1969 1844 2029 1883 καὶ
2045 1843 2241 1897 βασιλικόν,
2263 1847 2333 1883 τῶν
2353 1843 2390 1883 δὲ
2405 1845 2494 1899 φαῦ·

1447 1904 1516 1940 λων
1551 1904 1696 1952 μηδένα·
1730 1904 1792 1950 τὴν
1826 1903 1893 1958 γὰρ
1925 1904 2106 1956 βασιλείαν
2144 1903 2260 1956 ἀρχὴν
2299 1903 2492 1944 ἀνυπεύθυ-

1446 1978 1501 2000 νον
1523 1961 1572 1984 ¹⁹⁷
1594 1956 1681 2000 εἶναι
1714 1962 1773 2001 καὶ
1801 1961 1863 2010 τὴν
1897 1962 2066 2001 ἀνωτάτω
2093 1962 2153 2001 καὶ
2172 1961 2236 2010 τὴν
2259 1962 2316 2001 ἐπὶ
2346 1963 2487 2008 πάσαις.

1447 2021 1598 2070 Λέγουσι
1618 2021 1654 2059 δὲ
1674 2020 1734 2059 καὶ
1756 2022 1895 2073 ἄριστον
1923 2022 2029 2060 αὐτοῦ
2056 2020 2174 2073 ἰατρὸν
2201 2014 2289 2059 εἶναι
2305 2019 2363 2060 τὸν
2383 2036 2494 2061 σπου-

1447 2080 1541 2117 δαῖον
1565 2079 1684 2132 ἄνδρα·
1707 2081 1856 2131 ἐπιμελῆ
1882 2079 1948 2133 γὰρ
1970 2079 2053 2118 ὄντα
2071 2083 2135 2128 τῆς
2155 2080 2243 2124 ἰδίας
2260 2079 2396 2133 φύσεως
2412 2096 2488 2118 πα-

1447 2208 1543 2240 nibus
1556 2208 1603 2241 uti
1617 2208 1836 2251 improborum
1854 2218 1924 2242 esse
1943 2210 2050 2250 ajunt,
2074 2209 2150 2250 quia
2167 2209 2265 2242 homo
2284 2210 2442 2250 ingenuus
2461 2211 2494 2243 et

1448 2267 1567 2308 probus
1585 2276 1680 2299 nemo
1703 2276 1741 2299 ea
1757 2268 1866 2300 utatur
1877 2279 1890 2308 ;v
1910 2268 1994 2299 idem
2009 2276 2084 2299 vero
2097 2267 2259 2307 judicium
2273 2268 2370 2300 etiam
2387 2267 2428 2301 de
2447 2267 2494 2301 ir·

1448 2320 1579 2360 risione,
1603 2330 1675 2362 qum
1698 2323 1747 2354 est
1763 2321 1976 2353 dissimulatio
1993 2328 2068 2353 cum
2086 2321 2304 2354 ludificatione
2331 2321 2494 2363 alicujus,

1450 2379 1580 2412 faciunt.
1658 2379 1705 2412 Ad
1721 2380 1781 2412 hoc
1796 2379 1970 2412 amicitiam
1995 2380 2193 2421 sapientibus
2215 2379 2375 2414 duntaxat
2397 2380 2494 2414 relin-

1449 2440 1564 2479 quunt,
1585 2439 1735 2480 quoniam
1751 2438 1784 2470 in
1809 2439 1858 2471 his
1871 2439 1946 2470 solis
1966 2439 2006 2471 de
2023 2439 2098 2471 vitae
2121 2439 2277 2472 institutis
2297 2439 2484 2472 animadver

1449 2499 1538 2530 tatur
1560 2498 1724 2530 consensio
1732 2509 1742 2537 3
1764 2507 1833 2531 esse
1850 2499 1959 2530 autem
1980 2498 2220 2531 consensionem
2236 2497 2324 2531 illam
2347 2507 2494 2531 commu·

1449 2556 1537 2589 nium
1564 2557 1719 2589 bonorum
1740 2556 1923 2589 scientiam.
1969 2559 2078 2595 Quum
2097 2556 2186 2589 enim
2203 2557 2343 2589 amicitia
2365 2565 2443 2590 vera
2456 2565 2495 2589 ac

1449 2616 1570 2648 sincera
1579 2616 1650 2663 sine
1665 2615 1726 2648 fide
1746 2616 1778 2648 et
1793 2616 1972 2648 constantia
1995 2624 2184 2657 permanere
2197 2617 2336 2656 nequeat
2350 2628 2360 2648 z
2377 2616 2410 2648 in
2429 2615 2494 2663 im-
2511 2636 2514 2638 v

1450 2674 1558 2716 probis
1581 2674 1783 2714 hominibus,
1808 2675 1902 2707 simul
1929 2675 2034 2707 inlidis
2057 2679 2089 2707 et
2109 2675 2378 2715 inconstantibus,
2398 2674 2494 2708 simul

1450 2734 1576 2766 hostilia
1586 2734 1733 2775 dogmata
1743 2733 1938 2766 habentibus
1949 2734 2124 2766 amicitiam
2138 2743 2204 2767 non
2215 2734 2335 2775 inesse,
2349 2733 2406 2767 sed
2417 2733 2495 2767 alias

1449 2794 1604 2835 quasdam
1622 2795 1692 2826 tum
1714 2793 1945 2826 familiaritates
1961 2795 2031 2826 tum
2057 2794 2243 2826 sodalitates
2261 2802 2337 2835 quae
2354 2793 2495 2826 externis

1452 2852 1695 2886 necessitatibus
1708 2855 1740 2885 et
1752 2852 1954 2894 opinionibus
1970 2853 2052 2885 inter
2067 2861 2103 2885 se
2119 2853 2356 2886 contineantur.
2393 2852 2496 2894 Ajimt

1450 2914 1546 2946 etiam
1560 2912 1691 2953 diligere
1707 2913 1740 2944 et
1755 2912 1892 2944 salutare
1905 2915 1936 2944 et
1951 2921 2058 2944 amare
2074 2912 2250 2953 proborum
2262 2911 2418 2945 duntaxat
2434 2912 2494 2944 ho-

1450 2973 1575 3005 minum
1586 2981 1666 3005 esse.
1677 2972 1900 3012 Acceditquod
1911 2972 2016 3004 solum
2027 2972 2204 3013 sapientem
2211 2980 2317 3013 regem
2330 2973 2364 3004 et
2373 2970 2493 3012 regium

1450 3041 1519 3064 esse
1540 3032 1720 3072 affirmant,
1741 3031 1961 3073 improborum
1983 3032 2092 3064 autem
2110 3030 2295 3063 neminem:
2315 3039 2387 3064 esse
2405 3028 2493 3064 enim
2516 3059 2519 3062 .

1453 3091 1581 3131 regium
1591 3090 1761 3132 imperium
1778 3091 1890 3123 rationi
1902 3090 2072 3122 reddendae
2084 3098 2147 3122 non
2162 3090 2339 3122 obnoxium
2348 3098 2388 3122 ac
2401 3097 2494 3122 sum·

1452 3160 1540 3183 mum
1555 3153 1587 3184 et
1605 3152 1816 3192 postremum.
1861 3152 1997 3190 Insuper
2013 3149 2207 3182 medicinam
2224 3148 2346 3189 optime
2360 3147 2421 3180 sibi
2436 3147 2494 3180 ad-

1452 3209 1560 3242 hibere
1589 3210 1695 3241 virum
1726 3209 1863 3250 probum
1887 3208 2102 3249 contendunt,
2125 3209 2199 3249 quia
2219 3207 2353 3247 diligens
2369 3207 2494 3240 natum

1453 3277 1520 3300 suae
1538 3269 1729 3302 observator
1755 3271 1928 3308 rerumque
1948 3267 2072 3308 corpori
2103 3267 2280 3299 salubrium
2301 3275 2420 3307 gnarus
2438 3266 2492 3299 sit.

1452 3329 1610 3360 Praeterea
1628 3328 1745 3368 negant
1773 3327 1840 3360 fieri
1870 3335 1964 3367 posse
1993 3329 2030 3358 ut
2052 3326 2099 3357 vir
2131 3325 2271 3366 prudens
2302 3324 2491 3365 inebrietur,

1453 3395 1553 3426 quum
1570 3386 1706 3419 ebrietas
1726 3385 1968 3427 propensionem
1986 3384 2024 3416 ad
2049 3383 2248 3425 peccandum
2266 3383 2428 3416 contineat
2442 3383 2493 3416 at-

1453 3454 1516 3485 que
1535 3445 1566 3476 in
1588 3445 1662 3477 vino
1677 3444 1911 3486 stultiloquium
1930 3444 1988 3483 sit,
2006 3443 2093 3475 nulla
2113 3452 2189 3475 vero
2207 3443 2239 3475 in
2257 3452 2290 3475 re
2308 3442 2404 3475 homo
2418 3450 2492 3484 pro-

1454 3502 1514 3534 bus
1533 3505 1644 3543 peccet
1660 3503 1796 3544 ideoque
1818 3506 1934 3535 cuncta
1954 3502 1993 3534 ad
2010 3502 2160 3534 virtutem
2184 3503 2216 3534 et
2238 3510 2310 3542 quae
2329 3501 2402 3534 iude
2416 3509 2490 3542 pro-
