2638 3840
329 264 401 298 196

320 347 427 379 niatur
443 355 544 388 usque
555 347 593 379 ad
608 359 640 387 η,
658 346 762 388 quoad
777 346 974 387 oequaniliter
987 354 1019 376 se
1035 353 1090 385 per
1102 344 1210 376 omnia
1224 345 1368 378 membra

299 405 430 438 'fundat
447 415 530 447 aqua
549 415 622 437 cum
651 406 772 437 ambitu
803 404 967 437 curvabili.
1014 405 1059 435 Ex
1079 413 1142 443 quo
1163 404 1368 444 perspicuum

291 462 293 464 ’
318 469 378 505 est,
394 465 549 496 marinam
567 474 707 506 quoque,
722 466 754 496 et
771 464 868 496 totius
884 471 977 503 aquae
991 462 1190 503 superficiem
1205 462 1369 503 globosam

318 532 407 562 esse,
429 523 587 564 siquidem
621 532 682 555 una
711 522 886 562 eademque
911 521 952 552 sit
977 521 1059 553 ratio
1091 521 1311 555 universitatis
1337 523 1369 556 et

288 607 293 612 .
320 583 470 623 partium.

360 643 457 674 LXII.
483 642 575 678 Quod
603 641 629 673 si
663 641 734 681 quis
758 641 796 671 ad
827 639 994 671 cacumina
1024 640 1183 672 monttum
1204 640 1366 681 prolixita-

317 702 465 741 temque,
481 703 512 732 et
528 709 678 731 saxosam
696 699 898 739 asperitatem
918 698 1109 740 dispiciens,
1123 698 1263 731 similem
1282 698 1368 732 dicet

316 768 385 791 esse
398 758 437 790 ad
455 761 580 790 tornum
597 757 750 798 laevigatae
762 757 846 798 plize,
859 766 921 789 non
941 760 1025 789 recte
1040 757 1147 790 sentit.
1193 751 1264 790 Non
1278 758 1365 791 enim

318 824 377 847 nos
393 818 508 848 terram
528 815 656 855 globum
673 823 743 846 esse
764 814 918 854 dicimus,
940 814 994 846 sed
1015 815 1178 856 globosam
1199 829 1207 848 :
1229 825 1287 848 nec
1311 816 1360 857 pi·

316 874 379 907 lam
395 900 403 914 ,
420 875 473 906 sed
494 874 631 906 similem
663 873 745 914 pilae.
766 873 979 906 Certe-totius
997 875 1092 907 terrae
1109 875 1364 916 magnitudinem

315 934 423 965 animo
443 932 673 964 rationabiliter
699 932 929 973 concipientes,
952 933 1119 966 veritatem
1147 943 1211 966 non
1238 934 1311 966 visu
1330 935 1363 967 et

315 992 461 1024 sensibus
482 991 730 1032 investigamus,
752 991 806 1023 sed
837 992 878 1023 ad
905 992 1057 1033 rationis,
1087 993 1366 1035 intelligentiaeque

314 1051 453 1084 remedia
478 1052 584 1092 potius
606 1051 876 1086 examinationem
900 1052 1102 1085 deducimus.

357 1112 467 1142 LXIII.
491 1113 584 1143 Nunc
598 1110 676 1150 jam,
695 1119 760 1151 quo
779 1112 873 1151 pacto
896 1111 1035 1143 mediam
1052 1111 1165 1143 mundi
1181 1111 1290 1144 sedem
1309 1111 1365 1144 ob-

314 1170 426 1208 tineat,
446 1168 715 1201 considerabitur.
761 1169 895 1210 opinor,
909 1169 934 1201 si
956 1170 1060 1202 media
1076 1179 1142 1202 non
1157 1171 1219 1210 est,
1233 1172 1332 1212 atque
1347 1179 1365 1203 a

313 1227 494 1260 medietatis
523 1228 627 1268 rigore
656 1227 807 1268 deflexit,
829 1237 894 1260 non
916 1237 954 1261 ex
975 1228 1075 1268 omni,
1096 1230 1128 1261 et
1155 1237 1196 1261 ex
1224 1229 1366 1270 qualibet

313 1285 362 1317 sui
381 1287 484 1326 parte,
503 1285 740 1318 dimidietatem
762 1286 834 1318 coeli
854 1295 949 1327 supra
965 1296 1011 1328 se,
1029 1287 1261 1320 dimidietatem
1287 1297 1365 1320 vero

310 1345 440 1377 alteram
461 1345 543 1377 infra
557 1354 592 1378 se
611 1345 763 1377 babebit:
783 1354 843 1378 nec
860 1345 958 1378 lineas
977 1349 1142 1387 porrectas
1161 1355 1202 1379 ex
1220 1347 1365 1388 qualibet

310 1407 386 1436 nota
399 1408 431 1437 et
446 1413 546 1446 usque
561 1405 600 1437 ad
614 1407 796 1437 extremum
815 1405 974 1437 ambttum
989 1405 1101 1437 mundi
1117 1406 1339 1446 pervenientes
1351 1431 1360 1447 ,

309 1464 450 1504 aequaies
480 1464 618 1496 invicem
646 1465 679 1496 et
705 1463 841 1504 oequalia
870 1465 973 1504 spatia
1002 1463 1159 1496 linearum
1187 1473 1252 1496 non
1271 1473 1362 1505 esse,

311 1521 421 1554 nullus
438 1522 544 1555 docet.
590 1523 723 1555 MInime
738 1531 815 1564 ergo
836 1531 854 1554 a
872 1522 1043 1554 medietate
1071 1522 1222 1555 deflectit.
1268 1522 1363 1560 Quod

310 1589 403 1622 vero,
426 1590 500 1614 cum
528 1581 739 1622 amplitudine
773 1581 935 1614 universae
966 1581 1011 1613 rei
1045 1583 1247 1622 comparata,
1276 1583 1363 1614 notae

309 1639 453 1673 obtineat
467 1640 612 1682 modum,
626 1640 806 1674 declaratur
822 1640 891 1673 acie
906 1642 1106 1679 verutorum,
1123 1640 1178 1681 qui
1205 1641 1364 1681 γνώμονες

309 1699 508 1741 appellantur
523 1709 541 1732 a
559 1700 773 1741 mechanicis,
792 1700 831 1731 ad
849 1700 1026 1732 factendam
1050 1699 1174 1732 solariis
1191 1700 1357 1741 umbram,

311 1767 376 1799 qua
394 1758 599 1792 declarantur
617 1759 717 1792 lioroe.
763 1759 889 1800 Quippe
906 1758 1083 1791 mechanici
1100 1758 1259 1799 horologia
1276 1759 1363 1791 insti·

309 1819 450 1858 tuentes,
478 1826 533 1858 per
561 1827 675 1850 omnes
707 1818 909 1859 provincias,
930 1826 1106 1858 omnesque
1134 1818 1231 1850 etiam
1257 1817 1363 1859 plagas

309 1876 516 1917 liabitabileS‚
534 1878 669 1910 sumunt
697 1877 758 1909 sibi
793 1877 977 1917 promiscue
1006 1878 1102 1917 atque
1133 1877 1362 1917 indifferenter,

308 1935 423 1967 borum
444 1935 586 1977 ipsorum
603 1945 801 1977 gnomonum
819 1945 991 1969 mucrones
1009 1945 1066 1976 pro
1083 1937 1219 1976 puncto,
1238 1939 1269 1968 et
1292 1944 1361 1968 me-

307 1995 434 2036 dietate,
456 1996 633 2029 solstitialis
651 1997 725 2038 pilae
747 2009 755 2029 :
777 2006 836 2030 nec
856 2001 976 2030 errant.
1023 2000 1125 2038 Ergo,
1151 1999 1178 2029 si
1207 2001 1254 2030 est
1284 2006 1359 2039 una,

309 2063 383 2087 vcra
410 2056 442 2087 et
472 2055 570 2096 certa,
595 2055 750 2088 medietas
780 2055 957 2088 solstitialis
975 2055 1068 2097 pilae,
1095 2064 1208 2088 omnes
1250 2058 1360 2089 autem

307 2115 393 2147 notae
414 2115 510 2155 atque
528 2115 635 2147 omnia
656 2118 774 2155 puncta
792 2123 832 2148 ex
850 2115 938 2147 omni
971 2116 1098 2155 regione
1120 2117 1281 2148 terrarum
1306 2124 1360 2148 as-

306 2174 483 2213 sequuntur
500 2181 607 2206 veram
624 2175 716 2206 istam
733 2173 810 2206 solis
831 2174 1036 2206 medietatem
1051 2186 1058 2206 :
1080 2174 1282 2214 perspicuum
1298 2175 1360 2214 est,

306 2232 391 2272 quod
420 2232 526 2264 omnis
558 2234 642 2265 terra
665 2234 774 2274 puncti
806 2233 908 2265 vicem
932 2232 1067 2274 habeat,
1088 2232 1260 2265 adversum
1284 2233 1361 2265 solis

306 2292 438 2332 globum
457 2294 651 2334 comparata.
695 2293 758 2326 Sed
775 2293 815 2326 de
835 2294 937 2325 forma
956 2293 1087 2334 quidem
1107 2294 1204 2326 totius
1225 2293 1357 2334 mundi,

307 2354 338 2383 et
356 2352 452 2384 etiam
473 2355 586 2392 terrae,
603 2353 663 2384 boc
686 2352 825 2393 ampltus
845 2353 886 2385 de
905 2352 1049 2393 ejiisdem
1069 2352 1170 2385 media
1188 2353 1358 2393 positione,

307 2412 547 2451 comparatione
559 2421 690 2452 quoque
700 2411 872 2444 adversum
886 2411 1031 2444 universi
1043 2411 1184 2452 eorporis
1195 2412 1360 2444 Immensi-

308 2471 427 2510 tatem,
443 2470 596 2503 hactenus
610 2471 746 2503 dictum.

345 2530 462 2569 LXIV.
486 2529 549 2562 sed
577 2529 663 2561 enim
688 2529 795 2562 coelite
824 2530 951 2570 sphaera
968 2531 1115 2563 vertente
1146 2531 1248 2563 semet
1272 2530 1356 2562 circa

308 2589 400 2628 fixOS,
414 2590 446 2621 et
460 2591 627 2622 manentes
639 2599 775 2631 semper,
786 2591 888 2631 polos,
902 2591 1215 2632 continuantemque
1222 2588 1354 2624 eosdem

309 2647 399 2687 polos
429 2656 535 2688 axem,
557 2648 609 2680 cui
638 2648 780 2681 adhaeret
803 2649 910 2682 medio
932 2650 1037 2682 media
1062 2650 1168 2689 telluS,
1186 2651 1359 2683 comitatur

308 2706 500 2746 vertiginem
525 2706 663 2739 coelestis
689 2708 823 2747 sphaerae
851 2709 1012 2740 stellarum
1033 2709 1177 2741 omnium
1197 2710 1358 2751 populus,

308 2766 340 2796 et
356 2765 535 2804 promiscue
562 2765 649 2804 signa
667 2765 827 2805 coelestia,
842 2766 929 2806 gyris
949 2767 1151 2807 aequabiliter
1168 2775 1209 2799 ex
1231 2767 1359 2808 propria

309 2825 521 2857 conversione
559 2825 750 2858 distantibus
790 2826 993 2868 depingentia
1033 2828 1170 2861 circulos
1206 2828 1359 2862 adversos

310 2884 408 2924 atque
435 2884 550 2915 obvios
578 2885 647 2924 axi,
679 2894 815 2926 quorum
845 2886 1020 2919 multitudo
1052 2887 1152 2919 vincit
1178 2887 1358 2920 dinumera-

308 2943 440 2975 tionem.
486 2943 585 2975 Pauci
603 2944 710 2975 tamen
740 2944 839 2976 nobili
867 2945 1010 2978 celebres
1038 2946 1261 2988 appellatione,
1277 2956 1359 2987 quos

309 3001 393 3034 scire
410 3001 488 3033 utile
511 3004 578 3041 est,
606 3001 644 3032 ad
675 3002 895 3042 spectaculum
922 3003 1061 3035 coelestis
1088 3004 1227 3037 clioreae.
1272 3006 1360 3037 Unus

310 3060 366 3102 qui
384 3060 509 3093 excelso
538 3060 731 3100 cognitoque
752 3060 843 3092 nobis
870 3062 903 3093 et
930 3062 1102 3103 perspicuo
1127 3063 1201 3103 polo
1235 3063 1359 3095 vicinus

309 3120 375 3160 est,
395 3118 652 3159 septentrionalis
669 3118 849 3159 appellatur
867 3118 908 3150 ob
934 3119 1158 3151 constellatum
1183 3119 1244 3151 sibi
1270 3119 1359 3152 sidus

309 3178 547 3218 septentrionis.
593 3178 679 3210 Alter
711 3177 876 3217 adversus,
905 3177 1037 3217 aequalis
1057 3177 1132 3209 liuic
1157 3177 1252 3217 juxta
1281 3178 1358 3210 sub-

310 3244 454 3268 mersum
485 3237 703 3276 latentemque
734 3244 861 3276 semper
880 3237 1003 3277 polum,
1018 3236 1087 3276 ipse
1117 3236 1215 3268 etiam
1244 3237 1358 3277 latens,

309 3296 515 3327 antarctIcus.
561 3295 687 3327 Medius
710 3297 742 3326 et
765 3295 927 3326 maximus
956 3295 1114 3334 omnium,
1135 3294 1184 3326 bis
1212 3295 1359 3328 dividens

310 3353 482 3394 sphaeram,
498 3353 687 3394 aequidialis,
702 3362 796 3394 quem
807 3354 984 3394 ἰσημερινὸν
1000 3352 1173 3393 appellant,
1192 3357 1358 3394 propterea

313 3412 397 3450 quod
418 3412 569 3452 subJectis
583 3412 641 3444 sibi
663 3412 846 3452 regionibus
866 3415 960 3444 terrae
982 3413 1092 3444 noctes
1110 3419 1223 3444 omnes
1244 3410 1359 3444 diebus

313 3470 460 3502 omnibus
473 3471 612 3511 aequales
625 3470 754 3504 exbibet
770 3482 778 3503 ε
796 3470 962 3512 nihiloque
978 3470 1085 3503 minus
1097 3470 1129 3502 in
1146 3470 1216 3503 aliis
1229 3478 1358 3512 qnoque

1055 257 1318 296 CHALCIDH
1348 259 1763 303 COMMENTARIUS

1430 347 1560 382 minime
1572 349 1725 391 subjectis
1737 351 1799 384 sibi
1814 352 2009 393 regionibus,
2023 362 2096 395 quae
2108 353 2186 386 solis
2201 356 2291 387 ortus
2302 355 2336 388 et
2346 363 2481 390 occasus

1429 405 1550 448 vident,
1562 416 1634 440 cum
1652 407 1735 441 idern
1746 408 1792 440 sol
1807 408 1847 442 ad
1859 409 1945 442 bunc
1959 419 1994 443 se
2005 410 2195 452 applicuerit
2205 410 2376 454 circulum,
2387 420 2482 455 pares

1430 464 1526 498 boras
1541 465 1603 499 diei
1624 469 1793 509 noctisque
1810 468 1952 502 metitur.

1472 525 1570 558 LXV.
1597 527 1684 558 Inter
1697 526 1784 560 bunc
1801 536 1896 569 porro
1918 529 1950 560 et
1974 529 2100 561 arctoos
2119 527 2179 561 hac
2196 530 2294 572 atque
2319 528 2396 563 ittae
2415 529 2482 564 duo

1430 582 1555 624 tropici,
1570 585 1705 618 aestivus
1724 587 1755 618 et
1772 586 1924 619 brumalis
1940 600 1947 620 :
1969 587 2020 620 liic
2035 596 2053 620 e
2069 587 2197 628 regione
2217 590 2340 628 nostra,
2353 588 2482 623 vicinus

1427 641 1581 683 aquiloni,
1595 644 1726 677 aestivus
1742 657 1749 677 z
1767 645 1934 686 brumalis,
1948 647 2059 679 austro
2073 647 2284 689 propinquus.
2329 649 2391 682 Per
2399 656 2481 691 qnos
2528 655 2539 664 ·

1428 700 1576 742 obliquus
1594 705 1747 735 curvatur
1770 704 1913 745 signifer,
1931 708 1962 738 et
1983 705 2051 746 ipse
2067 706 2226 738 maximus
2245 706 2388 740 circulus
2402 715 2482 741 con·

1430 759 1552 801 tingens
1573 762 1716 803 tropicos
1735 763 1869 804 singulis
1895 763 2005 805 signis,
2022 765 2172 797 aestivum
2198 765 2329 807 quidem
2344 774 2481 807 canan,

1428 817 1607 852 brumalem
1638 826 1745 854 autem
1777 822 1976 862 capricorno.
2022 824 2178 865 Idemque
2207 824 2412 866 aeqnidittlem
2431 824 2482 859 bis

1427 878 1515 910 secat
1533 878 1712 920 circulum,
1732 882 1763 913 et
1780 881 1849 922 ipse
1865 881 1905 913 ab
1925 891 1963 914 eo
1983 885 2109 915 secatur
2129 883 2224 915 toties
2243 891 2301 924 per
2320 882 2482 916 clielaset

1427 935 1559 969 arietem
1572 962 1582 978 ,
1609 938 1670 970 sub
1692 947 1789 980 quem
1812 939 1888 972 luna
1904 943 1937 973 et
1952 941 1999 973 sol
2019 941 2176 980 feruntur,
2192 941 2356 983 ceterique
2379 941 2480 983 ignes,

1426 996 1481 1036 qui
1508 998 1662 1030 vocantur
1683 998 1834 1037 πλάνητες
1855 1012 1863 1032 :
1890 999 2050 1039 Pliaenon‚
2080 999 2231 1041 idemque
2255 1002 2431 1041 Saturnus,
2447 1004 2480 1034 ct

1429 1054 1608 1098 Pliaetlion,
1625 1058 1734 1098 Jovis;
1749 1058 1861 1099 Pyrois
1876 1067 2004 1099 quoque
2020 1058 2131 1092 Martis
2149 1068 2158 1091 ε
2176 1059 2254 1092 item
2273 1059 2400 1092 Lucifer
2417 1062 2480 1093 Ve-

1426 1112 1523 1152 neris,
1538 1114 1594 1155 qui
1610 1115 1673 1147 alio
1693 1125 1825 1157 quoque
1844 1122 1992 1150 censetur
2006 1118 2139 1158 Hesperi
2158 1118 2288 1150 nomine
2302 1131 2310 1151 :
2324 1122 2479 1159 praeterea

1430 1171 1570 1213 Stilbon,
1589 1175 1779 1208 Mercuriale
1797 1175 1897 1209 sidus.
1941 1176 2067 1209 Dicitur
2085 1177 2181 1209 etiam
2200 1176 2338 1209 circulus
2358 1176 2479 1216 finalis,

1425 1241 1523 1273 quem
1542 1234 1650 1266 noster
1669 1234 1757 1266 visus
1788 1234 1995 1276 imaginatur,
2019 1236 2130 1278 ὁρίζων
2145 1236 2259 1268 Graeco
2276 1236 2425 1278 nomine,
2441 1236 2481 1269 li-

1426 1292 1543 1324 mitans
1572 1293 1745 1335 mundum,
1772 1293 1984 1336 dividensque
2012 1295 2044 1327 in
2064 1295 2146 1327 duas
2173 1297 2280 1337 partes
2301 1295 2395 1338 juxta
2419 1295 2479 1329 lio·

1425 1351 1550 1383 minum
1569 1351 1692 1392 visum,
1719 1352 1849 1393 quando
1872 1353 1998 1394 objectu
2033 1358 2146 1395 terrae,
2181 1355 2286 1388 solum
2313 1355 2346 1387 id
2376 1354 2479 1388 hemi-

1425 1410 1614 1452 sphaerium,
1637 1411 1722 1452 quod
1739 1420 1877 1453 superne
1897 1412 2003 1452 fuerit,
2019 1413 2145 1445 videtur
2162 1426 2170 1446 ι
2191 1412 2327 1446 alterum
2351 1412 2478 1446 interim

1429 1470 1505 1503 latet
1522 1470 1583 1503 sub
1599 1471 1730 1503 australi
1749 1472 1836 1512 polo,
1853 1481 1950 1513 quem
1969 1476 2005 1504 ut
2023 1474 2068 1505 ait
2086 1475 2178 1514 poeta
2198 1485 2206 1506 ς

1497 1559 1559 1589 Sub
1571 1560 1700 1597 pedibus
1712 1560 1790 1597 Styx
1803 1563 1876 1590 atra
1889 1556 1973 1590 vitiet
1985 1569 2152 1598 manesque
2162 1560 2326 1598 profundi.

1424 1639 1560 1679 Magnus
1574 1637 1687 1680 etipse
1700 1639 1733 1670 et
1752 1638 1924 1679 maximus,
1946 1647 2060 1672 secans
2077 1639 2203 1679 gemina
2221 1638 2362 1672 sectione
2379 1639 2479 1681 aequi-

1424 1696 1541 1729 dialem
1559 1699 1654 1738 atque
1671 1697 1855 1730 zodiacum.
1902 1697 1993 1731 Unde
2013 1698 2062 1738 fit,
2077 1701 2112 1730 ut
2135 1698 2302 1740 signorum
2319 1698 2478 1732 diametro

1424 1764 1443 1787 a
1458 1764 1493 1789 se
1508 1755 1697 1789 distantium
1714 1757 1850 1789 alterum
1867 1756 1995 1798 quidem
2014 1757 2048 1790 In
2064 1761 2150 1798 ortu,
2167 1757 2304 1790 atterum
2325 1759 2478 1800 appareat

1424 1813 1457 1847 in
1469 1823 1597 1846 occasu.
1643 1816 1740 1847 Hunc
1752 1812 1861 1847 autern
1874 1814 1980 1857 ipsum
1995 1815 2142 1849 bifariam
2157 1814 2274 1850 dividit
2287 1816 2473 1859 meridialis,

1424 1873 1480 1915 qui
1497 1874 1709 1915 μεσημβρινὸς
1727 1873 1855 1915 dicitur,
1874 1875 2036 1907 maximus
2056 1875 2108 1907 bic
2134 1883 2263 1917 quoque
2282 1885 2338 1917 per
2361 1875 2476 1908 ambos

1425 1936 1579 1966 curvatus
1594 1933 1697 1974 polos.
1743 1933 1806 1966 Sed
1821 1934 1877 1975 qui
1894 1936 2001 1967 rectus
2017 1934 2205 1975 intelligitur
2222 1934 2378 1968 adversus
2394 1934 2475 1967 fina-

1423 1992 1485 2025 lem
1505 2001 1603 2034 quem
1632 1993 1736 2033 urget,
1761 1993 1936 2025 nieridialis
1961 1993 2152 2035 appellatur,
2186 1993 2263 2035 quia
2291 1993 2397 2026 medio
2423 1991 2476 2027 dIe

1423 2061 1480 2093 per
1501 2060 1575 2084 eum
1601 2052 1661 2091 sol,
1681 2052 1807 2084 excelso
1827 2038 1958 2084 ⁴itineris
1983 2052 2107 2091 elatior,
2137 2054 2257 2085 terram
2276 2051 2397 2085 directo
2420 2051 2476 2085 de-

1423 2111 1516 2152 spicit
1533 2112 1622 2143 nutu.
1637 2110 1733 2153 [Vide
1747 2110 1880 2152 figuram
1897 2111 2002 2151 V1,in
2019 2111 2081 2144 fine
2096 2110 2299 2153 voluminis]

1463 2172 1574 2204 LXVI.
1597 2170 1658 2203 Sed
1673 2170 1853 2211 aequidialis
1872 2170 2001 2211 quidem
2017 2171 2050 2203 et
2065 2170 2121 2212 qui
2137 2170 2237 2203 latera
2251 2170 2323 2211 ejus
2341 2170 2476 2204 circum·

1421 2230 1537 2263 sistunt
1562 2231 1629 2262 tam
1649 2229 1879 2270 magnitudine,
1898 2238 1995 2270 quam
2014 2230 2188 2271 positione,
2209 2230 2266 2263 fixi
2296 2231 2472 2264 confirma-

1421 2289 1521 2329 tique.
1567 2288 1723 2321 zodiacus
1754 2291 1883 2328 autem,
1914 2288 2132 2329 magnitudine
2163 2289 2292 2330 quidem
2316 2287 2423 2331 fixus,
2441 2290 2475 2322 et

1422 2347 1513 2380 firmo
1534 2347 1681 2387 cardine,
1709 2346 1864 2387 positione
1883 2346 1980 2379 etiam
1998 2345 2092 2386 juxta
2114 2345 2232 2376 coelum
2259 2348 2327 2379 rata
2355 2359 2364 2379 :
2381 2346 2475 2388 juxta

1421 2415 1480 2439 nos
1507 2408 1615 2439 tamen
1645 2405 1889 2447 praeponderat,
1913 2413 1971 2446 pro
1997 2405 2186 2447 obliquitate
2214 2405 2306 2439 varie
2333 2409 2471 2447 nutans,

1420 2465 1575 2506 aliterque
1593 2464 1697 2504 nobis,
1716 2467 1814 2504 atque
1829 2464 1921 2496 aliter
1937 2463 2096 2497 insistens.
2144 2465 2316 2498 Meridialis
2328 2474 2471 2507 quoque,

1420 2524 1452 2555 et
1478 2523 1555 2556 item
1585 2522 1702 2562 finalis,
1723 2522 1811 2564 quod
1830 2523 1870 2555 ad
1898 2522 2153 2564 magnitudinem
2181 2525 2316 2565 spectat,
2337 2523 2471 2566 vigorati

1420 2584 1516 2623 sunt,
1545 2581 1664 2623 quippe
1683 2581 1835 2621 maximi,
1856 2581 1911 2614 sed
1933 2582 2093 2623 positione
2111 2583 2233 2615 nutant:
2256 2591 2313 2624 per
2327 2582 2472 2616 diversas

1419 2644 1513 2676 terrae
1534 2643 1660 2684 plagas,
1682 2642 1730 2674 lits
1758 2646 1790 2675 et
1810 2642 1886 2675 item
1904 2643 1986 2684 aliis,
2013 2652 2048 2676 se
2069 2643 2277 2684 applicantes.
2322 2645 2366 2678 At
2390 2652 2470 2677 vero

1420 2702 1515 2735 vicini
1531 2703 1623 2744 potis,
1640 2702 1673 2734 id
1689 2703 1738 2734 est
1756 2701 2025 2742 septentrionalis,
2047 2704 2079 2734 et
2095 2702 2170 2735 huic
2185 2701 2342 2744 diversus,
2357 2704 2467 2736 antar-

1420 2762 1536 2803 cticuS,
1555 2769 1661 2802 neque
1677 2760 1906 2802 magnitudine,
1923 2770 2026 2801 neque
2049 2762 2217 2802 positione,
2234 2760 2359 2795 solidati
2375 2763 2469 2803 sunt;

1420 2821 1475 2854 sed
1497 2830 1553 2862 pro
1569 2819 1750 2853 differentia
1763 2819 1942 2860 regionum,
1957 2818 2182 2859 aquilonianae,
2198 2819 2338 2861 itemque
2349 2820 2472 2854 austra-

1420 2882 1468 2922 lis,
1485 2881 1570 2922 apud
1589 2880 1748 2922 quosdam
1770 2879 1917 2920 majores,
1932 2880 2016 2921 apud
2034 2880 2115 2912 alios
2132 2880 2272 2913 minores
2288 2881 2467 2922 putantur:

1420 2944 1531 2974 contra
1548 2933 1762 2973 meditullium
1778 2940 1886 2971 tamen
1903 2940 1997 2971 terrae
2009 2963 2017 2976 ‚
2035 2938 2091 2970 ubi
2106 2938 2167 2971 sub
2185 2938 2386 2980 aequidialem
2408 2938 2467 2971 cir·

1419 3000 1527 3032 culum
1549 3008 1629 3032 zona
1649 3007 1684 3031 se
1711 2998 1865 3039 porrigit,
1890 2999 2006 3030 exusta
2027 2997 2141 3029 ardore
2172 2996 2367 3036 flammanti,
2393 3006 2468 3038 pro·

1420 3061 1591 3100 ptereaque
1608 3055 1825 3089 inhabitabilis
1847 3057 1896 3088 est
1917 3068 1924 3088 :
1947 3055 2091 3096 utrisque
2108 3055 2192 3097 polis
2205 3055 2271 3088 illic
2285 3054 2467 3091 visibilibus

1419 3122 1453 3151 et
1483 3117 1678 3160 perspicuis,
1705 3125 1761 3157 per
1788 3124 1869 3156 quos
1888 3114 1980 3147 limes
2001 3114 2026 3146 it
2053 3116 2158 3156 partes
2181 3113 2294 3147 mundi
2312 3113 2464 3148 determi-

1422 3187 1515 3210 naus.

1463 3237 1586 3269 LXVII.
1605 3235 1709 3268 Etiam
1720 3234 1797 3266 illud
1809 3233 2002 3273 addendum,
2022 3233 2147 3265 ceteros
2158 3231 2309 3272 circulos,
2326 3232 2464 3274 idipsum

1419 3302 1509 3332 esse,
1529 3293 1680 3333 circulos,
1695 3293 1790 3333 Juxta
1804 3290 2034 3331 definitionem,
2058 3299 2132 3331 quae
2157 3290 2251 3322 docet
2275 3300 2282 3321 :
2308 3290 2466 3322 circulum

1418 3361 1487 3385 esse
1506 3352 1633 3393 planam
1653 3351 1799 3392 figuram,
1821 3358 1918 3391 quam
1937 3359 2000 3382 una
2015 3349 2096 3382 linea
2121 3348 2341 3381 circumducta
2365 3350 2465 3382 conti-

1420 3413 1502 3443 neat.
1546 3413 1660 3452 Itaque
1676 3410 1817 3452 singulos
1834 3409 1968 3450 singulis
1991 3407 2081 3442 lineis
2105 3407 2335 3440 circumductis
2359 3407 2461 3440 conti-

1419 3469 1497 3503 neri.
1543 3469 1734 3511 Signiferum
1759 3478 1838 3502 vero
1866 3477 1908 3502 ex
1941 3467 2051 3501 multis
2077 3468 2234 3508 constare,
2265 3466 2298 3499 in
2325 3465 2463 3508 speciem
