2638 3840
350 242 416 270 mv
1206 235 1273 275 DE
1302 237 1623 282 PYTHAGORA

348 329 527 358 enarrant
560 330 638 358 tum
675 322 862 360 refellunt.
897 322 953 359 Ex
986 322 1119 372 Euryti
1151 324 1198 360 de
1235 324 1389 364 fortuna
1451 327 1631 368 Laertius
1662 330 1731 371 lib.
1758 332 1826 381 IX,
1853 336 1898 373 16
1921 335 2026 388 (136)
2047 350 2096 378 ex
2125 340 2362 394 Hieronymo
2396 347 2493 386 rese.

349 378 483 416 libello
494 379 745 427 fragmentum
759 380 1039 431 superestapud
1052 380 1243 418 Stobaeum
1256 381 1385 433 Eclog.

348 436 420 476 lib.
447 452 461 474 1
483 451 566 488 cap.
589 452 608 485 7
627 447 664 475 et
683 438 844 476 alterum
867 439 969 489 apud
987 439 1216 477 Clementem
1242 442 1383 482 Strom.

343 495 414 534 lib.
433 495 463 532 V
483 510 519 547 p.
541 497 634 547 559.
657 496 871 548 Utrumque
888 498 988 534 infra
1008 511 1236 547 proponam.

397 553 428 590 E
447 555 703 605 Pythagoreis
732 557 969 605 Diophantus
987 555 1094 607 (135)
1117 556 1383 607 Syracusanus

333 612 604 650 'Democritum
623 622 659 650 et
680 613 944 651 Metrodorum
966 614 1006 651 in
1026 615 1236 652 statuendis
1252 629 1382 655 rerum

341 671 548 722 principiis
565 680 716 709 secutus
739 681 809 710 est.
841 674 896 710 De
913 674 1032 710 animi
1053 681 1191 711 natura
1210 688 1342 714 omnes
1362 690 1383 715 a

340 729 562 780 Pythagora
581 730 743 780 profecti
759 741 935 769 accurate
955 741 993 770 et
1010 731 1171 783 copiose
1201 733 1380 785 disputa-

341 797 445 827 runt.
469 789 524 825 Ac
544 788 761 826 Philolaum
793 790 947 839 quidem
969 790 1204 829 Claudianus
1222 792 1381 832 Mamer-

340 855 400 885 tus
417 846 487 887 lib.
507 847 543 884 11
565 860 649 897 cap.
671 862 691 894 7
709 847 763 885 ita
781 847 970 887 dicentem
989 849 1079 887 facit
1102 864 1110 887 ε
1135 867 1150 884 «
1171 854 1312 889 Anima
1326 857 1382 891 ad

337 909 547 956 exemplum
570 910 675 942 unius
697 912 900 956 composita
912 917 979 955 est,
995 923 1080 958 qua?
1100 913 1154 945 sic
1173 912 1376 949 illocaliter

335 966 544 1001 dominatur
559 969 598 1000 itz
614 978 775 1014 corpore,
789 970 886 1004 sicut
901 982 992 1004 unus
1005 972 1042 1004 in
1055 973 1231 1008 numeris.
1250 987 1266 1004 »
1285 973 1379 1009 Ero-

279 1048 287 1054 ·
333 1037 474 1060 menem
497 1031 622 1060 autem
640 1022 893 1063 Tarentinum
914 1026 955 1064 in
974 1026 1079 1064 hunc
1099 1027 1259 1065 modum
1283 1030 1375 1067 scri-

332 1081 455 1131 psisse
472 1089 631 1119 testatur
655 1094 664 1120 :
687 1086 843 1133 «Longe
857 1087 964 1122 aliud
980 1090 1111 1123 anima
1120 1089 1230 1123 aliud
1246 1101 1377 1137 corpus

329 1150 391 1185 est,
424 1155 510 1190 quoe
525 1155 674 1192 corpore
689 1152 725 1180 et
753 1153 920 1194 torpente
939 1150 1054 1194 viget,
1079 1156 1117 1183 ec
1142 1161 1243 1184 coeeo
1271 1151 1379 1185 videt

329 1208 366 1236 et
382 1210 520 1237 mortuo
538 1205 642 1241 vivit.
662 1218 679 1236 »
705 1201 810 1240 Idem
844 1204 924 1242 fere
955 1205 1122 1243 sensisse
1147 1207 1375 1257 scriptoque

328 1258 548 1308 prodidisse
576 1260 631 1298 ait
658 1261 918 1314 Archippum,
939 1263 1262 1315 Epaminondam,
1283 1267 1373 1304 Ari-

328 1325 466 1367 steum,
487 1317 727 1367 Gorgiaden,
746 1320 980 1369 Diodorum,
1002 1322 1113 1363 alios.

380 1377 437 1414 De
455 1380 599 1415 Milone
616 1379 757 1418 athleta
777 1380 1026 1420 Crotoniensi
1054 1383 1271 1434 eodemque
1293 1389 1370 1435 Py-

328 1436 496 1486 thagorae
519 1437 713 1488 discipulo
741 1438 823 1489 jam
850 1453 970 1491 supra
991 1441 1054 1490 egi
1082 1441 1124 1478 in
1156 1445 1372 1481 enarranda

332 1494 452 1532 Samii
470 1496 696 1547 philosophi
722 1499 816 1538 vita.
834 1498 921 1538 Vid.
953 1499 1041 1539 adn.
1067 1500 1126 1537 15.
1148 1501 1248 1539 Huic
1268 1516 1369 1542 unus

331 1551 506 1592 Stobaeus
519 1554 643 1593 libros
663 1556 710 1593 de
725 1570 856 1595 rerum
872 1566 1009 1596 natura
1026 1560 1194 1610 scriptos
1211 1561 1366 1609 tribuit,

328 1612 444 1649 allato
464 1625 511 1650 ex
531 1614 580 1651 iis
611 1614 697 1652 loco
722 1629 836 1666 quem
856 1616 993 1667 Euryti
1026 1618 1206 1668 reliquiis
1239 1619 1369 1671 subji—

325 1673 440 1712 ciam.
461 1673 594 1723 Neque
614 1675 717 1712 enim
744 1674 907 1713 dubium
933 1678 1027 1727 quin
1050 1677 1211 1715 Milonis
1228 1691 1370 1717 nomen

322 1732 606 1783 praeferendum
628 1734 678 1771 sit
703 1734 814 1772 alteri
830 1735 1032 1786 scripturae
1060 1734 1220 1780 Φίλωνος
1249 1752 1365 1789 quam

322 1803 412 1841 pars
435 1793 745 1830 membranarum
773 1793 917 1832 Stobaei
946 1794 1118 1843 exhibet,
1154 1798 1366 1847 praesertim

321 1862 439 1899 quum
461 1851 619 1901 Photius
639 1865 795 1902 quoque
812 1852 973 1896 Μίλωνος
1009 1867 1150 1892 nomen
1171 1854 1230 1893 ibi
1249 1869 1366 1906 agno-

321 1917 417 1946 scat.
446 1908 547 1947 Illud
564 1923 684 1947 unum
704 1910 819 1949 nobis
842 1911 895 1949 ita
910 1912 1180 1962 judicantibus
1207 1914 1365 1954 videtur

321 1965 491 2018 obstare,
511 1970 616 2018 quod
635 1969 793 2008 doricus
813 1983 940 2008 sermo
959 1984 981 2008 a
999 1971 1175 2010 librariis
1194 1973 1235 2011 in
1257 1987 1366 2012 com-

276 2034 278 2036 ’
322 2037 478 2064 munem
503 2026 710 2065 dialectum
734 2037 899 2067 mutatus
927 2038 997 2067 est.
1020 2032 1068 2068 At
1098 2031 1173 2069 hoc
1201 2032 1244 2070 in
1273 2034 1364 2072 aliis

318 2085 433 2122 etiam
465 2084 608 2124 Stobaei
642 2087 836 2138 capitibus
866 2089 1022 2127 accidit.
1061 2090 1238 2141 Denique
1255 2100 1361 2130 tanta

320 2143 445 2194 ipsius
467 2144 668 2194 fragmenti
684 2147 855 2184 brevitas
873 2156 950 2194 est,
972 2156 1014 2185 ut
1033 2149 1074 2186 in
1092 2162 1138 2187 eo
1152 2151 1259 2188 nulla
1279 2165 1360 2189 cer—

321 2211 366 2239 tae
381 2203 542 2252 alicujus
562 2204 701 2242 scholae
715 2206 877 2255 vestigia
897 2216 1122 2257 appareant.

367 2263 590 2310 Scythinus,
627 2277 740 2314 quem
787 2273 957 2303 vetustas
1000 2266 1201 2305 oblivione
1253 2282 1363 2319 paene

316 2320 474 2368 obruit,
503 2330 567 2359 aut
600 2322 829 2361 Heracliteis
860 2326 1173 2364 annumerandus
1203 2327 1359 2366 videtur

316 2387 381 2417 aut
428 2379 697 2431 Pythagoreis.
739 2381 999 2421 Heracliteum
1038 2384 1128 2422 facit
1165 2386 1359 2435 Diogenes

311 2572 469 2604 τοσούτων
487 2573 619 2614 ὁρίζεται
637 2574 790 2615 μονάδων.
804 2578 1031 2618 Παραπλήσιον
1042 2579 1142 2620 τούτῳ
1158 2581 1210 2612 καὶ
1227 2581 1276 2613 ἐπὶ
1296 2586 1358 2614 τῶν

310 2619 352 2655 τξ’
375 2619 471 2651 ἐποίει
483 2643 492 2659 ,
511 2621 563 2651 καὶ
582 2621 636 2656 τὰς
656 2621 710 2662 μὲν
726 2622 888 2660 ἀνήλισκεν
902 2625 946 2661 εἰς
966 2625 1085 2665 φύλλων
1101 2626 1155 2663 τὰς
1169 2627 1202 2659 δὲ
1220 2629 1262 2664 εἰς
1279 2629 1355 2660 κλά-

311 2665 385 2704 δων,
398 2665 490 2702 ἄλλας
505 2667 547 2702 εἷς
565 2667 654 2707 ῥιζῶν
669 2668 876 2709 ἐκπλήρωσιν,
891 2671 943 2702 καὶ
960 2675 1057 2703 ταῦτα
1074 2673 1152 2715 ἅπερ
1168 2675 1217 2706 ἐπὶ
1234 2678 1289 2706 τοῦ
1303 2677 1357 2706 ἀν-

311 2713 434 2752 θρώπου
449 2713 544 2754 ἔλεγε,
560 2717 658 2745 ταῦτα
669 2717 723 2747 καὶ
736 2717 805 2757 περὶ
822 2720 918 2757 φυτοῦ
933 2719 987 2750 καὶ
1009 2723 1068 2751 τῶν
1083 2720 1196 2761 ἄλλων,
1213 2723 1265 2754 καὶ
1279 2723 1356 2762 ὅλῳς

310 2759 387 2800 ὅπερ
406 2763 459 2791 νῦν
473 2761 502 2791 οἱ
516 2764 642 2802 γραφεῖς
664 2765 791 2794 ποιοῦσι
813 2764 869 2795 καὶ·
888 2763 941 2795 διὰ
959 2766 1134 2806 χρωμάτων
1150 2769 1278 2801 ποικίλα
1301 2773 1354 2803 καὶ

309 2806 492 2838 παντοδαπὰ
505 2806 656 2848 γράφουσι
673 2812 755 2849 ζῷα,
777 2813 869 2841 τοῦτο
893 2811 1007 2848 ἐκεῖνος
1024 2813 1075 2845 διὰ
1098 2818 1161 2846 τῶν
1178 2820 1356 2858 κεχρωσμέ-

308 2863 370 2884 νων
385 2852 526 2894 ψηφίδων
543 2853 661 2893 ἑποίει,
693 2855 853 2895 ἀφωμοίου
879 2867 911 2887 τε
931 2858 982 2889 καὶ
1000 2859 1041 2895 εἰς
1072 2864 1180 2902 σχῆμα
1206 2865 1354 2895 συνετίθει

308 2899 396 2932 τόνδε
415 2901 470 2940 μὲν
488 2901 540 2932 τὸν
553 2904 615 2932 τῶν
628 2902 768 2942 ψηφίδων
788 2902 915 2943 ἀριθμὸν
943 2905 1106 2946 ἀνθρώπου
1119 2932 1128 2946 ,
1143 2909 1235 2940 ἀλλον
1256 2911 1287 2942 δὲ
1307 2904 1355 2942 ίπᾸ

307 2957 369 2978 που
379 2970 388 2985 ,
404 2947 456 2978 καὶ
470 2947 539 2983 τοὺς
552 2947 661 2984 ἄλλους
676 2949 718 2984 εἰς
731 2949 809 2980 ἄλλα
824 2949 889 2988 ε’ίδη
909 2951 998 2991 ζῴων
1016 2954 1068 2984 καὶ
1085 2958 1197 2993 φυτῶν.
1218 2956 1354 2998 Πότερον

308 2991 363 3023 οὖν
372 2992 480 3032 ,φησίν
489 3017 498 3033 ,
510 2993 607 3030 οὕτως
617 2994 696 3025 εἰσὶν
709 2996 738 3026 οἱ
750 2995 872 3036 ἀριθμοὶ
887 2996 979 3028 οιῖτιοι
992 3002 1054 3029 τῶν
1067 3001 1140 3040 τῇδε
1156 3002 1282 3039 οὐσιῶν,
1295 3004 1354 3035 ὥσ-

306 3050 363 3080 περ
375 3039 507 3080 Εὔρυτος
517 3040 631 3080 ἔλεγεν,
645 3053 660 3068 u
672 3042 691 3080 ἢ
706 3041 752 3073 ὅτι
762 3042 779 3072 ὁ
789 3043 878 3081 λόγος
891 3045 910 3082 ἡ
923 3046 1088 3086 συμφωνία
1097 3051 1158 3078 τῶν
1173 3048 1319 3090 ἀριθμῶν,
1336 3065 1351 3079 u

305 3087 462 3118 τουτέστιν
475 3088 494 3125 ἢ
510 3087 557 3118 ὅτι
576 3087 602 3119 εἰ
615 3087 704 3127 λόγος
714 3111 724 3128 ,
739 3088 808 3120 καθ’
823 3088 857 3120 ὃν
874 3090 990 3130 γίνεται
1003 3092 1041 3123 τὰ
1059 3093 1139 3132 φυτὰ
1153 3095 1206 3126 καὶ
1224 3097 1263 3127 τὰ
1276 3100 1350 3137 ζῷα,

308 3133 472 3173 συμφωνία
493 3133 576 3165 ἐστίν
589 3157 598 3172 ,
619 3135 637 3172 ἡ
661 3134 694 3166 δὲ
709 3135 874 3175 συμφωνία
893 3137 962 3168 κατ’
986 3138 1115 3179 ἀριθμοῦ
1133 3142 1255 3182 σχέσιν,
1274 3145 1303 3181 οἱ
1320 3144 1351 3175 δὲ

308 3181 428 3221 ἀριθμοὶ
457 3181 520 3219 εἴδη
532 3207 541 3221 ,
565 3181 615 3213 διὰ
648 3184 739 3214 τοῦτο
770 3182 888 3223 ἀνάγκη
909 3185 1006 3222 λέγειν
1029 3186 1074 3217 ὅτι
1111 3187 1149 3218 τὰ
1174 3188 1240 3226 εἴδη
1266 3190 1351 3222 αἴτιά

308 3228 367 3258 εἰσι
383 3231 445 3259 τῶν
465 3229 566 3267 φυτῶν
582 3229 712 3259 καὶτῶν
732 3228 832 3261 ἄλλων
852 3231 986 3270 οὐσιῶν;
1003 3251 1041 3258 -
1061 3233 1147 3273 (135)
1169 3235 1349 3267 Theodore-

306 3275 359 3305 tus
379 3275 564 3306 Graecarum
579 3274 785 3313 affectionum
805 3280 908 3307 curat.
933 3285 1027 3308 serm.
1045 3280 1091 3310 IV
1110 3279 1149 3310 de
1165 3281 1296 3312 materia
1319 3285 1349 3313 et

307 3320 427 3351 mundo
457 3330 487 3361 p.
513 3325 572 3353 528
599 3315 676 3353 (om.
696 3323 740 3353 IV
763 3322 818 3354 ed.
848 3323 1032 3355 sumnum:
1056 3323 1247 3365 Δημόκριτος
1274 3326 1306 3357 δὲ
1333 3329 1350 3358 ὁ
1380 3351 1382 3355 ,

306 3366 478 3407 Ἀόδηρίτης
503 3369 521 3399 6
544 3368 758 3408 Δαμασίππου
779 3369 834 3407 τὴν
860 3373 915 3401 τοῦ
938 3372 1028 3401 κενοῦ
1057 3371 1110 3402 καὶ
1136 3375 1199 3403 τῶν
1227 3377 1350 3405 ναστῶν
1380 3402 1381 3414 ,

305 3416 424 3454 πρῶτος
438 3413 624 3456 ἐπεισήγαγε
638 3415 736 3452 δόξαν.
753 3417 860 3448 Ταῦτα
873 3416 905 3448 δὲ
915 3417 1121 3459 Μητρόδωρος
1131 3418 1149 3450 6
1159 3420 1232 3456 Χῖος
1245 3419 1348 3452 ἀδιαί-

305 3470 376 3497 ρετα
393 3461 443 3491 καὶ
469 3462 555 3493 κενὸν
572 3463 862 3504 προσηγόρευσεν...
881 3464 1008 3501 Τούτοις
1029 3465 1080 3497 καὶ
1097 3466 1114 3497 6
1139 3466 1309 3507 Διόφαντος
1329 3469 1345 3499 ὁ

1450 399 1538 425 rens
1558 388 1703 426 clarum
1726 390 1844 442 hujus
1875 395 2049 434 nominis
2080 397 2299 439 iamborum
2327 404 2492 456 scripto-

1449 458 1528 483 rem
1549 448 1743 487 exstitisse
1759 451 1828 500 qui
1847 452 2033 493 Heracliti
2054 469 2153 508 opus
2172 459 2352 500 versibus
2371 475 2490 515 expo-

1447 517 1537 542 nere
1560 519 1764 556 aggressus
1783 511 1846 550 sit.
1871 510 1984 550 Hunc
2003 513 2142 553 Teium
2170 517 2287 557 fuisse
2307 522 2490 562 testifica-

1446 571 1509 601 tur
1552 562 1768 616 Stephanus
1810 569 2018 620 Byzantius
2066 586 2107 614 ν.
2153 575 2263 620 Τέως.
2300 578 2490 620 Praeterea

1447 618 1654 661 Athenaeus
1686 625 1794 677 (138)
1815 626 1887 668 lib.
1918 627 1972 666 XI
2003 643 2042 682 p.
2083 633 2155 676 461
2192 633 2376 675 historias
2402 638 2489 689 ejus

1445 678 1576 718 ionice
1612 683 1852 735 conscriptas
1878 686 2019 728 laudat.
2053 690 2238 743 Denique·
2257 693 2487 736 Plutarchus

1443 738 1484 775 in
1505 743 1804 790 commentario,
1826 758 1903 795 quo
1920 748 2061 796 quaerit
2080 763 2149 788 cur
2167 750 2308 802 Pythia
2330 756 2488 794 oracula

1441 797 1558 837 edens
1587 801 1828 841 carminibus
1852 805 2058 845 vaticinari
2086 808 2246 848 desierit
2277 812 2383 864 (139)
2409 822 2487 852 tres

1440 857 1488 895 de
1504 858 1590 909 lyra
1605 859 1782 911 Scythini
1802 864 2016 904 versiculos
2033 867 2144 907 affert
2163 870 2206 908 in
2223 870 2322 910 hanc
2335 881 2487 911 senten·

1441 916 1531 954 tiam
1554 921 1718 970 scriptos
1742 935 1750 958 :

1521 1047 1699 1080 concinnat
1715 1047 1797 1080 hanc
1817 1049 1930 1089 Apollo
1945 1050 2030 1083 filius
2047 1052 2139 1085 Jovis

1523 1094 1704 1135 formosus,
1723 1095 1812 1128 initia
1826 1096 1969 1138 finesque
1985 1107 2097 1132 omnes
2115 1101 2292 1143 confinem,

1520 1141 1745 1183 plectrumque
1763 1143 1966 1184 splendidum
1982 1146 2059 1179 solis
2075 1147 2178 1180 radios
2194 1149 2326 1183 habens.

1434 1254 1489 1292 Ac
1510 1268 1580 1305 per
1600 1268 1641 1293 se
1664 1255 1822 1306 quidem
1853 1258 2097 1297 manifestum
2120 1269 2198 1309 est,
2219 1262 2367 1303 vixisse
2386 1266 2480 1319 Scy-

1433 1314 1584 1351 thinum
1606 1323 1693 1352 ante
1715 1316 1976 1354 Alexandrum
2001 1317 2195 1368 Magnum.
2217 1320 2312 1361 Nam
2338 1325 2410 1363 etsi
2429 1326 2478 1365 de

1431 1372 1516 1423 ejus
1530 1382 1638 1411 aetate
1654 1374 1751 1411 nihil
1770 1383 2010 1425 compertum
2029 1376 2232 1429 habemus,
2251 1388 2379 1420 tamen
2399 1397 2478 1435 quo

1432 1439 1607 1483 tempore
1637 1433 1823 1470 Heracliti
1854 1432 2034 1473 doctrina
2069 1444 2108 1473 et
2141 1437 2476 1489 Pythagoreorum

1430 1491 1572 1541 placita
1590 1491 1776 1542 vigebant
1793 1505 1880 1529 eum
1903 1492 1951 1530 ad
1968 1494 2044 1532 tale
2062 1508 2216 1534 carmen
2231 1498 2476 1540 condendum

1431 1549 1659 1589 incubuisse
1678 1563 1791 1588 nemo
1804 1552 1974 1600 negabit.
1993 1553 2328 1604 Deprehendimus
2343 1567 2471 1598 autem

1430 1608 1471 1645 in
1487 1608 1667 1647 versibus
1686 1622 1708 1646 a
1734 1608 1941 1646 Plutarcho
1967 1611 2135 1654 servatis
2164 1621 2267 1652 certa
2293 1615 2477 1666 pbiloso-

1428 1667 1530 1718 phiae
1544 1667 1767 1706 Heracliteae
1782 1668 1946 1717 vestigia
1957 1697 1967 1716 ‚
1990 1681 2223 1719 quamquam
2245 1672 2391 1712 similia
2408 1676 2476 1715 de-

1429 1735 1531 1764 creta
1563 1727 1666 1765 inter
1695 1727 1961 1778 Pythagoreos
2004 1728 2180 1779 Hippaso
2205 1730 2474 1784 Metapontino

1428 1785 1607 1824 Clemens
1656 1787 1762 1837 (140)
1804 1786 1979 1827 ascribit.
2015 1786 2190 1839 Respicit
2222 1801 2337 1842 poeta
2373 1795 2471 1834 illud

1426 1845 1584 1897 Ephesii
1606 1845 1832 1897 philosophi
1863 1846 1968 1897 (141)
1991 1860 2000 1884 ε
2028 1863 2044 1880 α
2067 1849 2260 1885 mutabilis
2274 1862 2471 1890 concentus

1425 1915 1463 1942 et
1487 1908 1619 1943 mundi
1631 1935 1642 1952 ‚
1672 1910 1726 1942 ila
1753 1908 1847 1949 lrroe
1869 1914 1906 1942 et
1923 1907 2042 1952 arcas,
2070 1907 2178 1944 modo
2203 1915 2472 1950 contentivnem

1425 1967 1532 2002 modo
1562 1969 1813 2002 remissionem
1841 1967 2058 2002 admittens.
2082 1981 2098 1999 υ
2125 1966 2348 2017 Apollinem
2368 1983 2464 2009 vero

1423 2027 1546 2071 ignem
1565 2036 1648 2061 esse
1673 2031 1801 2061 censet
1832 2035 1919 2074 quae
1939 2031 2017 2060 tam
2034 2022 2219 2063 Heracliti
2235 2039 2351 2077 quam
2368 2029 2466 2082 Hip-

1423 2083 1508 2133 pasi
1528 2082 1665 2133 opinio
1699 2082 1786 2121 fuit.
1819 2082 2058 2120 Heraclitum
2079 2091 2182 2121 certe
2203 2083 2468 2126 subtiliter-‚de

1423 2142 1505 2179 sole
1525 2141 1758 2180 disseruisse
1777 2142 1881 2180 inter
1908 2149 2084 2179 auctores
2111 2144 2308 2184 convenit.
2338 2145 2466 2191 Quum

1422 2208 1548 2237 autem
1563 2199 1780 2238 Heraclitus
1808 2200 1939 2250 ignem
1960 2213 2093 2238 rerum
2118 2201 2351 2241 elementum
2381 2217 2467 2244 esse

1421 2259 1609 2307 crederet,
1641 2259 1753 2310 cujus
1783 2257 1938 2297 vicibus
1958 2254 2145 2298 universa
2173 2260 2372 2301 cierentur
2406 2273 2467 2302 at-

1419 2431 1628 2471 Συρακουσιος
1643 2430 1661 2460 6
1676 2428 1885 2470 Πυθαγόρειος
1899 2429 2107 2468 ἠκολούθησε.
2132 2447 2175 2453 -
2200 2430 2290 2472 (136)
2309 2432 2467 2475 Diogenes

1419 2477 1563 2509 Laertius
1585 2476 1638 2508 lib.
1661 2478 1715 2515 lX,
1743 2480 1778 2508 16
1796 2486 1804 2507 :
1824 2477 2002 2517 Ἱερώνυμος
2016 2477 2049 2508 δέ
2065 2488 2141 2518 φησι
2153 2478 2208 2510 καὶ
2227 2480 2389 2520 Σκυθῖνον,
2411 2482 2465 2514 τὸν

1417 2527 1478 2556 τῶν
1499 2524 1622 2565 ἰάμὸων
1638 2524 1782 2563 ποιητήν,
1803 2524 2019 2556 ἑπιὸάλλεσθαι
2039 2525 2092 2557 τὸν
2110 2525 2228 2558 ἐκείνου
2240 2527 2331 2567 λόγον
2345 2528 2396 2560 διὰ
2408 2531 2464 2571 μὲ-

1415 2583 1488 2613 τρου
1501 2571 1650 2603 ἐκὸαλεῖν.
1660 2571 1797 2613 ,-<137)
1816 2572 1995 2612 Stephanus
2013 2573 2184 2612 Byzantius
2195 2580 2227 2604 v.
2245 2573 2350 2610 Τέωςε
2363 2574 2415 2615 ἀφ’
2427 2575 2464 2607 οὗ

1416 2618 1626 2660 Πρωταγόρας
1645 2619 1663 2650 6
1679 2619 1773 2656 Τήῖος
1790 2619 1844 2650 καὶ
1862 2620 2009 2656 Σκυθῖνος
2028 2618 2153 2660 ἷάμὸων
2163 2620 2292 2658 ποιητὴς
2304 2621 2409 2659 Τήῐος.
2422 2639 2464 2646 -

1416 2667 1503 2707 (138)
1526 2666 1699 2698 Athenaeus
1720 2666 1777 2698 lib.
1796 2667 1842 2698 XI
1868 2675 1901 2707 p.
1927 2669 1983 2698 461
2003 2674 2012 2695 ε
2040 2666 2227 2707 μνημονεύει
2241 2667 2268 2699 δ’
2289 2668 2392 2700 αὐτῶν
2407 2671 2462 2702 καὶ

1414 2714 1559 2750 Σκυθῖνος
1584 2714 1601 2744 6
1614 2714 1706 2751 Τήῖος
1723 2714 1754 2745 ἐν
1773 2717 1811 2756 τῇ
1839 2713 2069 2754 ἐπιγραφομένῃ
2096 2713 2217 2755 ἱστορίη
2239 2714 2339 2754 λέγων
2351 2716 2461 2754 οὕτως·

1416 2772 1432 2788 «ι
1446 2761 1600 2802 Ἡρακλῆς
1615 2761 1719 2792 λαὸὼν
1730 2760 1865 2802 Εὔρυτον
1877 2761 1932 2792 καὶ
1944 2761 1997 2792 τὸν
2009 2761 2077 2792 υἱὸν
2094 2760 2222 2801 ἔκτεινε,
2238 2761 2347 2804 φόρους
2359 2766 2460 2807 πρήσ-

1413 2819 1524 2844 σοντας
1546 2807 1620 2850 παρ’
1641 2808 1798 2840 Εὐὸοέων.
1824 2809 2015 2850 Κυλικρῆνας
2038 2808 2222 2850 ἐξεπόρθησε
2246 2810 2461 2853 λῃζομένους,

1412 2856 1466 2887 καὶ
1482 2855 1591 2887 αὐτόθι
1607 2855 1696 2888 πόλιν
1711 2855 1854 2897 ἐδείματο
1878 2855 2064 2895 “Ηροἰκλειοιν
2087 2856 2144 2894 τήν
2162 2858 2329 2899 Τρηχινίαν
2349 2860 2461 2892 καλεο-

1385 2908 1387 2919 ·
1414 2903 1517 2943 μένην.
1538 2916 1554 2931 »
1572 2920 1613 2926 —
1626 2903 1716 2943 (139)
1736 2902 1925 2935 Plutarchus
1945 2903 1984 2934 de
2008 2902 2135 2943 Pythiae
2161 2905 2299 2938 oraculis
2317 2914 2390 2947 cap.
2407 2911 2459 2946 16,

1385 2966 1386 2976 ι
1414 2952 1475 2983 vol.
1497 2952 1539 2983 IX
1558 2959 1589 2992 p.
1618 2952 1678 2983 273
1692 2949 1743 2982 ed.
1763 2951 1895 2982 Hutten.
1914 2949 2066 2991 τῦστερον
2087 2949 2190 2991 μέντοι
2215 2950 2227 2991 (
2238 2952 2267 2983 οἱ
2287 2953 2458 2996 Μεγαρεῖς)

1410 2999 1563 3040 πλῆκτρον
1580 2998 1732 3035 ἀνέθηκαν
1743 2999 1790 3038 τῷ
1802 2998 1862 3038 θεῷ
1884 2999 2032 3038 χρυσοῦν,
2047 2997 2282 3038 ἐπιστήσαντες,
2299 3002 2342 3037 ὡς
2361 3001 2458 3041 ἔοικε,

1383 3064 1385 3068 ,
1411 3046 1549 3085 Σκυθινῷ
1570 3045 1652 3086 (leg.
1666 3043 1825 3084 Σκυθίνῳ)
1847 3043 1967 3080 λέγοντι
1990 3044 2058 3085 περὶ
2071 3047 2125 3081 τῆς
2141 3044 2244 3084 λύρης·
2263 3045 2301 3083 ἢν
2324 3048 2455 3088 ἁρμόζε-

1409 3103 1459 3124 ται
1483 3092 1577 3130 Ζηνὸς
1597 3091 1713 3130 εὐειδὴς
1735 3090 1889 3124 Ἀπόλλων
1904 3115 1912 3130 ,
1924 3093 2031 3122 πᾶσαν
2048 3090 2145 3131 ἀρχὴν
2170 3090 2222 3121 καὶ
2242 3092 2326 3128 τέλος
2346 3094 2458 3125 συλλα-

1409 3140 1494 3181 6ών,
1515 3140 1578 3180 ἔχει
1609 3139 1644 3170 δὲ
1660 3138 1800 3179 λαμπρὸν
1828 3138 1981 3178 πλῆκτρον
2001 3137 2090 3175 ἡλίου
2113 3136 2204 3176 φάος.
2242 3138 2334 3171 Conf.
2363 3141 2454 3173 poet.

1411 3188 1482 3227 Lyr.
1519 3187 1569 3219 ed.
1604 3186 1715 3227 Bergk.
1747 3195 1782 3227 p.
1813 3189 1944 3218 620.——
1972 3186 2058 3226 (140)
2087 3184 2234 3216 Clemens
2269 3186 2456 3219 Alexandri-

1381 3249 1383 3256 *
1408 3243 1469 3265 nus
1490 3235 1527 3266 ad
1541 3236 1635 3266 Gent.
1652 3243 1684 3275 p.
1705 3237 1745 3266 42
1766 3243 1776 3265 ε
1791 3234 1983 3274 Παρμενίδης
1999 3233 2031 3264 δὲ
2044 3230 2209 3268 όἙλεάτης
2223 3232 2307 3269 θεοὺς
2324 3234 2453 3273 εἰσηγή-

1408 3292 1486 3313 σατο
1513 3286 1573 3323 πῦρ
1604 3283 1656 3314 καὶ
1682 3285 1761 3321 γῆν,
1785 3282 1909 3322 θάτερον
1936 3281 1969 3312 δὲ
1997 3281 2099 3312 αὐτῶν
2129 3278 2222 3319 μόνον
2241 3280 2277 3312 τὸ
2301 3283 2362 3321 πῦρ
2387 3282 2454 3313 θεὸν

1406 3329 1609 3370 ὑπειλήφασιν
1637 3327 1792 3364 ’Ἰππασός
1820 3339 1853 3359 τε
1875 3329 1893 3359 6
1922 3328 2154 3362 Μεταποντῖνος
2181 3327 2232 3358 καὶ
2266 3328 2284 3358 6
2313 3327 2453 3366 Ἐφέσιος

1406 3375 1657 3416 Ἡράκλειτος,εῑ
1673 3376 1768 3416 paulo
1785 3377 1858 3416 post
1870 3374 1979 3407 ιτοῦτό
1992 3385 2039 3406 τοι
2051 3374 2103 3405 καὶ
2118 3375 2147 3405 οἱ
2162 3373 2237 3413 ἀμφ’
2252 3373 2451 3414 Ἡράκλειτον

1406 3422 1442 3453 τὸ
1457 3425 1516 3463 πῦρ
1534 3425 1575 3462 ὡς
1596 3424 1764 3465 ἀρχέγονον
1781 3422 1921 3459 σέὸοντες
1948 3421 2149 3453 πεπόνθασιν.
2175 3438 2218 3444 ——
2238 3420 2325 3461 (141)
2345 3422 2448 3453 Hera·

1407 3468 1471 3500 elit.
1487 3470 1598 3509 fragm.
1612 3473 1650 3502 38
1672 3470 1773 3510 (Phil.
1787 3471 1910 3509 Fragm.
1924 3468 1989 3501 vol.
2012 3469 2025 3500 1
2048 3477 2079 3509 p.
2096 3467 2368 3508 319)παλίντονος
2386 3469 2446 3509 γὰρ
