2606 3828
343 260 418 295 282
1073 252 1378 292 CYNICORUM
1406 252 1742 293 FRAGMENTA.

399 344 608 395 (Arrianus
630 344 754 395 Epict.
779 343 937 381 Dissert.
955 342 988 388 1,
1013 342 1094 391 17.)
1557 341 1682 394 λέγων,
1700 339 1818 393 βλέπω
1834 338 1896 390 μὲν
1911 339 2089 392 ἄνθρωπον
2099 339 2158 378 καὶ
2167 339 2274 380 ἵππον
2282 339 2317 379 δὲ
2327 339 2467 392 ὁμοίως,

392 417 440 443 ⁴0.
462 403 661 455 Γράμματα
692 406 771 453 γοῦν
792 400 839 450 μὴ
870 398 1054 449 μανθάνειν
1075 398 1227 450 ἔφασκεν
1255 401 1273 437 ὁ
1298 398 1372 438 Ἀν-
1557 400 1733 447 ἱππότητα
1753 401 1789 438 οὗ
1816 398 1935 450 βλέποι
1952 397 2001 446 δέ,
2022 399 2092 437 οὐδ’
2114 399 2365 453 ἀνθρωπότητά
2382 414 2434 451 γε.

339 462 496 509 τισθένης
517 462 594 506 τοὺς
612 461 787 512 σώφρονας
814 457 1036 510 γενομένους,
1065 455 1123 494 ἵνα
1144 455 1194 508 μὴ
1216 456 1402 510 διαστρέ-
1490 460 1670 507 ('lzetzes
1712 457 2000 507 Chiliad.V11,
2035 459 2126 497 606.
2161 459 2389 511 Simplicius
2421 460 2471 498 ad

340 535 455 573 φοιντο
472 525 540 563 τοῖς
561 518 762 570 ἀλλοτρίοις.
1398 497 1403 586 Ι
1436 518 1597 559 Aristot.
1620 520 1749 567 Categ.
1771 518 1811 554 in
1838 516 1982 555 Scholl.
2002 517 2121 557 Arist.
2139 530 2177 569 p.
2193 518 2244 561 66
2268 517 2331 558 ed.
2359 518 2474 558 Bran-

393 580 602 632 (Diogenes
629 578 800 614 Laertius
819 575 884 613 lii».
905 575 968 621 VI,
992 574 1107 624 103.)
1157 599 1160 603 ·
1193 605 1197 608 .
1399 587 1402 635 Ι
1434 578 1511 617 «lis.
1537 590 1547 616 t
1578 580 1644 616 τῶν
1666 575 1701 615 δὲ
1715 576 1875 615 παλαιῶν
1896 576 1927 613 οἱ
1949 575 2054 627 μὲν’
2034 575 2182 629 ανήρουν
2208 576 2271 622 τὰς
2289 576 2474 626 ποιότητας

1399 642 1402 686 Ι
1434 636 1578 685 τελέως,
1597 637 1637 675 τὸ
1665 636 1761 675 ποιὸν
1781 650 2040 688 συγχωρουντες
2071 631 2172 685 ειναι,
2206 637 2327 710 ὥσπερ
2361 637 2472 678 ’-Αντι

1435 694 1568 746 σθένης,
1586 694 1620 739 ὅς
1630 711 1713 733 ποτε
1739 694 1908 734 Πλάτωνι
1928 694 2194 768 διαμφισὸηἷῶν
2227 687 2284 733 «ω
2308 693 2473 744 Πλάτων,

393 766 439 791 ⁴1.
461 753 529 790 Και
550 751 722 790 Πλάτωνα
751 749 786 787 δὲ
807 749 1049 799 μετονομάσας
1070 747 1257 788 Σάθωνα
1238 751 1374 801 ασυρῶς
1435 753 1512 804 ἔφη,
1531 753 1639 793 ἵππον
1662 754 1705 805 μὲ
1691 770 1725 792 ν
1746 755 1839 827 apg),
1860 753 2038 801 ἱππότητα
2064 754 2099 793 δὲ
2117 755 2183 807 οὐχ
2200 755 2281 807 ὁρῶ.
2303 771 2320 788 n
2342 754 2415 795 Καὶ
2437 753 2474 799 ὃς

340 811 398 850 καὶ
419 812 585 883 φορτικός
611 809 666 846 τὸν
686 808 816 855 ταύτην
847 807 973 860 ἔχοντα
994 807 1056 855 τὴν
1080 806 1280 860 ἐπιγραφὴν
1299 807 1373 845 διά·
1383 784 1402 920 Ι
1434 806 1530 851 εἶπεν
1549 831 1563 848 α
1586 812 1702 865 ἔχεις
1697 812 1758 850 μὲν
1781 814 1809 863 ᾡ
1828 810 1935 857 ἵππος
1954 815 2078 867 ὁρᾶται
2099 813 2177 852 τόδε
2195 814 2235 853 τὸ
2255 813 2378 864 ὄμμα,
2390 806 2474 867 {vat

338 872 436 920 λογον
458 868 489 911 ἐξ
494 868 597 906 έοωκε
613 866 688 904 κατ’
705 867 823 905 αὐτοῦ.
1383 859 1583 920 Ἰῖππότης
1615 851 1798 923 θεωρεῖταιΙ
1839 869 1974 910 οὐδέπω
2015 871 2250 921 κέκτησαι.»
2285 871 2475 912 Similiter

393 927 614 980 (Athenaeus
634 925 702 964 lib.
732 925 777 971 V,
808 939 846 976 p.
875 938 951 963 220
978 925 1250 963 l).Similite1
1269 924 1372 962 idem
1398 921 1401 996 Ι
1434 931 1562 969 David
1579 929 1677 970 ibid
1698 944 1735 982 p,
1757 931 1833 968 68·
1861 930 2003 981 πέμπτη
2031 931 2126 970 αἰτία
2145 931 2199 971 ὅτι
2218 931 2288 971 ἔδει
2314 931 2375 970 χάὶ
2393 932 2475 985 περὶ

336 985 405 1023 lll‘·
419 984 543 1035 X¹⁷I)·
564 984 710 1031 )07Ᾱ·
734 983 824 1021 ἀλλὰ
845 982 914 1033 μὴν
930 983 1000 1021 053'
1015 982 1239 1029 Ἀντισθένη
1225 998 1370 1024 Επαῑνω·
1398 997 1401 1018 ¹
1434 993 1493 1037 τ’ῆς
1536 989 1716 1038 ποιότητος
1753 989 1930 1041 συντόμως
1964 990 2143 1030 διαλαὸεἶν
2181 991 2225 1030 δι’
2257 990 2474 1039 Ἀντισθένην

338 1043 408 1082 Καὶ
439 1043 504 1094 γὰρ
523 1036 619 1084 οὗτος
642 1041 786 1085 πολλους
806 1041 913 1080 εἰπὼν
933 1043 1071 1094 κακῶς,
1090 1041 1160 1080 οὐδ’
1178 1041 1283 1080 αὐτοῦ
1311 1045 1373 1079 τοῦ
1434 1049 1493 1086 καὶ
1519 1047 1597 1093 τους
1622 1049 1700 1101 περὶ
1722 1049 1850 1099 αὐτόν,
1873 1049 2080 1102 λέγονταςκ
2064 1051 2282 1102 «ἄνθρωπον
2301 1052 2386 1104 δρῶ,
2414 1053 2473 1090 ἄν·

339 1100 524 1142 Πλάτωνος
554 1099 750 1152 ἀπέσχετο,
781 1100 872 1139 ἀλλὰ
892 1099 1046 1144 καλέσας
1077 1099 1178 1138 αὐτὸν
1203 1101 1374 1152 φορτικῶς
1415 1108 1645 1159 θρωπότητα
1666 1107 1702 1146 δὲ
1723 1109 1789 1161 οὐχ
1807 1110 1892 1160 ὁρῶ,
1914 1127 1929 1143 „
1955 1111 2003 1154 ὡς
2023 1110 2246 1163 ἀναιροῦντας
2272 1107 2336 1157 τὴν
2353 1109 2476 1154 ἁπλῶς

336 1157 484 1195 Σάθωνα
504 1157 563 1195 τὸν
591 1158 721 1205 ταύτην
741 1158 866 1210 ἔχοντα
897 1158 959 1205 τὴν
982 1158 1180 1211 ἐπιγραφὴν
1212 1157 1373 1210 διάλογον
1434 1166 1618 1215 ποιότητα
1655 1167 1767 1208 Conf
1801 1167 1846 1207 C
1881 1167 1942 1206 Fr
1978 1168 2189 1208 Hermann
2221 1168 2372 1219 system
2403 1167 2476 1206 der

336 1213 492 1260 ἐξέδωκε
504 1216 517 1267 )
1433 1226 1576 1265 Platon
1597 1226 1693 1278 phil
1714 1227 1747 1278 1,
1767 1240 1806 1278 p.
1827 1227 1902 1265 338
1917 1229 2061 1269 et268.
2075 1229 2089 1279 )

385 1269 570 1318 ⁴²·013't0<
587 1275 628 1326 [ὅ
644 1274 911 1328 Πρυταγῡρας]
931 1292 989 1314 τον
1011 1274 1242 1318 Ἀντισθένους
1256 1274 1372 1327 λογον,
1485 1298 1533 1324 45
1555 1284 1628 1324 Καί
1647 1301 1731 1324 ποτε
1750 1285 1857 1324 πάλιν
1877 1288 1927 1324 τῶ
1947 1287 2042 1325 αὖτω
2057 1287 2255 1340 συνηγορῶν
2274 1284 2476 1339 διδασκάλῳ

332 1348 388 1371 τον
385 1348 561 1404 Νπέῑρωμῗ
550 1348 620 1371 ,νῦν
638 1333 873 1371 ἀπΟΟΕΙ-κνύεῑν
887 1349 961 1383 ’(ῠς
974 1336 1036 1373 Οὔκ
1049 1333 1145 1372 ἔστιν
1166 1332 1372 1385 ἀντιλεγεῑν,

333 1394 467 1444 πρῶτος
487 1392 686 1442 διείλεκται,
709 1392 799 1431 καθά
820 1408 904 1445 φησι
934 1393 1121 1432 Πλάτων’
1106 1408 1140 1431 εν
1159 1393 1374 1445 Εὐθυδήμῳ.

387 1452 603 1502 (Diogenes
625 1453 800 1490 Laertius
831 1451 903 1492 lib.
927 1451 996 1504 IX,
1026 1452 1092 1513 53.
1123 1451 1236 1490 Conf.
1263 1451 1365 1492 Piat.

332 1510 495 1561 E.uthyd
514 1524 554 1561 p.
576 1512 664 1550 286.
685 1511 727 1550 C.
745 1513 756 1563 )

383 1582 429 1607 43.
463 1568 612 1620 Λέγεται
633 1570 662 1607 δ’
687 1569 739 1608 ότι
759 1569 818 1608 καὶ
846 1569 1063 1618 Ἀντισθένης
1084 1569 1221 1621 μέλλων
1244 1534 1367 1622 ἀναγι-

332 1626 475 1666 νώσκειν
512 1643 545 1665 τι
578 1631 647 1666 τῶν
681 1629 933 1700 γεγραμμένων
967 1630 1085 1678 αὐτῶ,
1127 1628 1369 1680 παρεκάλεσεν

333 1686 435 1724 αὐτὸν
455 1687 668 1748 παρατυχεῖν
700 1687 759 1724 καὶ
784 1686 968 1739 πυθομένῳ
995 1687 1031 1725 τί
1057 1687 1177 1738 μέλλει
1198 1686 1367 1738 ἀναγινώ-

331 1759 438 1792 σκειν,
461 1739 570 1798 εἶπεν,
591 1748 644 1785 ὅτι
663 1745 742 1797 περὶ
768 1762 828 1784 του
853 1745 902 1798 μὴ
924 1740 1013 1785 εἶναι
1036 1745 1241 1796 αντιλέγειν.
1297 1746 1369 1784 Τοῦ

331 1804 362 1841 δ’
383 1803 556 1852 εἰπόντος,
577 1807 661 1849 Πῶς
681 1809 737 1844 οὖν
762 1821 804 1844 συ
825 1806 906 1858 περὶ
929 1806 1036 1844 αὖτου
1056 1804 1178 1844 τούτου
1198 1804 1365 1858 γράφεις·
1356 1836 1367 1854 ,

328 1863 388 1901 καὶ
407 1863 626 1908 διδάσκοντος
652 1864 705 1903 ὅτι
734 1880 874 1918 περιτρε
859 1880 1003 1912 ..πεται,
1033 1864 1165 1917 ἔγραψε
1199 1864 1367 1914 διάλογον

329 1921 421 1961 κατὰ
437 1924 649 1972 Πλάτωνος,
668 1924 817 1963 Σάθωνα
838 1924 1048 1977 ἐπιγράψας.
1116 1922 1178 1968 Ἐξ
1201 1926 1239 1961 ου
1260 1921 1369 1960 διετέ-

330 1983 409 2021 λουν
431 1982 658 2035 ἀλλοτρίως”
640 2000 655 2021 ε
658 1999 777 2036 χιον-τες
797 1983 883 2036 πρὸς
901 1984 1084 2031 ἀλλήλους.

383 2041 792 2093 (Diogeneslaeitius
813 2043 883 2083 lib.
898 2043 969 2091 111,
990 2043 1053 2083 35.
1078 2042 1136 2080 Cf
1152 2042 1224 2081 lib.
1239 2042 1306 2090 VI,
1333 2057 1366 2090 7.

330 2099 517 2137 Caeterum
563 2100 879 2139 membranarum
919 2101 1126 2139 lectionem
1175 2098 1370 2150 πυθόμενος

332 2157 526 2207 flagitante
547 2172 663 2197 sensu
679 2159 721 2196 in
744 2158 929 2212 πυθομένῳ
947 2159 1138 2211 mutavi.)

332 2269 334 2272 ι
383 2229 429 2254 44.
450 2218 531 2255 Τῶν
553 2218 652 2255 ἰδεῶν
676 2217 712 2255 δὲ
729 2218 869 2291 λέγουσι
887 2224 977 2271 τρεῖς
997 2219 1094 2263 δόξας
1110 2217 1316 2271 πεφυκέναι.

452 2275 606 2320 Ψιλὰς’
591 2275 721 2320 εννοιας
739 2277 808 2329 γάρ
827 2292 912 2330 φησι
932 2276 1061 2322 ταύτας
1081 2279 1099 2315 ὁ
1119 2276 1352 2324 Ἀντισθένης,

642 663 698 715 ιγ’.
726 663 789 702 Ἐκ
810 665 868 700 τοῦ
892 661 1064 706 Σάθωνος.

1432 1461 1481 1500 ὅν·
1501 1456 1550 1506 οἷς
1570 1463 1742 1501 ἀντειπεῖν
1759 1451 1826 1514 δμὴ
1863 1464 2047 1512 δυνηθεὶς’
2060 1464 2306 1512 Αντισθένηςὸ
2337 1461 2475 1505 κυνικὸς

1434 1521 1586 1566 ἀναστὰς
1624 1521 1778 1572 ἐὸάδισε,
1813 1523 1959 1574 νομίσας
1985 1524 2212 1577 ἰσχυροτέραν
2239 1516 2329 1561 εἶναι
2356 1522 2475 1569 πάσης

1432 1585 1494 1629 τ’ἧς
1514 1580 1572 1620 διὰ
1599 1581 1711 1634 λόγων
1733 1583 1931 1636 ἀντιλογίας
1948 1582 2010 1631 τὴν
2032 1583 2089 1622 διὰ
2107 1586 2176 1623 τῶν
2199 1583 2309 1636 ἔργων
2328 1581 2476 1622 ἀπόδει-

1434 1639 1646 1750 ξῑν(8ι3ιιοι.
1665 1700 1705 1736 in
1725 1698 1885 1738 Aristot.
1907 1698 2037 1748 Categ.
2057 1711 2095 1750 p.
2116 1711 2164 1735 22
2186 1697 2246 1736 ed
2273 1687 2473 1750 Bia-andis)

1728 1810 1793 1851 ιδ’.
1812 1812 1914 1852 Ἐκ
1898 1814 1959 1860 τ’ἧς
1979 1813 2173 1861 Ἀληθείας.

1488 1933 1536 1959 46.
1558 1913 1669 1964 Οὗτος
1689 1920 1770 1958 κατ’
1793 1919 1905 1972 ἀρχὰς
1926 1919 1991 1969 μὲν
2020 1919 2148 1961 ἤκουσε
2166 1918 2314 1973 Γοργίου
2335 1921 2395 1958 τοῦ
2413 1917 2476 1973 ῥή·

1434 1994 1545 2032 τορος·
1562 1979 1638 2017 ὅθεν
1654 1979 1694 2018 τὸ
1715 1978 1895 2032 ῥητορικὸν
1913 1973 2003 2021 εἶδος
2021 1981 2056 2017 ἐν
2073 1985 2143 2022 τοῖς
2164 1978 2337 2030 διαλόγοις
2353 1977 2478 2031 ἐπιφέ-

1439 2055 1490 2092 ρει
1519 2038 1578 2077 καὶ
1598 2038 1794 2089 μάλιστα’
1779 2054 1814 2076 εν
1830 2041 1874 2091 τῇ
1891 2038 2054 2092 Ἀληθεία
2085 2037 2146 2077 καὶ
2167 2043 2238 2081 τοῖς
2255 2038 2476 2091 Προτρεπτι-

1434 2103 1515 2142 κοῖς.

1492 2156 1709 2209 (Diogenes
1734 2156 1910 2194 Laertius
1936 2155 2005 2198 lib.
2027 2154 2096 2206 Vl,
2122 2155 2183 2205 1.)

1436 2274 1498 2314 Διὸ
1526 2274 1745 2322 Ἀντισθένης
1765 2272 1859 2327 ᾤετο
1885 2273 2014 2321 εὐήθως
2041 2273 2148 2324 μηδὲν
2183 2272 2285 2318 ἀξιῶν
2311 2271 2474 2325 λέγεσθαι

371 2437 423 2468 40.
446 2437 526 2468 Nam
544 2437 601 2478 qui
624 2437 760 2478 frugales
779 2438 846 2471 nati
870 2440 998 2479 essent,
1021 2437 1059 2470 iis
1075 2437 1194 2470 litteras
1216 2446 1282 2470 non
1303 2445 1373 2470 esse

332 2493 497 2527 discendas
515 2496 621 2535 ajebat
638 2497 858 2538 Antisthenes,
877 2507 918 2530 ne
934 2499 1197 2538 perverterentur
1215 2496 1338 2529 alienis.

1548 2437 1615 2470 Has
1630 2436 1716 2470 enim
1734 2436 1892 2478 simplices
1905 2436 2050 2470 notiones
2064 2435 2268 2470 Antisthenes
2281 2439 2390 2478 vocat,

1549 2497 1659 2529 dicens
1678 2496 1843 2528 hominem
1862 2495 1993 2537 quidem
2014 2495 2109 2529 video
2136 2496 2318 2538 pariterque
2337 2505 2472 2539 equum,

1551 2554 1608 2587 sed
1624 2563 1728 2595 neque
1743 2554 1816 2596 equi
1832 2562 1936 2595 neque
1951 2554 2090 2587 hominis
2103 2554 2266 2587 notionem
2285 2553 2391 2588 video.

1524 2615 1602 2649 ‚Et
1629 2622 1742 2647 rursus
1773 2613 1945 2655 aliquando
1977 2615 2064 2646 zeno
2104 2612 2243 2646 eundem
2283 2613 2472 2654 magistrum

1432 2616 1701 2716 (Parmenidem)
1731 2672 1905 2706 defendens
1930 2671 1986 2713 qui
2009 2680 2065 2704 ens
2085 2671 2257 2704 immotum
2280 2671 2473 2714 appellabat,

703 2585 752 2616 13.
772 2586 819 2616 Ex
841 2585 992 2617 sathone.

375 2671 425 2701 [ιι.
448 2668 533 2707 Quin
553 2669 648 2701 etiam
667 2670 832 2703 Platonem
851 2680 952 2712 quum
971 2650 1095 2704 mutato
1110 2671 1241 2704 nomine
1259 2671 1372 2704 Satho·

335 2735 407 2759 nem
425 2727 546 2760 temere
561 2729 592 2760 et
604 2728 714 2761 odiose
730 2730 931 2771 appellasset,
948 2730 1107 2771 dialogum
1124 2731 1168 2763 ita
1183 2730 1371 2772 inscriptum

335 2786 444 2817 contra
465 2785 568 2825 ipsum
580 2785 691 2819 edidit.

344 2844 426 2875 42.
443 2842 503 2874 liic
514 2842 737 2885 [Protagoras]
755 2844 957 2877 Antisthenis
976 2846 1145 2888 rationem,
1160 2855 1224 2887 qua
1242 2847 1373 2879 demon-

335 2903 435 2933 strare
447 2900 572 2941 nititur,
593 2901 767 2935 contradici
778 2911 843 2935 non
859 2912 965 2945 posse,
987 2906 1024 2936 ut
1035 2904 1080 2937 ait
1097 2905 1186 2938 Plato
1204 2906 1237 2938 in
1250 2905 1371 2946 Euthy-

337 2958 451 2998 demo‚
469 2959 590 2999 primus
609 2961 778 3001 exposuit.

379 3019 431 3049 43.
453 3018 568 3049 Fertur
595 3019 627 3050 et
652 3019 855 3052 Antisthenes
888 3030 988 3061 quum
1013 3030 1124 3054 eorum
1152 3032 1226 3064 quae
1260 3023 1373 3056 litteris

1435 2734 1578 2774 quinque
1601 2732 1799 2773 argumentis
1828 2732 1998 2764 immotum
2021 2740 2089 2764 esse
2105 2739 2163 2764 ens
2183 2731 2338 2771 docebat;
2354 2730 2475 2772 quibus

1433 2798 1535 2830 quum
1565 2788 1774 2822 Antisthenes
1790 2787 1923 2829 cynicus
1941 2788 2158 2821 contradicere
2173 2796 2239 2820 non
2259 2788 2380 2828 posset,
2399 2795 2474 2820 sur-

1432 2847 1515 2879 rexit
1531 2848 1627 2888 atque
1645 2846 1844 2887 ambulavit,
1862 2847 1952 2879 ratus
1967 2846 2180 2888 potentiorem
2199 2854 2271 2879 esse
2288 2845 2376 2878 omni
2397 2853 2474 2879 onn-

1432 2906 1625 2939 tradictione
1654 2905 1761 2939 verbis
1779 2914 1928 2947 expressa
1957 2905 2178 2947 probationem
2208 2904 2243 2937 in
2277 2904 2362 2938 facto
2385 2903 2474 2946 pod-

1432 2967 1509 2997 tam.

336 3075 578 3115 consignaverat
590 3076 753 3117 quidpiam
771 3078 906 3111 recitare
924 3078 1032 3118 vellet,
1047 3089 1154 3113 orasse
1172 3082 1264 3114 illum
1284 3082 1373 3124 [Pla·
1768 3079 1846 3110 ·ΕΧ
1870 3077 1951 3111 111)Γο
1968 3077 2009 3111 ὅθ
2021 3078 2194 3114 ‘'emate-

335 3132 462 3175 tonem]
480 3134 517 3166 ut
536 3134 712 3167 recitationi
730 3135 899 3169 interesset
916 3138 1114 3179 rogantique,
1133 3139 1210 3180 quid
1231 3139 1372 3174 lecturus

337 3194 433 3232 esset,
445 3180 577 3234 dixisse,
593 3194 642 3225 De
658 3202 722 3226 non
734 3193 808 3226 data
829 3195 1065 3228 contradicendi
1083 3196 1245 3231 iacultate.
1264 3201 1372 3237 Quum

335 3249 507 3282 autemille
526 3251 734 3292 subjecisset,
761 3252 931 3294 quomodo
954 3255 1061 3294 iyitur
1085 3257 1125 3288 tu
1149 3256 1191 3288 de
1213 3256 1275 3289 hoc
1300 3258 1373 3298 ipso

336 3310 608 3342 commentaris?
646 3319 784 3352 eumque
817 3311 881 3343 falli
922 3311 1071 3353 doceret,
1105 3314 1234 3354 scripsit
1263 3317 1374 3349 contra
1431 3315 1513 3347 libro
1526 3314 1566 3348 de
1587 3315 1732 3348 veritate
1746 3318 1842 3356 atque
1857 3315 1890 3348 in
1905 3314 2193 3348 Admonitionibus.

338 3365 500 3400 Platonem
515 3367 675 3409 dialogum
687 3393 697 3411 ‚
717 3378 814 3411 quem
831 3369 1004 3403 Sathonem
1031 3371 1205 3413 inscripsit.
1270 3375 1316 3406 Ex
1333 3383 1372 3408 eo
1516 3374 1595 3407 ,At
1610 3382 1689 3406 vero
1707 3374 1783 3406 falsa
1805 3373 1894 3406 notio
1921 3373 2052 3405 omnino
2070 3372 2188 3405 nuliius
2206 3372 2255 3404 est
2273 3370 2330 3403 rei.
2384 3370 2471 3405 mnu

337 3423 480 3464 tempore
501 3425 611 3458 alienis
622 3426 656 3458 in
670 3435 706 3459 se
720 3426 858 3460 invicem
876 3427 991 3461 animis
1004 3429 1143 3462 fuerunt.
1433 3440 1533 3472 prava
1548 3433 1744 3466 Antisthenis
1756 3432 1864 3474 opinio
1883 3432 1962 3464 nihil
1979 3432 2150 3465 statuentis
2167 3430 2229 3463 dici
2251 3431 2467 3472 praeterquam

380 3482 433 3514 ⁴4.
451 3481 600 3515 Idearum
617 3483 772 3526 triplicem
785 3484 978 3519 intellectum
995 3495 1065 3521 esse
1088 3487 1191 3528 aiunt.
1432 3491 1559 3532 propria
1579 3492 1702 3525 ratione
1720 3500 1820 3524 unum
1836 3491 1877 3526 de
1898 3500 1962 3524 una
1978 3500 2030 3532 re,
2043 3500 2083 3524 ex
2102 3499 2167 3531 quo
2183 3489 2379 3523 efficiebatur
2392 3498 2472 3522 cori«

1473 3197 1525 3227 46.
1546 3195 1608 3228 Hic
1627 3195 1718 3228 initio
1735 3194 1863 3236 quidem
1882 3195 2032 3235 Gorgiam
2049 3194 2210 3228 rhetorem
2220 3193 2371 3226 audivit:
2385 3193 2473 3227 unde

1439 1343 1450 1397 (
1461 1343 1730 1396 Παρμενίδῃ)’
1711 1344 1873 1393 ακίνητον
1902 1326 2037 1398 λεγοντι
2064 1346 2104 1384 τὸ
2123 1345 2173 1396 ὄν,
2192 1346 2254 1387 διὰ
2277 1345 2381 1386 πέντε
2400 1346 2476 1384 ἔπι·
2477 1338 2488 1347 ”

1435 1402 1669 1455 χειρημάτων
1698 1404 1955 1450 κατασκευάζει
1977 1405 2146 1458 (Ζήνων)
2165 1404 2218 1444 ὅτι
2246 1403 2408 1453 ἀκίνητον
2433 1402 2476 1442 τὸ
2516 1454 2518 1457 ¹

1490 2229 1538 2256 47.
1561 2215 1603 2255 ‘O
1627 2215 1662 2254 δὲ
1679 2215 1806 2269 ψευδὴς
1831 2213 1932 2267 λόγος
1957 2213 2092 2258 οὐδενός
2111 2216 2203 2253 ἔστιν
2222 2213 2343 2258 ἅπλῶς
2359 2213 2472 2266 λόγος.
2513 2237 2518 2240 -

1432 3256 1485 3287 et'
1476 3265 1509 3287 m
1525 3256 1660 3298 dialogis
1676 3256 1816 3289 oratorio
1831 3255 1958 3289 dicendi
1974 3265 2088 3297 genere
2108 3255 2220 3295 utitur,
2241 3253 2416 3295 presertim
2435 3253 2470 3286 in
2507 3281 2516 3286 .
