2638 3840
334 254 432 281 var
990 218 993 221 ’
1198 239 1266 277 ΒΕ
1294 238 1628 278 PnorAeoaA.

380 332 412 368 A
448 329 591 381 quibus
623 330 839 381 disciplinae
867 329 989 367 mitiis
1020 327 1215 379 profectus
1247 340 1374 378 quove

331 398 487 428 auc-tore
515 390 555 427 in
584 388 831 440 philosophia
862 395 1035 425 versatus
1053 386 1103 423 sit
1122 385 1373 435 Protagoras,

330 449 613 499 incompertum
635 447 838 486 habemus.
861 445 975 491 Quod
1003 445 1107 482 enim
1138 443 1376 495 fabulantur,

331 519 523 545 summum
556 515 593 544 et
623 506 865 555 intelligendi
895 513 933 542 et
959 503 1117 541 dicendi
1149 503 1375 552 magistrum

330 564 504 615 bajulum
526 565 637 616 prius
660 565 796 614 fuisse,
817 563 881 601 sed
902 576 924 600 a
943 561 1183 610 Democrito,
1203 562 1271 612 qui
1292 561 1377 612 ejus

333 689 494 722 Goltzium
534 693 637 723 Graec.
672 690 735 722 tab.
765 694 803 721 25
829 698 860 729 p.
891 691 911 720 9
938 687 999 729 [cs.
1033 688 1162 720 Raschii
1196 689 1303 720 Lexlc.
1331 687 1376 720 rei

331 744 422 768 num.
436 737 519 769 tom.
539 739 564 769 l.
582 737 664 777 part.
688 738 703 768 1
721 745 751 776 p.
778 735 836 776 22]
862 743 945 766 unus
966 736 1082 774 exstat,
1099 734 1131 766 in
1150 743 1215 776 quo
1236 734 1379 767 mulieris

333 784 430 823 caput
461 783 603 815 cernitur
630 781 737 813 addita
761 781 963 822 inscriptione
989 783 1184 815 ABAHPAG
1210 782 1377 822 KOPAC,

335 838 432 869 quam
449 829 608 861 Abderam
631 829 787 869 virginem
805 829 970 861 Diomedis
990 837 1134 861 sororem
1158 837 1229 861 esse
1245 828 1303 860 viri
1321 828 1380 860 do·

337 876 381 908 cti
412 876 628 915 conjecerunt.
658 874 870 915 spanhemius
896 877 982 908 certe
1014 876 1115 916 Epist.
1144 876 1184 907 ad
1218 876 1370 908 Laurent.

333 925 490 964 Begcrum
511 932 548 955 ea
568 932 601 955 re
628 926 793 964 permotus
811 923 897 964 ipsos
913 923 1084 956 Abderitas
1101 923 1212 965 oppidi
1236 924 1287 955 sui
1310 923 1376 955 ori-

333 972 436 1010 ginem
451 980 486 1002 ac
502 979 619 1001 nomen
637 970 678 1001 ab
695 970 754 1002 hac
775 970 919 1011 Abdera,
938 971 1104 1004 Diomedis
1126 980 1255 1012 sorore,
1284 980 1375 1011 repe.-

333 1017 419 1049 tiisse
431 1017 565 1057 putavit.
581 1018 690 1057 Neque
707 1025 783 1048 vero
797 1017 938 1059 locuples
957 1020 1069 1051 auctor
1082 1017 1228 1051 Goltzius
1239 1018 1379 1057 videtur,

333 1072 430 1104 quem
451 1064 609 1103 plurimos
640 1063 832 1096 confinxisse
863 1073 1016 1097 nummos
1045 1065 1139 1097 hodie
1167 1065 1251 1098 inter
1269 1072 1381 1096 omnes

333 1114 470 1143 constat.
486 1110 610 1142 Etenim
624 1111 649 1142 si
669 1111 747 1143 tides
760 1111 956 1144 Philostrato
970 1113 1071 1153 Imag.
1091 1113 1137 1151 Il,
1153 1116 1207 1152 25,
1221 1121 1254 1153 p.
1267 1114 1307 1144 94
1327 1111 1379 1143 ed.

332 1158 476 1198 Jacobs.,
494 1157 652 1190 Abderitae
667 1158 784 1190 Abderi
799 1159 988 1191 memoriam
1000 1159 1228 1192 certaminibus
1245 1159 1379 1191 institu-

332 1205 374 1237 tis
396 1205 568 1245 quotannis
592 1204 807 1238 celebrabant.
830 1206 871 1237 At
887 1205 913 1237 si
930 1214 950 1237 a
966 1206 1111 1238 fabulosa
1124 1206 1184 1238 hac
1204 1206 1292 1238 urbis
1313 1207 1377 1238 ori-

332 1252 404 1292 gine
420 1252 619 1292 discesseris,
637 1252 685 1283 bis
702 1252 879 1293 posteriore
902 1253 1049 1294 tempore
1069 1254 1126 1285 aut
1144 1253 1306 1285 conditam
1324 1257 1379 1285 aut

333 1301 420 1332 certe
443 1299 627 1339 ampliatam
654 1302 685 1331 et
710 1298 844 1331 coloniis
860 1308 898 1331 eo
917 1300 1064 1332 deductis
1083 1302 1212 1332 auctam
1231 1310 1302 1333 esse
1322 1301 1381 1333 Ab·

335 1346 446 1378 deram
462 1348 575 1389 nolum
591 1347 811 1388 testatumque
823 1348 882 1378 est.
909 1348 1034 1388 Quippe
1056 1348 1251 1380 clazomenii
1270 1348 1382 1389 Olym-

333 1393 435 1433 piadis
449 1393 616 1433 trigesimae
631 1393 744 1434 primae
764 1401 848 1424 anno
869 1393 969 1425 altero
994 1394 1090 1426 rebus
1108 1395 1174 1426 suis
1193 1394 1382 1427 florentibus

333 1440 472 1471 Timesio
494 1439 576 1471 duce
589 1440 622 1471 in
634 1439 696 1471 ista
718 1440 789 1471 loca
806 1439 921 1472 misere
941 1440 1112 1471 coloniam.
1127 1440 1211 1472 Vide
1227 1441 1376 1472 Vossium

335 1486 374 1517 ad
393 1488 549 1527 Pompon.
573 1486 648 1518 Mel.
669 1487 714 1526 ΙΙ,
739 1490 756 1518 2
774 1489 806 1518 et
815 1485 948 1519 Salmas.
964 1486 1045 1518 Plin.
1065 1487 1208 1519 Exercit.
1230 1487 1263 1518 in
1279 1487 1378 1519 Solin.

336 1533 492 1573 Polyhist.
510 1541 580 1573 cap.
595 1534 635 1571 X,
652 1541 683 1573 p.
707 1535 764 1564 114
781 1533 832 1564 ed.
856 1533 994 1572 Traiect.
1015 1533 1106 1564 Adde
1126 1532 1242 1565 Euseb.
1257 1533 1379 1564 Canon.

336 1580 454 1611 Chron.
469 1587 540 1620 pag.
559 1582 614 1611 157
629 1579 679 1611 ed.
695 1579 809 1619 scalig.
820 1581 890 1611 Non
904 1579 1119 1612 dubitaverim
1130 1589 1206 1612 cum
1217 1581 1383 1612 Manncrto

337 1629 451 1667 Geogr.
471 1628 577 1658 Graec.
608 1629 640 1658 et
658 1628 754 1658 Rom.
780 1629 860 1659 tom.
880 1628 940 1659 VII
958 1636 988 1667 p.
1021 1631 1081 1659 215
1098 1628 1183 1659 hunc
1205 1627 1382 1659 Timesium

336 1683 446 1705 verum
468 1673 554 1705 urbis
576 1675 738 1712 parentem
758 1673 873 1706 habere
893 1683 988 1714 quem
1006 1674 1192 1706 Herodotus
1215 1675 1259 1706 ait
1274 1674 1379 1706 κτίσαι

335 1722 389 1759 τὴν
406 1720 508 1758 πόλιν,
526 1720 646 1752 dumne
664 1720 796 1760 diceret,
814 1722 989 1762 Scymnum
1012 1722 1067 1762 qui
1083 1722 1192 1763 oppidi
1208 1721 1384 1763 primordia

336 1768 376 1799 ad
397 1767 559 1799 Abderum
586 1767 703 1806 refert,
728 1768 910 1800 confudisse
935 1769 1110 1800 Timesium
1138 1778 1213 1801 cum
1241 1770 1379 1802 Abdero.

336 1814 493 1846 Nimirum
513 1813 545 1845 in
573 1815 760 1846 Graecorum
784 1814 917 1846 historia
938 1815 1016 1847 nihil
1047 1816 1257 1856 frequentius,
1281 1825 1380 1857 quam

337 1860 456 1900 duplex
474 1859 602 1891 urbium
622 1860 711 1900 origo
723 1885 732 1901 ‚
756 1859 901 1892 sabulosa
914 1861 1027 1902 altera,
1041 1862 1141 1893 altera
1161 1861 1255 1894 certis
1275 1871 1382 1894 rerum

337 1909 499 1947 gestarum
521 1907 736 1939 monumentis
759 1907 837 1939 nixa
852 1908 1004 1949 omnique
1022 1909 1163 1941 historiae
1191 1909 1263 1941 luce
1282 1909 1381 1941 collu-

335 1954 451 1991 stiata,
469 1953 548 1985 adeo
565 1954 600 1985 ut
623 1954 677 1994 qui
694 1957 868 1994 utramque
886 1955 1078 1995 conjungere
1101 1955 1197 1995 velit,
1233 1965 1382 1996 saepenu-

336 2008 426 2032 mero
443 1999 475 2031 in
491 2008 634 2031 errorem
657 2000 802 2040 rapiatur
820 2009 949 2033 necesse
966 2001 1020 2032 sit.
1048 2001 1185 2034 Proinde
1208 2002 1382 2035 Timesium

335 2046 427 2078 urbis
440 2049 604 2079 auctorem
620 2048 769 2086 putantes
788 2047 828 2080 de
843 2048 1031 2088 copulandis
1046 2057 1119 2081 cum
1138 2049 1270 2081 historia
1293 2050 1382 2082 labu-

338 2094 378 2126 lis
390 2094 529 2134 cogitare
547 2093 825 2134 supersedeamus.
845 2095 956 2128 Refert
977 2104 1071 2136 porro
1091 2096 1296 2137 Herodotus,
1310 2097 1383 2129 nul-

336 2141 403 2172 lum
423 2141 498 2173 inde
518 2141 659 2173 fructum
673 2142 794 2182 cepisse
808 2142 984 2174 Timesium
997 2167 1007 2182 ‚
1018 2143 1073 2176 sed
1089 2152 1108 2174 a
1126 2139 1303 2175 Thracibus
1317 2153 1385 2176 esse

339 2182 536 2222 expulsum,
566 2191 763 2223 quamquam
793 2183 905 2223 addit,
931 2185 1026 2216 Teios
1056 2184 1186 2216 Abdera
1208 2185 1385 2217 incolentes

337 2228 446 2260 divino
467 2237 542 2260 eum
571 2229 692 2261 honore
723 2231 759 2261 ut
785 2229 916 2261 heroem
942 2231 1102 2271 prosequi.
1125 2231 1192 2263 Teii
1217 2231 1322 2271 enim,
1349 2234 1383 2263 nt

337 2275 432 2315 paulo
449 2277 523 2308 ante
544 2276 728 2308 Herodotus
745 2277 774 2315 Ι,
795 2279 852 2308 168
869 2276 1013 2318 dixerat,
1030 2278 1126 2310 simul
1151 2281 1249 2319 atque
1271 2278 1385 2310 urbem

337 2330 427 2354 suam
451 2331 506 2363 per
527 2331 671 2363 aggerem
691 2322 731 2354 ab
747 2323 895 2364 Harpago
919 2324 995 2364 Cyri
1007 2327 1135 2366 satrapa
1147 2327 1276 2366 captam
1292 2325 1382 2357 vide-

338 2371 424 2409 runt,
438 2378 551 2402 omnes
568 2370 653 2402 vasis
667 2370 807 2403 collectis
821 2372 855 2404 et
867 2373 1049 2405 conscensis
1070 2372 1209 2405 navibus
1225 2373 1256 2404 in
1279 2372 1384 2405 Thra-

337 2416 420 2447 ciam
453 2416 649 2456 trajecerunt
673 2417 782 2458 ibique
813 2417 920 2451 denuo
946 2414 1184 2452 constituerunt
1208 2420 1383 2453 Abderam.

338 2463 388 2495 Cf.
407 2465 570 2503 scymnus
601 2464 702 2496 Chius
721 2473 770 2497 vs.
794 2469 868 2499 669.
895 2466 1049 2499 Teiorum
1075 2468 1202 2502 colobia
1229 2468 1312 2501 tacta
1335 2470 1385 2501 est

338 2509 465 2542 Abdara
483 2514 613 2543 centum
638 2515 671 2543 et
694 2511 867 2545 duodecim
888 2514 980 2546 annis
1005 2515 1079 2555 post
1103 2515 1385 2548 Clazomeniorum

339 2557 513 2589 adventum
525 2582 534 2598 ,
554 2558 615 2590 hoc
633 2562 683 2591 est
703 2560 833 2601 olymp.
850 2563 922 2593 LIX
941 2570 1026 2594 anno
1044 2565 1057 2594 1
1077 2563 1129 2595 vel
1152 2568 1179 2597 2.
1204 2563 1286 2597 Vide
1301 2566 1384 2597 Vos-

339 2604 423 2634 sium
451 2604 492 2635 ad
522 2607 633 2645 Pomp.
661 2606 737 2638 Mel.
766 2606 788 2638 l.
815 2616 845 2639 c.
868 2608 1005 2641 Salmas.
1035 2610 1120 2642 Plin.
1147 2611 1290 2643 Exercit.
1309 2611 1332 2644 l.
1362 2612 1382 2644 l.

339 2649 482 2681 Schultz,
508 2653 587 2690 App.
611 2651 649 2681 ad
667 2654 748 2683 Ann.
776 2662 838 2684 rer.
857 2655 961 2687 Graec.
983 2657 1077 2696 Spcc.
1102 2659 1143 2690 ll.
1164 2658 1259 2690 Hafn.
1286 2662 1380 2692 1837.

287 2713 293 2720 -
341 2698 372 2726 4.
392 2704 422 2734 p.
446 2700 484 2726 32
505 2705 594 2737 seqq.
614 2699 704 2735 Quod
725 2708 801 2730 vero
821 2701 1059 2735 Tiedemannus
1086 2707 1129 2736 De
1145 2707 1268 2738 ratione
1288 2710 1319 2738 et
1335 2716 1387 2739 na-

342 2746 413 2773 tura
433 2743 509 2782 phil.
532 2745 789 2785 contemplativae
804 2749 908 2786 (Geist
925 2750 982 2781 der
999 2754 1218 2791 speculativen
1235 2755 1384 2788 Philoso-

342 2789 437 2829 phie)
456 2791 535 2821 tom.
556 2792 573 2823 I
593 2799 623 2830 p.
645 2795 705 2824 263
726 2794 834 2825 nescio
862 2804 959 2835 quem
977 2801 1143 2832 auctorem
1169 2803 1299 2834 secutus
1325 2803 1382 2843 ait,

342 2835 500 2869 Abderam
520 2837 604 2869 bello
623 2847 696 2870 cum
723 2841 807 2880 Cyro
833 2845 921 2881 gesto
953 2844 1068 2878 incolis
1085 2848 1232 2880 orbatam
1259 2850 1377 2890 fuisse,

341 2884 451 2922 aperte
469 2883 586 2915 salsum
603 2887 662 2916 est.
682 2886 795 2925 Neque
817 2887 904 2919 enim
923 2898 1066 2930 unquam
1083 2893 1186 2934 Cyrus
1202 2896 1235 2926 in
1252 2896 1387 2928 Thracia

343 2933 399 2960 aut
413 2929 481 2969 ipse
498 2931 558 2962 fuit
569 2932 626 2962 aut
642 2933 820 2965 exercitum
838 2935 997 2968 Abderam
1012 2939 1110 2979 misit,
1128 2942 1165 2973 ut
1177 2950 1217 2974 ex
1233 2944 1387 2977 Herodoti

342 2976 444 3007 Musis
475 2978 720 3019 cognoscimus,
754 2980 816 3012 etsi
846 2984 954 3021 postea
980 2985 1119 3023 primum
1148 2997 1167 3020 a
1193 2991 1363 3031 Megabazo
1375 3015 1384 3032 ,

343 3022 458 3054 deinde
485 3032 502 3054 a
522 3025 690 3057 Mardonio
716 3035 781 3058 non
812 3029 914 3060 solum
951 3032 1140 3074 Thraciam,
1173 3036 1229 3067 sed
1255 3047 1385 3071 omnem

343 3071 482 3101 tractum
497 3071 601 3111 'usque
618 3072 659 3104 ad
675 3074 871 3107 Thessaliam
896 3077 929 3108 in
947 3080 1117 3112 Persarum
1139 3083 1221 3122 regis
1242 3086 1385 3123 potesta-

342 3117 407 3147 tem
427 3116 591 3149 redactam
614 3127 684 3151 esse
701 3120 844 3154 historiae
860 3125 950 3162 pater
973 3126 1089 3165 prodit.
1111 3129 1183 3164 Quo
1203 3129 1320 3166 sactiun
1339 3134 1387 3165 est

343 3165 379 3199 ut
401 3163 562 3197 Abderitae
594 3173 667 3197 cum
696 3167 827 3207 reliquis
851 3169 983 3202 istarum
1013 3173 1177 3213 regionum
1211 3175 1322 3209 incolis
1351 3180 1383 3212 in

343 3211 512 3240 Persarum
527 3210 678 3244 ditionem
694 3215 916 3248 concederent.
933 3219 979 3249 Cf.
996 3220 1149 3252 Herodot.
1166 3223 1223 3261 vl,
1235 3225 1250 3254 4
1271 3226 1302 3256 et
1311 3226 1386 3266 vn,

347 3260 416 3287 108.
436 3258 473 3287 ln
491 3257 551 3288 hoc
559 3261 667 3290 autem
681 3261 765 3300 quod
780 3262 886 3294 statim
902 3265 1031 3305 subjicit
1045 3267 1263 3301 Tiedemauno
1276 3281 1384 3304 assen-

343 3303 403 3334 tior
422 3304 624 3345 conjicienti,
638 3307 787 3339 Teiorum
798 3308 983 3343 colonorum
1006 3313 1145 3345 adventu
1158 3317 1243 3356 apud
1256 3317 1387 3351 Abderi-

343 3352 391 3380 tas
403 3350 510 3381 studia
525 3351 680 3384 doctrinm
691 3355 750 3385 coli
763 3356 908 3396 coepisse.
928 3360 1086 3400 Namque,
1099 3363 1133 3392 ut
1149 3362 1210 3394 hoc
1226 3363 1294 3403 eius
1307 3374 1385 3397 con-

342 3397 494 3437 janum,
515 3407 612 3438 quam
644 3401 822 3433 rationibus
850 3404 977 3437 firmare
1006 3407 1126 3446 noluit,
1143 3409 1383 3445 firmamentum

344 3440 474 3483 addam,
498 3445 730 3479 mellitissimus
746 3448 934 3489 Lyricorum
964 3453 1130 3486 Anacreon
1147 3455 1287 3496 aliquam
1306 3459 1382 3492 vitae

1437 327 1479 365 in
1498 326 1616 377 lignis
1634 325 1846 364 artificiose
1866 324 2121 374 colligandis,
2139 338 2218 376 quo
2239 324 2484 365 commodius

1438 386 1588 437 portari
1609 393 1776 436 possent,
1791 384 2000 423 sollertiam
2017 383 2227 423 admiratus
2240 384 2306 432 sit,
2322 383 2483 435 dignum

1438 457 1520 482 esse
1532 443 1764 494 judicatum,
1784 443 1852 493 qui
1874 442 1999 493 ipsius
2019 442 2237 494 discipulus
2249 451 2349 482 esset
2367 456 2377 481 ι
2392 442 2482 494 hoc,

1440 502 1619 554 quamvis
1639 516 1662 539 a
1681 501 1810 539 Gellio
1827 502 1877 554 (5)
1903 509 2070 538 comtum
2099 509 2137 538 et
2160 510 2412 551 exornatum,
2435 501 2484 541 ab

1439 563 1527 613 ipso
1554 560 1745 612 Epicuro,
1768 569 1862 599 teste
1891 560 2065 610 Diogene
2078 559 2128 613 (6)
2155 561 2414 613 perscriptum
2447 569 2487 599 ct

1444 691 1566 730 partem
1584 689 1636 720 hic
1654 687 1819 727 transegit.
1851 686 1988 719 Videtur
2015 689 2137 726 autem,
2155 689 2367 729 posteaquam
2383 687 2485 721 Athe·

1442 735 1509 775 nis,
1530 734 1644 767 deinde
1659 733 1745 775 apud
1761 733 1966 774 Polycratem
1986 733 2131 766 Samium
2143 756 2153 773 ‚
2171 736 2239 765 tum
2261 742 2373 767 rursus
2388 735 2422 767 in
2434 743 2487 776 pa·

1440 782 1501 814 tria
1519 784 1584 814 Teo
1607 782 1713 814 suerat
1725 805 1734 820 ‚
1754 782 1824 813 orta
1854 779 1981 812 Histiaei
2008 779 2163 812 seditione
2181 780 2309 821 Olymp.
2324 783 2362 814 71
2379 781 2487 815 denuo

1443 829 1552 861 relicta
1577 829 1698 870 patria,
1718 827 1803 869 apud
1832 828 1929 860 Teios
1955 827 2168 859 Abderitanos
2197 827 2414 863 consenuisse.
2443 829 2488 862 At

1440 877 1571 908 sortasse
1587 876 1652 916 jam
1674 876 1803 916 olymp.
1825 879 1878 913 59,
1898 879 1916 906 2
1933 882 2009 906 cum
2027 873 2152 907 caeteris
2182 873 2288 912 Telis,
2312 883 2379 915 quo
2402 875 2488 909 tem-

1441 932 1516 964 pore
1532 922 1706 955 admodum
1718 921 1850 962 juvenis
1878 921 1976 954 fuisse
1989 921 2151 962 putandus
2169 923 2231 962 est,
2253 921 2414 956 Abderam
2427 922 2488 957 de-

1441 968 1600 1009 migravit.
1620 970 1666 1000 Eo
1683 968 1769 1000 enim
1790 971 1934 1008 tempore
1958 966 2026 1007 jam
2054 967 2174 999 vixisse
2196 975 2270 1000 eum
2287 967 2404 1002 Strabo
2428 969 2488 1004 lib.

1441 1017 1515 1048 XIV
1533 1025 1603 1057 pag.
1623 1018 1683 1047 044
1700 1014 1751 1047 ed.
1767 1016 1842 1048 cas,
1859 1015 1995 1046 testatur
2022 1014 2071 1046 his
2084 1014 2192 1046 verbis
2219 1025 2227 1046 ι
2241 1016 2297 1048 καὶ
2310 1018 2332 1055 ἡ
2347 1017 2434 1054 Τέως
2454 1017 2488 1050 δὲ

1441 1065 1490 1095 ἐπὶ
1509 1065 1534 1095 Χ
1539 1063 1699 1106 ερῤονήσῳ
1717 1062 1855 1102 ἵδρυται,
1875 1061 1985 1103 λιμένα
2006 1060 2139 1103 ἔχουσα·
2161 1061 2274 1095 ἐνθένδ’
2290 1064 2376 1096 ἐστὶν
2397 1063 2489 1097 Ἀνα-

1441 1111 1539 1152 κρέων
1561 1111 1578 1141 ὁ
1593 1109 1759 1151 μελοποιός
1773 1132 1782 1148 ,
1805 1108 1854 1150 ἐφ’
1874 1107 1911 1140 οὗ
1935 1108 2028 1146 Τήῖοι
2043 1109 2100 1147 τήν
2119 1108 2210 1142 πόλιν
2231 1109 2421 1152 ἐκλιπόντες,
2444 1112 2490 1149 εἰς

1441 1157 1574 1198 Ἂὸδηρα
1600 1156 1793 1196 ἀπῴκησαν,
1822 1153 1960 1195 Θρᾳκίαν
1983 1154 2095 1195 πόλιν,
2129 1155 2166 1186 οὐ
2184 1155 2324 1196 φέροντες
2343 1156 2400 1195 τὴν
2423 1159 2488 1189 τῶν

1441 1207 1572 1246 Περσῶν
1599 1204 1697 1245 sapw-
1730 1202 1781 1244 ἀφ’
1808 1202 1845 1234 οὗ
1872 1202 1926 1233 καὶ
1951 1201 2035 1234 τοῦτ’
2061 1201 2193 1243 εἴρηται·
2219 1202 2372 1245 Ἀὅδηρα,
2407 1205 2489 1244 καλὴ

1441 1254 1547 1290 Τηΐων
1569 1248 1709 1289 ἀποικίη.
1739 1251 1840 1283 Πάλιν
1859 1249 1886 1282 δ’
1916 1248 2086 1287 ἐπανῆλθὸν
2107 1259 2187 1286 τινες
2209 1250 2311 1282 αὐτῶν
2333 1250 2439 1294 χρόνῳ
2455 1252 2489 1285 ὔ-

1443 1310 1562 1340 στερον.
1583 1297 1678 1339 Apud
1693 1297 1826 1329 suidam
1848 1305 1879 1328 v.
1903 1296 1974 1328 Τέω
1989 1295 2060 1328 haec
2075 1296 2181 1328 solum
2208 1297 2381 1338 leguntur:
2401 1297 2490 1332 Ἁνα·

1441 1347 1541 1388 κρέων
1555 1347 1669 1386 Τήῐος,
1695 1345 1818 1386 λυρικὸς
1846 1345 1864 1375 ὁ
1885 1343 2071 1384 μελοποιός,
2099 1343 2152 1376 διὰ
2169 1343 2225 1382 τήν
2246 1345 2396 1378 Ἱστιαίου
2410 1347 2488 1380 ἐπα-

1442 1395 1565 1426 νάστασ
1571 1405 1598 1425 ιν
1613 1393 1756 1425 ἐκπεσὼν
1769 1391 1840 1423 Τέω
1854 1391 1977 1433 ᾤκησεν
1994 1390 2128 1432 Ἀὃδηρα
2137 1390 2169 1423 ἐν
2180 1391 2303 1434 Θράκῃ.
2318 1394 2491 1435 Utcunque

1442 1442 1504 1480 est,
1521 1449 1587 1472 non
1604 1439 1792 1471 dubitamus
1809 1438 1886 1478 quin
1907 1437 2116 1470 Anacreontis
2130 1437 2172 1470 sit
2187 1437 2276 1478 quod
2289 1438 2319 1471 ei
2335 1439 2492 1472 tribuitur

1443 1488 1639 1528 epigramma
1663 1486 1702 1517 ad
1734 1484 1908 1526 Agathonis
1935 1483 2100 1516 Abderitae
2128 1483 2268 1523 gloriose
2298 1493 2358 1526 pro
2387 1486 2492 1527 patria

1444 1534 1563 1566 mortui
1587 1534 1741 1565 virtutem
1759 1530 1983 1564 celebrandam
1999 1530 2214 1571 compositum
2230 1530 2391 1573 [Anthol.
2418 1534 2489 1566 Pal.

1442 1583 1519 1620 Vll,
1539 1584 1610 1613 226.
1628 1583 1715 1612 Poet.
1736 1582 1809 1620 Lyr.
1830 1588 1860 1619 p.
1881 1580 1943 1611 796
1977 1578 2028 1610 ed.
2046 1578 2159 1618 Bergk.
2184 1579 2233 1610 Cf.
2251 1579 2366 1613 suidas
2385 1589 2418 1613 v.
2439 1581 2490 1613 αἰ·

1441 1627 1567 1669 νοὸίαν]
1589 1637 1596 1656 :
1612 1627 1768 1669 Ἀὃδήρων
1787 1626 1981 1667 προθανόντα
2000 1624 2053 1656 τὸν
2072 1625 2212 1663 αἷνοὸίην
2237 1626 2396 1668 Ἀγάθωνα
2414 1628 2493 1662 πᾶσ’

1446 1676 1498 1707 ἐπὶ
1514 1679 1665 1716 πυρκαϊῆς
1685 1674 1735 1712 ἥδ’
1755 1674 1869 1712 ἑὸόησε
1891 1674 1991 1710 πόλις.
2014 1672 2132 1704 Οὔτινα
2149 1673 2210 1715 γὰρ
2231 1674 2351 1707 τοιόνδε
2373 1677 2452 1709 νέων
2474 1678 2494 1710 ὁ

1443 1722 1626 1764 φιλαίματος
1645 1722 1734 1763 Ἄρης
1760 1721 1888 1764 ἠνάρισε
1911 1724 2061 1762 στυγερῆς
2087 1719 2118 1751 ἐν
2141 1720 2342 1762 στροφάλιγγι
2369 1722 2489 1764 μάχης.

1445 1772 1554 1806 Quum
1576 1770 1672 1810 igitur
1690 1769 1758 1801 'seii
1779 1768 1920 1800 universi
1940 1768 2100 1800 Abderam
2113 1767 2294 1800 habitatum
2309 1770 2490 1803 concessis-

1445 1818 1529 1856 sent,
1562 1824 1628 1847 non
1659 1814 1839 1846 mirandum
1865 1815 2054 1847 Hecataeum
2084 1822 2103 1844 a
2138 1814 2299 1846 Strabone
2326 1814 2384 1848 lib.
2413 1818 2491 1850 xlv

1445 1872 1519 1903 pag.
1542 1865 1604 1895 644
1623 1863 1673 1894 ed.
1693 1864 1765 1894 Cas.
1790 1862 1898 1893 vocari
1925 1862 2041 1894 Teium
2058 1859 2113 1901 qui
2135 1860 2213 1892 alias
2230 1861 2352 1895 dicitur
2382 1863 2492 1898 Abde-

1447 1911 1517 1942 rita.
1538 1911 1650 1951 Itaque
1669 1909 1732 1941 noli
1753 1909 1884 1941 credere
1905 1908 2050 1940 Heckero
2069 1908 2102 1940 in
2123 1908 2359 1943 Schneidewini
2374 1912 2493 1947 Philol.

1447 1957 1511 1989 vol.
1528 1959 1555 1988 V
1570 1967 1600 1997 p.
1615 1959 1675 1989 429
1694 1957 1727 1988 in
1751 1956 1859 1988 verbis
1874 1955 2097 1988 Strabonianis
2111 1956 2219 1996 γέγονε
2231 1957 2265 1988 δὲ
2281 1959 2335 1990 καὶ
2353 1970 2492 2004 wypa-

1444 2005 1513 2045 φεὺς
1533 2004 1700 2040 ’.Εκαταῖος
1719 2004 1754 2034 ἐκ
1770 2006 1823 2041 τῆς
1836 2002 1931 2041 αὐτῆς
1947 2002 2067 2039 πόλεως
2087 2011 2208 2035 nomen
2230 2005 2442 2040 ΕΚΑΤΑΙΟΣ
2459 2008 2495 2041 in

1445 2053 1659 2084 ΟΚΥΘΙΝΟΟ
1679 2051 1872 2082 mutandum
1886 2059 1957 2082 esse
1971 2050 2131 2083 censenti.
2146 2050 2236 2083 idem
2249 2053 2367 2086 accidit
2384 2056 2494 2089 Pron.

1445 2109 1548 2139 garae,
1563 2099 1619 2140 qui
1638 2107 1740 2139 quum
1759 2098 1800 2130 ab
1823 2098 1893 2130 aliis
1915 2098 2070 2131 Abderita
2097 2098 2289 2140 appelletur,
2314 2101 2413 2136 Teius
2434 2112 2492 2137 no·

1446 2147 1582 2178 minatur
1602 2146 1642 2178 ab
1670 2145 1837 2186 Eupolide.
1855 2145 1937 2178 Vide
1955 2155 2052 2186 supra
2078 2145 2156 2178 adn.
2185 2149 2216 2178 2.
2242 2148 2363 2181 Verum
2389 2151 2427 2183 ut
2444 2159 2494 2184 re·

1445 2194 1539 2225 deam
1561 2193 1598 2225 ad
1630 2192 1660 2224 id
1679 2192 1766 2234 quod
1791 2201 1887 2233 supra
1914 2192 1997 2232 dixi,
2025 2192 2197 2224 Abderitas
2224 2193 2288 2226 sub
2321 2196 2494 2231 Persarum

1444 2241 1612 2281 imperinm
1627 2239 1846 2280 ditionemque
1859 2238 2038 2273 cecidisse:
2053 2239 2241 2273 Herodotus
2254 2240 2314 2275 lib.
2329 2244 2401 2286 vn,
2418 2247 2491 2289 109,

1449 2292 1461 2321 1
1472 2291 1590 2322 19-120.
1600 2290 1689 2329 Vlll,
1705 2291 1762 2321 120
1769 2289 1918 2328 testatur,
1926 2287 2095 2320 Abderitas
2103 2287 2203 2320 Xerxi
2217 2289 2358 2324 venienti
2367 2300 2494 2327 coenam

1444 2336 1586 2378 praebere
1602 2337 1711 2376 jussos
1727 2344 1810 2375 esse,
1841 2335 1983 2368 eundem
2010 2337 2120 2368 autem
2155 2337 2300 2370 Xerxem
2329 2338 2363 2372 in
2385 2341 2494 2375 Asiam

1446 2385 1660 2416 revertentem
1679 2382 1841 2416 Abderam
1869 2383 1994 2415 venisse
2022 2384 2054 2415 et
2075 2383 2204 2424 hospitii
2223 2385 2330 2418 roedus
2349 2396 2425 2421 cum
2441 2389 2494 2422 in-

1445 2430 1525 2463 colis
1552 2431 1708 2472 pepigisse
1742 2434 1840 2471 atque
1867 2430 2000 2462 acinace
2032 2439 2131 2462 aureo
2152 2440 2210 2464 eos
2237 2442 2276 2465 ac
2302 2434 2384 2467 tiara
2413 2444 2495 2471 auro

1445 2479 1619 2510 intertexta
1640 2478 1789 2510 donasse.
1833 2478 1894 2511 Sed
1924 2478 2005 2510 satis
2034 2478 2075 2511 de
2095 2478 2222 2511 Abdera
2242 2481 2284 2513 ad
2311 2483 2495 2526 Protagorae

1447 2526 1547 2558 vitam
1562 2525 1798 2557 illustrandam.
1813 2542 1854 2549 —-
1869 2525 1915 2567 (5)
1929 2528 1966 2558 A.
1979 2526 2102 2558 Gellius
2117 2528 2210 2560 Noct.
2227 2530 2295 2562 Att.
2311 2529 2368 2563 lib.
2381 2533 2492 2575 Veap.

1446 2576 1492 2606 3:
1518 2585 1532 2600 υ
1554 2573 1761 2613 Ρτοῐῳταιη
1786 2572 1899 2605 virum
1938 2573 1971 2604 in
1991 2572 2112 2605 studiis
2142 2574 2368 2609 doctrinarum
2399 2588 2488 2621 egre-

1446 2620 1533 2660 gium
1544 2644 1553 2661 ,
1571 2620 1664 2660 cujus
1683 2629 1801 2653 nomen
1819 2621 1910 2653 Plato
1926 2619 2008 2652 libro
2029 2629 2089 2653 suo
2105 2621 2150 2653 illi
2166 2622 2302 2658 incluto
2318 2625 2494 2669 inscripsit,

1445 2667 1680 2698 adolescentem
1700 2669 1792 2707 ajunt
1812 2668 1917 2700 victus
1939 2668 2105 2708 quaerendi
2128 2670 2231 2710 gratia
2249 2671 2284 2703 in
2309 2673 2494 2708 mercedem

1446 2714 1580 2746 missum
1597 2717 1809 2760 vecturasque
1822 2723 1956 2749 onerum
1970 2724 2101 2755 corpore
2114 2725 2174 2749 suo
2183 2717 2390 2759 factitavisse,
2406 2721 2495 2762 quod

1445 2769 1547 2800 genus
1564 2761 1667 2793 Groeci
1677 2762 1867 2805 ἀχθοφόρους
1880 2765 2008 2802 vocant,
2021 2764 2132 2796 Latine
2144 2764 2268 2805 bajulos
2281 2766 2492 2807 appellamus.

1445 2810 1477 2840 ls
1490 2806 1530 2840 de
1546 2808 1694 2848 proximo
1710 2817 1785 2840 rure
1807 2808 1968 2841 Abderam
1993 2808 2025 2840 in
2043 2809 2210 2850 oppidum,
2225 2811 2318 2852 cujus
2328 2813 2495 2855 popularis

1447 2855 1520 2894 fuit,
1542 2855 1690 2887 caudices
1706 2855 1784 2895 ligni
1808 2855 1967 2897 plurimos
1991 2856 2135 2889 funiculo
2158 2857 2248 2890 brevi
2274 2859 2494 2895 circumdatos

1446 2902 1609 2942 portabat.
1627 2905 1710 2935 Tum
1733 2903 1814 2935 forte
1837 2903 2057 2943 Democritus,
2074 2904 2215 2938 civitatis
2237 2905 2383 2946 ejusdem
2398 2908 2492 2950 civis,

1448 2949 1545 2982 homo
1559 2952 1633 2982 ante
1644 2950 1725 2982 alios
1741 2950 1871 2983 virtutis
1887 2953 1920 2983 et
1935 2951 2145 2993 philosophiae
2160 2953 2262 2993 gratia
2276 2954 2493 2997 venerandus,

1446 3006 1547 3037 quurn
1566 2997 1769 3037 egrederetur
1787 3000 1878 3029 extra
1898 2998 2011 3030 urbem
2024 3021 2034 3038 ‚
2050 2999 2138 3031 videt
2149 3007 2224 3032 eum
2238 3008 2314 3032 cum
2333 3001 2389 3034 illo
2402 3011 2495 3044 gene-

1446 3053 1480 3076 re
1493 3045 1598 3077 oneris
1616 3048 1680 3077 tam
1695 3044 1849 3085 impedito
1872 3053 1910 3076 ac
1935 3047 2003 3077 tam
2030 3047 2193 3079 incohibili
2208 3048 2301 3080 facile
2328 3051 2427 3092 atque
2441 3059 2495 3083 ex·-

1447 3092 1551 3132 pedite
1573 3092 1790 3131 incedentem,
1808 3094 1839 3124 et
1859 3101 1957 3133 prope
1973 3092 2096 3126 accedit
2110 3096 2144 3126 et
2159 3094 2346 3139 juncturam
2366 3097 2494 3138 positu-

1448 3146 1582 3179 ramque
1601 3138 1675 3178 ligni
1693 3139 1773 3171 scite
1802 3139 1967 3180 periteque
1989 3140 2104 3172 tactam
2128 3142 2493 3184 considerat'petitque‚

1446 3186 1481 3216 ut.
1499 3186 1641 3226 paullum
1663 3186 1857 3227 acquiescat.
1874 3187 1969 3223 Quod
1994 3187 2050 3219 ubi
2067 3190 2273 3230 Protagoras,
2291 3192 2327 3222 ut
2347 3194 2417 3223 erat
2435 3200 2494 3232 pe-

1445 3231 1562 3272 titum,
1583 3233 1661 3265 fecit
1683 3237 1781 3274 atque
1805 3232 1916 3265 itidem
1943 3236 2147 3268 Democritus
2176 3246 2326 3269 acervum
2354 3238 2445 3271 illum
2461 3242 2495 3272 et

1446 3279 1539 3318 quasi
1557 3278 1668 3311 orbem
1682 3279 1866 3320 caudicum,
1890 3280 1981 3313 brevi
1996 3282 2125 3314 vinculo
2143 3285 2425 3326 comprehensum,
2443 3295 2493 3318 ra-

1446 3324 1531 3356 tione
1540 3326 1678 3366 quadam
1688 3327 1779 3367 quasi
1790 3328 1984 3367 geometrica
1998 3329 2105 3361 librari
2119 3331 2342 3373 continerique
2351 3333 2493 3365 animad-

1446 3372 1559 3411 vertit,
1586 3373 1810 3414 interrogavit,
1833 3374 1907 3415 quis
1930 3374 1963 3406 id
1984 3375 2110 3416 lignum
2127 3377 2446 3420 itavcomposuisseu
2462 3385 2495 3414 et

1450 3426 1550 3457 quum
1565 3418 1619 3451 ille
1634 3429 1652 3451 a
1675 3429 1709 3452 se
1727 3420 1941 3461 compositum
1961 3421 2113 3463 dixisset,
2132 3424 2344 3466 desideravit,
2359 3427 2406 3459 uti
2427 3429 2494 3461 sol—

1450 3466 1541 3496 veret
1551 3473 1588 3498 ac
1599 3465 1706 3499 denuo
1728 3467 1762 3500 in
1782 3467 1914 3501 modum
1929 3470 2067 3503 eundem
2079 3471 2259 3506 collocaret.
2273 3477 2313 3507 At
2324 3476 2494 3516 postquam
