2606 3828
334 243 429 299 378ἰ

328 347 351 395 ἤ
366 363 404 386 σε
418 347 531 391 αὐτοῖς
543 345 664 385 τούτου
680 345 842 398 πρόξενον
855 342 1024 395 γενέσθαι.
1082 341 1174 380 Ἀλλ’
1187 340 1368 380 Εὐθυκλέα

328 406 386 444 τὸν
420 405 610 444 πένταθλον
644 404 807 443 ἐνέὸαλον
851 403 898 444 εἷς
938 398 1092 453 εἱρκτήν,
1126 398 1370 449 αἰτιασάμενοι

330 464 432 503 αὐτὸν
454 463 511 503 ἐπὶ
542 466 585 517 τῇ
615 462 758 515 πατρίδι
787 459 964 513 εἰληφέναι
985 460 1099 512 δῶρα·
1126 456 1186 496 καὶ
1206 459 1244 495 οὐ
1266 457 1368 507 μόνον

327 526 446 571 τοῦτο,
468 522 558 561 ἀλλὰ
578 522 636 560 καὶ
655 519 885 562 ἀποθανόντος
902 518 961 557 καὶ
977 513 1070 556 οὗτοι
1089 518 1137 562 εἷς
1153 515 1215 560 τὰς
1235 515 1369 562 εἷκόνας

329 581 518 633 ἐξύὸριζον,
535 581 600 625 ἕως
618 581 648 618 οἱ
666 579 734 617 θεοὶ
751 581 812 617 οὐκ
828 576 1060 630 ἀνασχόμενοι
1072 578 1141 614 τῶν
1157 575 1368 628 γιγνομένων

328 641 512 692 ἐπαφῆκαν
543 639 657 682 αὐτοῖς
675 637 733 675 τὸν
760 636 945 689 κράτιστον
973 635 1088 687 λιμόψ
1113 635 1175 674 καὶ
1194 635 1261 674 ὑπὸ
1274 634 1291 657 ‘¹
1309 638 1369 673 τοῦ

328 698 431 748 λιμοῦ
453 697 616 735 διώλοντο
636 695 692 743 ἄν,
715 697 743 734 εἷ
765 694 814 745 μὴ
836 697 857 742 ἡ
876 694 975 747 παρὰ
1002 697 1064 733 σοῦ
1090 689 1173 742 ἦλθε
1202 693 1368 747 βοήθεια,

326 757 474 807 λέγουσα
494 756 546 795 ὅτι
569 757 619 794 δεῖ
640 753 763 798 αὐτοὺς
782 759 887 804 τιμᾶν
906 753 1033 806 ἄνδρας
1051 751 1366 808 πεφατνευμένους,

327 814 385 860 οὓς
406 817 436 854 οἱ
458 814 526 854 θεοὶ
547 816 704 867 φιλοῦσιν
733 814 799 865 οὔχ
817 807 938 864 ἧττον,
958 812 981 860 ἢ
1002 811 1059 857 οὒς
1090 814 1120 851 οἳ
1150 811 1369 866 ἀλφιτοποιοὶ

326 875 500 914 πιαίνουσι
522 877 623 927 βοῦς,
643 874 685 912 δι’
702 867 749 911 ὧν
767 875 858 923 ὑμᾶς
877 873 908 911 οἱ
922 872 1096 925 ἄνθρωποι
1111 871 1219 910 ἐνίοτε
1235 871 1370 916 θύοντες

325 932 509 971 πείθουσιν·
529 933 595 984 οὐχ
613 926 716 979 ἧττον
736 931 818 975 ἴσως
839 930 931 969 ἀλλὰ
949 931 1009 970 καὶ
1026 930 1115 970 πολὺ
1140 932 1272 981 μᾶλλον
1297 947 1368 970 πα-

325 990 417 1044 χέων
450 994 539 1044 βοῶν
568 992 599 1029 οἱ
632 996 758 1043 παχεῖς
790 989 964 1043 ἄνθρωποι
1002 990 1241 1043 εὐφραίνουσιν
1276 993 1368 1040 ὑμᾶς

324 1050 453 1098 οὕτως,
475 1049 565 1089 ὥστε
595 1050 703 1090 ἐνίοτε
722 1049 785 1102 ὅλῃ
806 1049 906 1089 πόλει
933 1050 994 1088 καὶ
1021 1049 1091 1100 ὅλῳ
1121 1049 1207 1088 ἔθνει
1237 1052 1369 1102 ὀργίζε-

323 1113 424 1158 σθαι,
446 1108 521 1153 ἑνὸς
546 1109 569 1156 ἢ
591 1110 683 1148 δυοῖν
718 1109 928 1148 ἀδικούντων
957 1112 1066 1148 ταῦτα
1095 1107 1139 1147 τὰ
1165 1108 1366 1162 θρέμματα.

323 1166 388 1211 (Ως
405 1166 444 1214 δὴ
465 1167 613 1221 ὤφελες,
630 1161 658 1206 ὦ
680 1167 808 1218 μάντι,
829 1167 995 1216 ἀλείπτης
1013 1170 1098 1218 ἡμῖν
1120 1168 1196 1205 ἀντὶ
1213 1168 1370 1219 μάντεως

321 1225 503 1279 γενέσθαι,
533 1226 555 1274 ἢ
587 1226 648 1265 καὶ
677 1226 799 1278 μάντις
829 1226 906 1277 ἅμα
942 1226 1001 1265 καὶ
1038 1228 1224 1275 ἀλείπτης,
1257 1226 1301 1266 ἵν’
1326 1222 1369 1276 ἦν

324 1285 441 1338 ὥσπερ
453 1290 467 1308 ⁰
479 1285 693 1339 χρηστήριον
712 1284 898 1339 Δελφικόν,
912 1285 1003 1324 οὕτω
1023 1285 1082 1324 καὶ
1096 1285 1367 1338 γυμναστήριον.

324 1343 397 1382 Καὶ
415 1343 483 1398 γὰρ
503 1345 574 1383 οὐδ’
594 1343 776 1397 ἀλλότριον
805 1339 847 1391 ἦν
873 1346 1004 1396 ἀγῶνος
1032 1346 1187 1383 Πυθικοῦ
1213 1345 1366 1384 Πυθικὸν

323 1396 410 1441 εἶναι
435 1403 493 1442 καὶ
513 1404 552 1443 τὸ
571 1403 843 1456 γυμναστήριον.

375 1461 582 1514 (Eusebius
612 1462 786 1513 Praepar.
821 1462 970 1512 Evang.
999 1462 1072 1501 lib.
1116 1462 1160 1510 V,
1192 1476 1274 1514 cap.
1305 1465 1367 1512 34,

320 1533 409 1571 pag.
428 1522 503 1558 230
522 1534 628 1571 seqq.
646 1521 708 1558 ed.
723 1520 850 1570 Viger.
869 1519 969 1574 [vol.
988 1520 1060 1572 lp.
1081 1521 1155 1564 486
1178 1534 1284 1572 seqq.
1305 1521 1366 1560 ed.

320 1578 611 1630 Gaisf01·d.],De
631 1580 813 1617 lectionis
844 1580 1033 1617 varietate
1057 1580 1224 1631 aliisque
1249 1580 1366 1619 rebus

321 1638 496 1689 quaedam
517 1639 709 1677 monenda
734 1639 844 1678 :³Cf.
868 1639 1101 1677 Plutarchus
1129 1640 1172 1678 in
1201 1639 1366 1678 Romulo

319 1710 362 1746 p.
383 1697 454 1745 353
474 1698 684 1735 Pausanias
701 1697 770 1735 lib.
784 1697 837 1735 Vl
853 1711 936 1750 cap.
951 1711 998 1748 93
1014 1698 1205 1747 Origenes
1230 1707 1365 1736 contra

319 1755 472 1793 Celsum
490 1755 548 1793 ΙΙΙ
572 1770 612 1807 p.
643 1756 1030 1803 1343'she0d01·etus
1055 1756 1145 1793 VIll
1166 1757 1214 1794 de
1239 1756 1363 1794 Graec.

319 1815 446 1854 afl'ect.
464 1829 502 1867 p.
525 1816 613 1855 115.
635 1837 687 1844 —
708 1814 724 1838 ¹³
748 1816 861 1853 Plato
889 1816 937 1853 de
962 1815 1127 1866 Republ.
1145 1815 1194 1852 IV
1214 1829 1251 1866 p.
1273 1821 1363 1863 [¹²7-

318 1878 395 1904 —c
410 1874 550 1924 scripsi
567 1873 662 1913 οὐδὲν
679 1870 796 1912 ἂνὲπὶ
813 1873 924 1926 τούτῳ
944 1874 1125 1928 ὠφελήθη]
1139 1875 1250 1912 codd.
1267 1874 1363 1912 οὐδὲν
1389 1877 1394 1910 l

317 1932 373 1972 ἐπὶ
392 1932 504 1985 τούτῳ
524 1933 700 1985 ὠφελήθη.
715 1956 768 1963 -
781 1932 798 1955 ‘¹
819 1934 877 1971 καὶ
898 1932 978 1983 ὑπὸ]
1001 1932 1095 1972 libri
1117 1933 1181 1971 κᾶν
1206 1933 1287 1972 ὑπὸ.
1310 1957 1363 1962 -

316 1996 330 2013 ‘³
352 1990 398 2028 ἵν’
418 1985 460 2038 ἦν
491 1991 628 2042 ὥσπερ;
663 1991 776 2031 codd.
808 1990 852 2029 ἵν’
880 1985 903 2043 ἦ
935 1990 1083 2043 ὥσπερ.Γ
1101 1991 1292 2030 Caeterum
1322 1995 1363 2031 in

315 2051 490 2100 margine
511 2050 656 2088 codicis
676 2050 912 2088 Parisiensis
935 2050 1007 2095 451
1035 2049 1180 2100 legitur
1199 2065 1207 2088 :
1229 2066 1366 2103 πεφατ-

1063 252 1368 294 CYNICORUM
1397 250 1732 293 FRAGMENTA.

1435 340 1619 392 νευμένους
1639 341 1732 393 λέγει
1748 341 1827 386 τοὺς
1846 341 1998 390 ἀθλητὰς
2022 341 2080 381 διὰ
2097 340 2162 390 τὴν
2187 336 2397 395 σωμασκίαν
2414 344 2478 385 καὶ

1434 400 1724 453 ἀναγκοφαγίαν.)

1446 454 1456 458 ’
1486 472 1532 500 13.
1563 458 1708 504 Τούτοις
1736 459 1939 513 ἐπισυνάψω
1958 459 2020 499 καὶ
2040 459 2063 498 ἅ
2081 476 2185 515 φησιν
2206 461 2412 516 ἆπελέγχων
2431 465 2480 512 ὣς

1431 518 1491 557 καὶ
1514 517 1594 563 τοὺς
1611 518 1797 572 τυράννους
1825 520 2027 558 κολακεύειν
2055 518 2217 560 εἰώθασιν
2237 521 2269 560 οἱ
2294 522 2374 576 περὶ
2392 515 2442 561 ὧν
2460 523 2480 562 ὁ

1431 577 1544 631 λόγος.

1484 666 1632 711 Ὀλὸιος
1647 661 1745 712 οὗτος
1760 666 1849 721 ἀνήρ
1860 696 1871 715 ,
1886 666 1922 720 γὃς
1940 667 2022 719 ἐμὸν
2039 667 2144 719 δόμον
2162 667 2427 720 ἐσκαταὸαίνει,

1485 725 1645 780 Κύψελος
1665 725 1836 775 Αἰακίδης
1844 730 1874 778 ⁶,
1898 725 2061 779 βασιλεὺς
2076 727 2226 767 κλεινοῖο
2241 725 2435 782 Κορίνθου(

1431 817 1570 855 Οὐκοῦν
1590 815 1650 856 καὶ
1679 819 1710 856 οἱ
1741 816 1924 870 τύραννοι,
1949 818 1988 856 οὗ
2018 816 2121 869 μόνον
2150 819 2182 858 οἵ
2206 820 2276 858 τῶν
2305 818 2482 874 τυράννων

1431 875 1629 921 ἐπίὸουλοι,
2333 889 2343 893 “

1484 952 1663 1007 Κύψελος,
1679 951 1715 997 ὃς
1734 951 1776 1000 δὴ
1796 953 1913 993 πολλὰ
1934 953 2095 1009 Κορίνθῳ
2114 954 2266 1008 πήματα
2284 935 2415 1006 τεύξει,

1430 1032 1491 1071 καὶ
1521 1033 1774 1082 Μελάνιππος,
1793 1035 1812 1072 ὁ
1830 1033 1946 1073 πολλὰ
1979 1035 2097 1088 ἀγαθὰ
2130 1039 2175 1090 τῇ
2206 1036 2356 1077 Γελῶων
2381 1037 2482 1078 πόλει

1429 1092 1562 1139 τεύξας.
1620 1094 1704 1137 Πῶς
1723 1093 1754 1132 δ’
1772 1095 1803 1132 εἷ
1829 1093 1993 1148 Κύψελος
2023 1094 2165 1148 ὅλὸιος,
2189 1088 2220 1135 αἶ)
2249 1096 2480 1149 κακόδαιμον,

1429 1156 1467 1192 οὐ
1487 1152 1548 1192 καὶ
1569 1152 1733 1207 Φάλαρις
1751 1153 1889 1215 ὅλὸιρς,
1905 1154 2096 1208 ὁμότροπος
2112 1154 2160 1194 ὧν
2183 1155 2356 1211 Κυψέλῴς
2368 1155 2482 1198 'ssot’

1431 1211 1473 1264 ἂν
1491 1211 1629 1257 ἐκείνως
1650 1213 1789 1264 ἄμεινον
1814 1216 1903 1252 εἶναι
1922 1214 2020 1267 ὑμῖν,

1536 1301 1728 1353 Εὐδαίμων
1747 1300 1929 1355 Φάλαρις,
1947 1302 2009 1341 καὶ
2029 1302 2262 1349 Μελάνιππος
2276 1302 2363 1358 ἔφυ,

1483 1359 1577 1406 θείας
1595 1361 1768 1415 ἁγητῆρες
1787 1362 1823 1399 ἐν
1841 1361 2033 1414 ἀνθρώποις
2053 1361 2239 1416 διχονοίας.

1428 1436 1593 1477 Ἤκουσα
1622 1436 1661 1476 δέ
1693 1453 1755 1476 σου
1785 1436 1846 1476 καὶ
1870 1438 2118 1490 διαλελυμένον
2140 1439 2302 1493 χρησμὸν
2319 1437 2400 1493 περὶ
2421 1443 2483 1479 τοῦ
2508 1469 2514 1474 ,

1429 1496 1633 1550 Φαλάριδος
1646 1527 1657 1548 ,
1675 1498 1884 1535 ἐπαινοῦντα
1904 1497 1966 1537 καὶ
1985 1502 2169 1550 τιμῶντα,
2186 1498 2240 1538 ὅτι
2255 1498 2376 1539 λαὸὼν
2397 1500 2480 1539 ἐπι-

1429 1556 1657 1600 δουλεύοντας
1683 1555 1834 1609 ᾐκίσατο
1863 1556 1940 1607 μέν,
1959 1562 2214 1611 καρτεροῦντας
2240 1557 2277 1597 δὲ
2304 1559 2481 1611 ἀγάμενος

1430 1617 1560 1669 ἀφ’ῆκε·
1577 1613 1704 1660 Λοξίας
1727 1615 1789 1654 καὶ
1809 1615 1896 1660 Ζεὺς
1918 1617 2037 1670 πατὴρ
2067 1617 2243 1665 ἀναὸολὴν
2264 1617 2482 1672 ἐψηφίσαντο

1428 1674 1576 1713 θανάτου
1609 1673 1811 1727 Φαλάριδι,
1835 1676 1911 1714 ἀνθ’
1940 1669 1988 1714 ὧν
2022 1675 2164 1728 ἡμέρως
2198 1676 2380 1730 Χαρίτωνι
2419 1678 2481 1717 καὶ

1429 1732 1653 1787 Μελανίππῳ
1676 1733 1914 1787 προσηνέχθη.
1972 1733 2068 1774 Ἀλλ’
2087 1728 2167 1788 εὖγε
2194 1735 2255 1774 καὶ
2273 1735 2373 1787 μόλις
2393 1740 2480 1787 ἡμῖν

1428 1795 1471 1831 τὰ
1487 1792 1569 1845 περὶ
1595 1796 1659 1831 τοῦ
1687 1792 1837 1832 θανάτου
1863 1793 1994 1839 ἔδειξας
2020 1793 2081 1832 καὶ
2101 1798 2164 1840 τῆς
2180 1797 2291 1844 ζωῆς,
2309 1794 2362 1834 ὅτι
2389 1795 2480 1835 κάλ-

1428 1851 1546 1891 λιστόν
1565 1867 1598 1890 τι
1619 1851 1712 1891 ἐστὶν
1732 1854 1754 1899 ἡ
1776 1851 1864 1899 ζωή.
1923 1852 2007 1892 Ἐπὶ
2031 1851 2165 1898 τούτοις
2189 1852 2302 1892 ἅπασι
2321 1853 2383 1892 καὶ
2399 1854 2478 1894 τόδε

1426 1910 1666 1964 προσκείσθω·
2311 1910 2314 1913 ’

1483 1991 1590 2033 Ἀλλά
1606 2007 1646 2030 κε
1662 1991 1863 2043 Μηθύμνης
1882 1992 2022 2037 ναέταις
2037 1994 2128 2033 πολὺ
2148 1988 2253 2032 λώϊον
2268 1993 2386 2044 ἔσται,

1479 2050 1656 2104 φαλληνὸν
1675 2053 1806 2102 τιμῶσι
1826 2050 2047 2091 Διωνύσοιοῑ)
2065 2052 2230 2105 κάρηνον.

315 2163 425 2203 ltaque
440 2164 497 2203 tu,
514 2163 570 2204 qui
589 2163 721 2194 deorum
749 2161 1003 2193 humanissimus
1020 2161 1169 2201 haberis,
1191 2164 1249 2194 tuo
1272 2171 1360 2195 more
1387 2185 1395 2233 Ι
1427 2163 1531 2196 stibus
1554 2164 1750 2204 accepisset,
1770 2164 1804 2196 in
1822 2164 1951 2197 vincula
1971 2164 2192 2205 conjecerant;
2209 2173 2270 2198 nec
2294 2174 2333 2198 eo
2349 2165 2478 2199 conteni

313 2221 555 2253 consulentibus
570 2230 664 2262 opem
682 2220 801 2261 tulisti,
818 2222 880 2253 hoc
896 2228 1050 2262 responso
1066 2233 1074 2254 :

353 2295 463 2328 Redde
480 2296 577 2332 modo
596 2295 760 2328 exsulibus
776 2296 930 2337 patriam,
947 2305 1037 2338 seges
1053 2296 1159 2338 ampla
1175 2300 1325 2330 metetur.

312 2377 432 2407 Verum
449 2374 606 2407 vecordes
624 2374 677 2407 isti
702 2383 815 2407 rursus
839 2374 1038 2408 revocandos
1056 2375 1167 2408 exules
1186 2385 1250 2408 non
1280 2376 1360 2408 alios

310 2442 379 2466 esse
394 2442 489 2474 quam
508 2433 655 2465 homines
671 2432 846 2474 putabant,
866 2442 960 2478 versu
987 2443 1054 2466 non
1076 2434 1250 2467 intellecto.
1295 2435 1360 2467 Cur

312 2493 399 2524 enim
431 2492 493 2524 diis
521 2492 794 2524 inhumanissimis
813 2493 912 2524 tantae
938 2501 1025 2525 curae
1051 2493 1115 2525 sint
1143 2493 1290 2526 homines
1318 2494 1359 2526 ab

310 2551 422 2583 exsilio
436 2550 609 2582 revocandi
623 2575 633 2591 ‚
650 2553 780 2591 quantae
795 2550 965 2583 simulacra
982 2551 1199 2584 restituenda?
1211 2552 1358 2584 Profecto

310 2609 363 2640 illa
378 2618 427 2640 res
445 2618 509 2640 non
529 2617 599 2640 eam
617 2617 692 2649 agro
711 2608 884 2641 utilitatem
905 2609 1081 2649 attulisset,
1095 2613 1132 2642 ut
1149 2610 1264 2642 morbo
1283 2610 1359 2643 libe·

311 2669 445 2707 raretur‚
475 2667 535 2699 nisi
563 2667 662 2699 homo
694 2667 823 2708 quidam
852 2668 979 2708 sapiens
1011 2676 1049 2700 ac
1074 2669 1187 2701 sollers
1216 2669 1357 2702 divinam

310 2729 452 2758 mentem
486 2727 655 2758 assecutus
681 2726 825 2758 exsulem
851 2726 1002 2766 appellari
1021 2726 1199 2759 demersam
1217 2728 1250 2759 in
1274 2738 1357 2769 aqua

311 2785 449 2816 statuam
481 2784 680 2816 affirmasset.
725 2786 775 2816 Ita
801 2785 909 2816 autem
932 2786 1009 2817 erat.
1054 2786 1135 2817 Nam
1164 2786 1357 2827 simulatque

309 2851 368 2875 suo
384 2843 456 2874 loco
476 2843 616 2883 reposita
636 2844 706 2882 est,
724 2843 832 2875 statim
852 2843 885 2875 in
905 2851 982 2883 agro
1001 2844 1109 2876 omnia
1125 2845 1352 2886 regerminare,

309 2884 482 2943 Thasiiqsie
511 2901 662 2942 deinceps
707 2901 766 2933 soli
799 2901 945 2934 ubertate
975 2903 1141 2943 superbire
1174 2906 1351 2945 coeperunt.

308 2963 420 3004 Nopne
436 2960 507 2993 haec
532 2962 620 2992 certa
641 2961 715 2992 sunt
737 2960 824 3000 signa
837 2984 846 3000 ,
865 2960 983 2992 divinae
1008 2961 1200 2994 athletarum
1225 2963 1284 2995 arti
1303 2963 1353 2996 di-

308 3019 402 3052 vinos
414 3019 552 3052 honores
561 3018 670 3051 deberi
682 3021 696 3051 Ξ·
705 3021 786 3051 Nam
795 3019 827 3051 et
836 3019 965 3051 alterius
978 3019 1234 3061 quinquertionis
1247 3024 1354 3054 statua

309 3079 387 3111 alias
399 3077 517 3110 violata
529 3076 683 3110 commoti
699 3078 775 3109 sunt
791 3077 854 3118 dii,
868 3086 927 3110 nec
942 3077 1066 3111 minore
1080 3080 1171 3111 Locri
1187 3084 1354 3120 propterea

309 3145 407 3178 quam
425 3136 532 3169 Thasii
550 3135 634 3168 fame
655 3135 860 3174 laborarunt,
873 3136 975 3168 donec
991 3137 1082 3168 tuum
1100 3146 1289 3179 responsum
1302 3148 1353 3171 ca—

309 3196 459 3229 lamitatis
476 3194 635 3228 medicina
653 3197 747 3227 esset.
791 3194 842 3227 Sic
858 3195 964 3227 autem
980 3195 1171 3236 respondisti
1189 3205 1198 3228 :

351 3265 457 3298 Redde
476 3264 576 3298 decus
592 3265 692 3305 laeso;
709 3272 798 3304 seges
814 3264 920 3305 ampla
939 3265 1089 3305 sequetur
1106 3265 1259 3298 aratrum.

309 3337 418 3375 Neque
437 3336 521 3367 enim
541 3335 629 3376 prius
650 3336 742 3367 Locri
762 3335 907 3367 divinum
931 3335 1097 3367 consilium
1116 3335 1351 3376 intellexerunt,

310 3401 407 3433 quam
422 3395 455 3426 te
475 3396 544 3435 ejus
566 3395 653 3426 velut
675 3395 880 3435 interpretem
900 3394 1095 3426 habuissent.
1139 3395 1264 3435 Quippe
1287 3397 1352 3427 Eu-

313 3450 449 3490 thyclem
469 3451 514 3484 illi
541 3452 821 3493 quinquertionem
833 3476 843 3493 ,
860 3452 953 3494 quasi
970 3460 1101 3485 munera
1117 3461 1136 3484 a
1156 3453 1266 3494 patriae
1295 3453 1354 3485 ho-

1423 2222 1454 2253 in
1474 2221 1574 2263 ipsius
1590 2222 1750 2254 demortui
1766 2221 1923 2263 imagines
1945 2222 2043 2255 iidem
2060 2223 2156 2255 etiam
2173 2222 2316 2264 injuriosi
2334 2223 2476 2270 tuerent,

1423 2281 1526 2314 donec
1543 2281 1587 2313 dii
1608 2281 1760 2314 facinoris
1787 2281 2010 2322 indignitatem
2037 2281 2122 2314 haud
2141 2281 2335 2322 tolerantem
2350 2283 2476 2324 gravis-

1423 2341 1539 2372 simam
1562 2340 1601 2372 iis
1621 2340 1738 2372 tamem
1755 2340 1909 2373 inferrent
1931 2353 1940 2373 ι
1959 2349 2025 2382 qua
2044 2348 2122 2373 sane
2137 2340 2274 2374 contecti
2291 2341 2475 2384 periissent,

1421 2401 1482 2433 nisi
1500 2400 1571 2442 opis
1591 2400 1713 2441 aliquid
1728 2400 1807 2442 ipsis
1826 2399 1937 2432 datum
1957 2400 2044 2433 esset
2059 2401 2116 2433 tuo
2134 2409 2310 2443 responso,
2328 2410 2396 2443 quo
2411 2401 2472 2435 ho-

1422 2459 1525 2492 mines
1545 2459 1679 2500 pingues
1708 2462 1864 2500 tanquam
1888 2458 2111 2492 observandos
2135 2459 2176 2492 iis
2199 2459 2474 2502 commendabas,

1420 2519 1530 2559 utpote
1547 2518 1601 2559 qui
1617 2517 1679 2550 diis
1694 2526 1758 2549 non
1776 2517 1883 2550 minus
1900 2517 2086 2559 placerent,
2105 2526 2206 2559 quam
2219 2517 2321 2551 boves
2337 2525 2358 2551 a
2374 2518 2473 2561 pultis

1419 2576 1655 2609 confectoribus
1676 2576 1822 2617 saginati.
1873 2578 1912 2609 Et
1932 2576 1980 2608 his
1998 2576 2128 2618 quidem
2156 2576 2248 2609 caesis
2269 2576 2396 2618 placare
2422 2578 2475 2610 in·

1419 2636 1546 2668 terdum
1567 2644 1627 2668 vos
1645 2635 1794 2668 homines
1821 2636 1957 2677 possunt
1975 2648 1983 2667 ε
2002 2637 2157 2667 eaeterum
2172 2635 2379 2668 nihilominus
2394 2645 2471 2679 vos,

1419 2696 1483 2728 imo
1498 2695 1598 2728 etiam
1621 2696 1723 2736 magis
1745 2682 1913 2727 hominum
1929 2703 2027 2736 quam
2044 2694 2143 2727 houm
2165 2695 2360 2736 pinguedine
2383 2695 2472 2730 dele-

1418 2754 1498 2787 ctari
1525 2755 1575 2787 vel
1598 2763 1639 2787 ex
1666 2763 1705 2787 eo
1730 2755 1880 2794 constat,
1898 2753 1986 2795 quod
2004 2753 2032 2786 si
2059 2762 2144 2786 unus
2162 2754 2214 2786 vel
2231 2754 2298 2786 duo
2314 2755 2472 2788 duntaxat

1417 2813 1497 2846 tales
1517 2812 1664 2845 alumnos
1685 2813 1847 2852 laeserint,
1865 2813 1933 2844 tum
1948 2812 2085 2853 integrae
2097 2821 2331 2854 nonnunquam
2352 2814 2410 2847 aut
2429 2813 2470 2846 oi-

1417 2871 1510 2904 vitati
1537 2873 1594 2904 aut
1626 2871 1715 2912 genti
1745 2871 1952 2903 vehementer
1986 2870 2080 2903 irasci
2108 2871 2251 2904 soleatis.
2295 2871 2470 2906 neb-usses

1417 2940 1513 2972 ergo,
1531 2931 1613 2963 bone
1629 2932 1738 2970 vates,
1755 2939 1812 2971 pro
1836 2931 1910 2962 vate
1934 2929 2029 2962 nobis
2045 2930 2163 2962 unctor
2181 2939 2275 2970 esse,
2294 2933 2351 2963 aut
2367 2931 2465 2964 etiam

1416 2991 1528 3022 unctor
1541 2989 1636 3022 simul
1654 2991 1687 3022 et
1706 2991 1814 3030 vates,
1835 2990 1872 3020 ut
1889 2988 2080 3030 Delphicum
2099 2988 2230 3030 aliquod
2246 2989 2332 3026 sicut
2349 2998 2468 3023 oracu-

1416 3049 1501 3088 lum,
1519 3049 1567 3081 sic
1587 3048 1790 3090 gymnasium
1809 3048 2011 3082 haberemus.
2055 3049 2167 3089 Neque
2185 3047 2273 3081 enim
2290 3057 2311 3081 a
2330 3049 2465 3090 Pythice

1415 3107 1589 3140 certamine
1613 3107 1816 3149 gymnasium
1836 3115 1965 3148 quoque
1984 3107 2157 3148 Pythicum
2175 3107 2257 3140 bene
2281 3107 2463 3141 institutum

1415 3166 1619 3199 abhorrebat.

1460 3228 1506 3257 13.
1524 3227 1598 3257 Jam
1617 3234 1655 3257 ea
1674 3224 1893 3266 superioribus
1921 3225 2133 3266 subJ'ungam,
2157 3224 2274 3266 quibus
2303 3224 2388 3257 idem
2409 3225 2462 3266 ty-

1415 3283 1524 3315 rannis
1541 3284 1637 3316 etiam
1660 3284 1739 3324 ipsis
1757 3292 1831 3324 eos,
1857 3282 1896 3315 de
1919 3283 2036 3323 quibus
2062 3283 2168 3315 adhuc
2185 3282 2358 3323 loquimur,
2383 3282 2461 3315 deos

1415 3341 1536 3373 adulari
1553 3342 1664 3374 solitos
1681 3342 1854 3382 redarguit.
1898 3341 1951 3374 Sic
1967 3342 2063 3382 igitur
2081 3341 2120 3373 de
2137 3340 2275 3381 Cypselo
2288 3353 2298 3373 ε

1446 3453 1534 3486 Felix
1555 3453 1611 3494 qui
1630 3455 1782 3494 properat
1799 3456 1927 3485 nostras
1949 3452 2104 3485 venturus
2128 3452 2159 3483 in
2179 3451 2283 3495 aedes,
