2638 3840
332 307 406 334 xiv

332 383 422 421 dum
444 383 549 420 calor
570 382 777 433 praevalet,
796 389 980 425 aestatem,
1002 378 1092 415 dum
1120 377 1262 426 frigus,
1281 376 1379 423 hie-¹

333 454 430 478 mem
457 441 652 479 exsistere.
668 441 854 477 Caeterum
876 436 1056 476 omnibus
1075 435 1154 473 illis
1171 435 1372 485 aequaliter

332 498 552 537 distributis
569 499 715 550 optima
728 511 808 536 esse
828 507 1001 548 tempora
1023 493 1131 540 anni,
1154 492 1266 544 cujus
1283 507 1372 545 pars

332 558 464 596 virens
504 558 554 596 sit
578 571 647 596 ver
672 557 847 603 salubre,
876 568 964 607 pars
1002 566 1204 592 senescens
1237 562 1371 592 auctu-

332 629 444 654 mnus
466 617 608 666 gravis.
634 616 707 653 Sed
727 615 856 653 eadem
879 626 1034 664 quoque
1048 612 1198 650 ratione
1213 612 1292 655 diei
1307 624 1373 649 au-

332 688 462 712 roram
481 676 609 713 virere
620 704 629 722 ,
652 687 849 725 vesperam
867 685 1064 710 senescere
1079 680 1193 722 atque
1209 671 1307 709 hanc
1320 670 1372 708 ob

332 747 484 772 causam
517 735 643 772 minus
681 746 763 770 esse
798 731 1003 769 salubrem.
1039 730 1163 768 Porro
1194 742 1281 767 eum
1302 730 1370 780 qui

334 802 472 831 terram
495 793 763 844 complectitur
791 803 915 829 aerem
931 818 942 837 ‚
965 790 1167 827 immotum
1201 802 1243 826 ac
1268 801 1371 826 mor-

332 851 466 889 bidum
480 881 490 898 ‚
511 860 548 889 et
565 865 649 901 quae
669 851 708 887 in
730 850 801 889 illo
820 858 911 887 sunt
926 849 1057 886 omnia
1073 861 1156 886 esse
1175 847 1369 897 mortalia,

334 924 526 948 summum
554 922 647 947 vero
674 921 825 958 semper
857 907 1006 945 moveri
1037 916 1074 945 et
1096 919 1179 945 esse
1206 906 1372 956 purissi-

333 982 435 1007 mum
456 983 498 1007 ac
518 967 815 1006 saluberrimum
829 997 839 1016 ‚
859 976 897 1005 et
916 980 1002 1018 quae
1016 967 1058 1005 in
1072 980 1118 1005 eo
1135 975 1224 1004 sunt
1237 973 1373 1004 cuncta

332 1028 568 1065 immortalia
584 1036 699 1077 atque
718 1027 867 1065 idcirco
892 1027 1041 1065 divina.
1064 1026 1193 1064 Solem
1214 1026 1374 1077 insuper

331 1095 367 1123 et
387 1086 513 1123 lunam
535 1094 572 1123 et
597 1086 750 1136 reliqua
779 1086 908 1124 sidera
934 1085 1028 1124 deos
1043 1098 1148 1132 esse,
1170 1094 1374 1136 propterea

331 1144 434 1194 quod
452 1145 493 1182 in
520 1145 570 1182 iis
588 1145 800 1195 praevaleat
816 1145 936 1191 calor,
956 1144 1023 1195 qui
1044 1144 1097 1182 sit
1114 1143 1207 1182 vitae
1224 1152 1371 1183 auctor.

331 1201 476 1240 Lunam
514 1217 669 1253 quoque
698 1217 720 1241 a
745 1204 825 1242 sole
848 1203 1040 1241 illustrari
1069 1201 1374 1253 hominibusque

330 1274 412 1300 esse
445 1276 530 1300 cum
564 1262 641 1300 diis
665 1262 957 1311 cognationem,
981 1262 1075 1312 quia
1105 1270 1144 1299 et
1165 1261 1282 1299 homo
1308 1276 1372 1300 ca-

330 1319 426 1357 loris
449 1320 642 1371 particeps
662 1321 726 1359 sit.
747 1320 803 1358 lta
820 1330 947 1358 autem
963 1320 1209 1369 contingere,
1226 1328 1269 1357 ut
1279 1320 1373 1358 deus

330 1379 443 1416 etiam
466 1378 580 1416 nobis
611 1379 838 1430 prospiciat.
869 1379 929 1417 Ad
957 1379 1039 1417 haec
1071 1380 1149 1416 fato
1175 1391 1252 1429 qua
1283 1380 1371 1417 uni-

329 1449 441 1475 versa
472 1451 548 1488 qua
582 1438 736 1486 singula
761 1437 856 1487 regi.
877 1437 1085 1475 Penetrare
1115 1437 1217 1476 ultro
1250 1450 1271 1474 a
1295 1440 1372 1475 sole

329 1496 479 1533 radium
509 1509 578 1546 per
606 1496 786 1534 aetherem
817 1496 1001 1546 frigidum
1023 1505 1061 1534 et
1087 1509 1273 1535 crassum.
1295 1495 1372 1534 No-

330 1554 480 1590 minant
506 1567 599 1591 vero
635 1567 759 1593 aerem
786 1554 1023 1606 Pythagorei
1045 1555 1230 1604 frigidum
1258 1555 1371 1593 aethe-

329 1624 408 1649 rem
422 1641 432 1659 ,
454 1612 679 1663 pariterque
696 1626 803 1651 mare
820 1622 858 1651 et
876 1613 1077 1651 humorem
1096 1626 1198 1651 novo
1210 1614 1372 1652 nomine

328 1671 479 1709 aetheris
508 1672 626 1710 crassi
657 1681 893 1724 nuncupant.
921 1673 1035 1710 Hunc
1061 1686 1182 1724 porro
1216 1673 1369 1711 radium

327 1731 440 1767 etiam
487 1731 680 1782 profunda
730 1740 937 1783 penetrare
989 1732 1158 1783 ideoque
1198 1732 1371 1770 animare

326 1790 472 1828 omnia.
511 1790 568 1827 De
598 1791 752 1842 reliquo
784 1791 919 1829 vivere
952 1804 1194 1842 quaecunque
1229 1792 1370 1830 caloris

329 1850 525 1887 consortia
548 1850 650 1897 sint,
685 1863 847 1901 eamque
873 1850 925 1888 ob
957 1862 1038 1888 rem
1058 1859 1096 1888 et
1115 1851 1266 1902 plantas
1288 1864 1370 1889 esse

325 1907 560 1956 animantes;
579 1909 744 1946 animam
764 1918 891 1947 tamen
908 1923 988 1947 non
1005 1922 1139 1948 omnes
1154 1909 1312 1950 habere.

377 1965 491 2011 Quod
529 1976 654 2005 autem
704 1981 822 2019 supra
861 1969 965 2015 dixi,
1009 1981 1192 2006 numeros
1238 1981 1367 2006 rerum

326 2026 498 2064 omnium
520 2040 653 2065 causas
671 2036 709 2065 et
735 2028 936 2079 principia
955 2041 977 2065 a
996 2027 1248 2078 Pythagoreis
1261 2026 1370 2078 judi-

326 2085 406 2123 cari
430 2098 439 2121 2
461 2085 502 2122 id
529 2086 671 2137 saepius
691 2099 713 2123 a
728 2086 930 2125 veteribus
949 2087 1148 2125 memoriae
1166 2086 1365 2138 proditum

325 2153 393 2182 est.
418 2143 673 2182 Existimabat
696 2146 800 2183 enim
821 2145 1061 2196 Pythagoras
1089 2146 1309 2195 geometriae
1333 2154 1370 2183 et

327 2203 468 2240 artium
498 2203 851 2242 mathematicarum
872 2205 1185 2244 studiosissimus
1206 2205 1369 2243 similio-

326 2274 387 2301 res
423 2261 510 2314 (90)
540 2275 623 2300 esse
649 2276 833 2301 numeros
865 2262 984 2302 rebus
1020 2264 1120 2315 ipsis
1155 2277 1271 2315 quam
1306 2263 1368 2301 vel

327 2424 382 2464 μὲν
410 2424 509 2456 πάντα
534 2425 594 2456 ὅσα
625 2425 748 2467 μετέχει
767 2429 822 2457 τοῦ
843 2427 974 2468 θερμοῦ·
996 2427 1044 2459 διὸ
1069 2427 1122 2458 καὶ
1147 2427 1187 2458 τὰ
1202 2427 1281 2468 φυτὰ
1307 2430 1371 2468 ζῷα

327 2471 425 2510 εἶναι,
444 2472 546 2512 ψυχὴν
564 2472 667 2509 μέντοι
682 2483 724 2511 μη
741 2472 822 2514 ἔχειν
835 2474 948 2505 πάντα.
963 2493 1002 2500 -
1017 2473 1083 2514 (90)
1102 2474 1287 2507 Aristoteles
1308 2475 1374 2506 Me-

327 2517 498 2557 tap1·.1‚5
524 2530 531 2549 z
555 2518 586 2549 ἐν
600 2518 633 2550 δὲ
647 2519 766 2556 τούτοις
780 2521 833 2551 καὶ
850 2522 908 2562 πρὸ
921 2522 1040 2554 τούτων
1054 2524 1083 2554 οἱ
1103 2523 1289 2567 καλούμενοι
1307 2524 1371 2554 Πυ-

330 2564 483 2604 θαγόρειοι
497 2568 559 2596 τῶν
573 2577 594 2604 μ
598 2566 762 2605 αθημάτων
774 2568 928 2609 ἁψάμενοι
939 2573 1058 2610 πρῶτοι
1069 2573 1168 2601 ταῦτα
1177 2570 1371 2611 προήγαγον,

331 2620 384 2640 και
399 2611 590 2651 ἐντραφέντες
603 2612 634 2643 ἐν
651 2612 757 2649 αὐτοῖς
776 2615 830 2650 τὰς
848 2615 965 2646 τούτων
983 2617 1080 2657 ἀρχὰς
1090 2620 1151 2648 τῶν
1162 2617 1261 2648 ὄντων
1274 2617 1372 2658 ἀρχὰς

331 2654 476 2695 ᾠήθησαν
488 2656 565 2687 εἶναι
578 2656 713 2689 πάντων.
729 2659 844 2690 Ἐπεὶ
829 2670 860 2690 οε
849 2660 991 2692 τούτων
1006 2663 1034 2692 οἱ
1051 2662 1172 2704 ἀριθμοὶ
1187 2663 1275 2703 φύσει
1291 2666 1374 2704 πρῶ-

330 2713 398 2742 τοι,
410 2702 441 2733 ἐν
455 2702 487 2734 δὲ
497 2714 542 2733 τοι
546 2714 558 2738 ς
570 2704 707 2757 ἀριθμοῖς
719 2705 843 2737 ἐδόκουν
859 2707 982 2748 θεωρεῖν
998 2709 1181 2766 ὁμοιώματα
1195 2709 1295 2742 πολλὰ
1310 2713 1374 2746 τοῖς

331 2760 402 2780 ουσι
414 2750 466 2780 καὶ
477 2751 665 2790 γιγνομένοις
653 2774 678 2789 ς,
691 2753 804 2792 μᾶλλον
817 2753 879 2791 ἢέν
892 2756 963 2794 πυρὶ
978 2756 1031 2786 καὶ
1045 2759 1084 2796 γῇ
1100 2757 1153 2787 καὶ
1167 2757 1267 2795 ὕδατι,
1278 2756 1325 2788 ὄτι
1337 2756 1373 2788 τὸ

332 2797 386 2835 μὲν
399 2797 510 2827 τοιονδὶ
524 2800 585 2827 τῶν
599 2797 734 2838 ἀριθμῶν
745 2798 870 2835 πάθος
854 2802 1046 2841 οικαιοσύνη,
1058 2803 1093 2833 τὸ
1109 2803 1141 2834 δε
1156 2804 1271 2835 τοιονδὶ
1287 2803 1374 2844 ψυχὴ

332 2843 387 2874 καὶ
401 2845 488 2881 νοῦς,
509 2843 608 2899 ἕτερον
622 2843 658 2875 δὲ
677 2845 781 2885 καιρὸς
795 2847 847 2877 καὶ
864 2850 927 2879 τῶν
942 2848 1042 2881 ἆ))ων
1064 2851 1105 2885 ὡς
1123 2851 1219 2881 εἰπεῖν
1243 2850 1374 2881 ἕκαστον

332 2889 468 2929 ὁμοίως·
486 2890 529 2921 ἔτι
551 2890 583 2921 δὲ
610 2894 671 2921 τῶν
698 2892 873 2932 ἁρμονικῶν
893 2893 967 2934 (leg.
986 2895 1160 2936 ἁρμονιῶν)
1182 2897 1213 2927 ἐν
1237 2897 1374 2938 ἀριθμοῖς

333 2937 462 2977 ὁρῶντες
483 2937 523 2967 τὰ
550 2937 634 2975 πάθη
651 2938 702 2968 καὶ
724 2938 796 2973 τοὺς
810 2939 935 2980 λόγους,
956 2941 1060 2980 ἐπειδὴ
1083 2943 1122 2973 τὰ
1139 2944 1192 2984 μὲν
1209 2944 1287 2975 ἄλλα
1309 2947 1374 2980 τοῖς

333 2983 473 3025 ἀριθμοῖς
499 2983 638 3022 ἐφαινετο
659 2985 714 3022 τήν
733 2986 822 3026 φύσιν
849 2987 1072 3028 ἀφωμοιῶσθαι
1085 2993 1206 3028 πᾶσαν,
1221 2992 1250 3021 οἱ
1271 2991 1298 3021 δ’
1314 2991 1377 3031 ἀρι-

333 3031 403 3070 θμοὶ
420 3029 523 3068 πάσης
535 3034 589 3068 τῆς
602 3031 721 3072 φύσεως
736 3033 925 3090 πρῶτοι,τά
937 3037 998 3065 τῶν
1012 3035 1147 3075 ἀριθμῶν
1161 3040 1301 3077 στοιχεῖα
1313 3040 1375 3068 τῶν

333 3078 431 3110 ὄντων
446 3081 587 3118 στοιχεῖα.
602 3077 725 3110 πάντων
746 3079 823 3110 εἶναι
839 3081 896 3112 ὓπε
886 3081 1011 3120 λαὸον,
1028 3082 1080 3112 καὶ
1093 3083 1146 3114 τὸν
1162 3084 1232 3114 ὅλον
1248 3083 1335 3123 οὐρα
1334 3084 1375 3115 ὸν

333 3125 481 3166 ἁρμονίαν
502 3125 653 3156 εἶναικαὶ
679 3126 829 3166 ἀριθμὸν·
861 3128 914 3158 καὶ
943 3128 1005 3159 ὅσα
1034 3129 1120 3170 εἶχον
1145 3130 1376 3170 ὁμολογούμενα

334 3171 486 3203 δεικνύναι
499 3171 531 3202 ἐν
551 3182 584 3202 τε
600 3174 664 3207 τοῖς
680 3171 821 3213 ἀριθμοῖς
837 3174 890 3204 καὶ
907 3178 973 3210 ταῖς
991 3176 1149 3231 ἁρμονίαις
1166 3177 1241 3217 πρὸς
1257 3177 1296 3207 τὰ
1321 3181 1375 3208 τοῦ

334 3219 466 3259 οὐρανοῦ
486 3218 571 3255 πάθη
600 3219 652 3249 καὶ
684 3219 759 3259 μέρη
783 3220 836 3250 και
867 3221 941 3261 πρὸς
968 3222 1022 3259 τὴν
1054 3222 1127 3259 ὅὶην
1149 3223 1375 3265 διακόσμησιν,

334 3269 433 3296 ταῦ-α
449 3265 631 3304 συνάγοντες
649 3265 847 3306 ἐφήρμοττον.
873 3267 938 3298 Κᾶν
949 3267 976 3299 ει
986 3278 1014 3299 τι
1033 3280 1093 3299 που
1111 3269 1263 3308 διέλειπε,
1281 3281 1377 3311 προσ-

336 3310 493 3352 εγλίχοντο
513 3315 569 3343 τοῦ
592 3312 807 3353 συνειρομένην
820 3315 926 3344 πᾶσαν
943 3314 1046 3351 αυτοῖς
1067 3315 1145 3346 εἶναι
1162 3316 1217 3354 τήν
1234 3327 1377 3356 magim-

335 3358 431 3388 τείαν.
446 3359 538 3398 Λέγω
558 3357 585 3389 δ’
603 3358 690 3398 οἷον,
704 3359 809 3397 ἐπειδὴ
832 3360 946 3391 τέλειον
968 3362 987 3398 ἡ
1004 3362 1093 3398 δεκὰς
1122 3362 1303 3395 εἶναιδοκεῖ
1325 3365 1375 3395 καὶ

337 3406 440 3433 πᾶσαν
451 3405 675 3445 περιειληφέναι
690 3405 745 3443 τήν
757 3408 818 3437 τῶν
834 3406 969 3446 ἀριθμῶν
987 3408 1099 3447 φύσιν,
1113 3409 1217 3440 καὶτὰ
1228 3410 1378 3451 φερόμενα

339 3450 419 3480 κατὰ
437 3451 489 3481 τὸν
509 3451 636 3491 οὐρανὸν
659 3452 733 3483 δέκα
752 3452 822 3493 μὲν
824 3452 902 3483 εἶναί
916 3465 1006 3492 φασιν
1020 3454 1139 3493 ,ὄντων
1167 3456 1199 3487 δε
1216 3457 1277 3487 ἐνει
1282 3468 1300 3487 α
1321 3458 1377 3496 υό-

338 3506 389 3526 νον
405 3499 465 3526 τῶν
477 3508 516 3535 φα
518 3509 547 3528 ν
552 3501 611 3538 ρῶν
625 3498 651 3529 δι
655 3499 675 3529 ὰ
687 3501 777 3530 τοῦτο
791 3499 919 3536 δεκάτην
930 3501 983 3537 τὴ]
997 3501 1031 3531 ἀι
1035 3500 1178 3541 τίχθονα
1170 3513 1237 3533 τὀι
1242 3506 1277 3534 ῦς
1284 3514 1334 3534 ιν.

1194 290 1260 330 ΒΕ
1288 290 1422 329 PYTH
1432 289 1600 329 AGORA

1433 377 1559 426 ignem
1598 376 1659 413 vel
1693 388 1830 426 aquam
1863 375 1922 413 vel
1955 388 2080 413 aerem
2110 372 2171 413 vel
2197 383 2350 413 terram.
2375 376 2474 415 llinc

1433 436 1548 474 simul
1570 435 1618 473 ad
1649 435 1852 481 universa,
1880 435 1996 473 simul
2032 434 2080 472 ad
2110 435 2266 484 singula
2294 450 2472 475 numeros

1433 494 1738 533 accommodavit
1758 507 1966 544 rerumque
1986 502 2136 531 naturae
2159 507 2303 545 corpus
2323 494 2469 533 harmo«

1433 554 1518 599 nia,
1539 554 1579 592 id
1589 562 1653 597 ,est
1668 566 1709 591 re
1727 553 2066 600 numerosissima,
2083 554 2276 591 contineri
2293 554 2474 595 credidit.

1433 612 1574 650 Statuit
1609 625 1703 650 vero
1737 625 1942 650 numerum
1983 625 2067 650 esse
2101 612 2258 650 initium
2292 622 2330 650 et
2365 614 2476 664 quasi

1435 671 1631 709 materiam
1667 670 1784 709 rebus
1820 669 2035 721 subjectam
2062 684 2274 722 earumque
2290 673 2397 712 velut
2421 675 2478 712 af-

1434 729 1618 767 sectiones
1646 738 1684 767 et
1703 728 1881 776 habitus,
1911 729 2038 780 ipsius
2066 739 2194 768 autem
2230 732 2383 770 numeri
2408 733 2479 771 ele·

1435 797 1564 826 menta
1580 801 1651 840 par
1668 797 1706 826 et
1722 788 1852 838 impar
1869 788 2109 839 nominavit,
2125 802 2292 840 quorum
2314 791 2477 830 alterum

1435 847 1604 895 finitum,
1622 847 1785 885 alterum
1806 847 2002 885 infinitum
2030 856 2143 886 esset.
2170 848 2219 885 At
2236 848 2424 887 unitatem
2443 858 2481 888 et

1436 906 1539 943 {initi
1573 915 1611 943 et
1640 905 1785 943 infiniti
1823 906 1904 944 vim
1934 905 2103 954 habere,
2137 906 2323 957 quoniam
2347 921 2419 959 par
2443 917 2482 948 et

1435 965 1563 1017 impar
1580 974 1704 1016 esset,
1727 967 1811 1005 sive
1828 966 2015 1017 quoniam
2030 968 2224 1004 *numeros
2249 976 2383 1006 omnes
2402 976 2478 1006 tam

1434 1039 1546 1077 pares
1562 1039 1677 1077 quam
1697 1026 1865 1077 impares
1880 1026 1913 1063 is
1938 1038 2124 1064 numerus
2143 1026 2478 1077 complecteretur.

1438 1084 1546 1122 Adde
1584 1085 1689 1135 quod
1723 1084 1940 1122 doctissimi
1979 1084 2137 1134 quidam
2163 1083 2341 1134 ejusdem
2371 1095 2483 1124 sectae

1435 1143 1612 1181 homines
1644 1143 1776 1181 decem
1810 1143 2098 1180 contrariarum
2133 1156 2265 1180 rerum
2302 1145 2482 1184 notiones

1434 1202 1573 1240 ordine
1595 1202 1806 1253 dispositas
1838 1210 2064 1240 cunctorum
2092 1202 2291 1253 principia
2310 1203 2483 1254 appella-

1436 1270 1541 1299 runt.
1564 1260 1662 1298 Sunt
1691 1270 1816 1299 autem
1845 1261 1918 1298 ista
1950 1260 2150 1311 principia
2179 1275 2187 1298 :
2216 1277 2231 1294 α
2269 1261 2422 1299 finitum
2445 1271 2483 1300 et

1434 1319 1655 1366 inlinitum,
1682 1319 1810 1370 impar
1834 1328 1872 1356 et
1899 1332 1984 1370 par,
2023 1332 2143 1356 unum
2170 1328 2208 1356 et
2230 1319 2363 1370 plura,
2385 1320 2483 1359 dex-

1435 1387 1536 1416 trum
1570 1386 1608 1415 et
1627 1378 1853 1428 sinistrum,
1878 1378 2136 1416 masculinum
2163 1386 2201 1415 et
2227 1378 2480 1427 femininum,

1434 1438 1637 1488 quiescens
1651 1447 1688 1475 et
1704 1447 1847 1475 motum
1861 1467 1871 1485 ,
1888 1446 2032 1476 rectum
2054 1446 2092 1476 et
2108 1440 2313 1477 incurvum
2323 1468 2334 1487 ,
2352 1440 2483 1478 lumen

1434 1510 1478 1534 ac
1499 1499 1688 1544 tenebrae,
1704 1497 1852 1535 bonum
1870 1506 1907 1535 et
1927 1497 2070 1535 malum
2084 1527 2094 1544 ‚
2115 1497 2346 1548 quadratum
2369 1498 2483 1537 deni·

1434 1568 1510 1606 que
1527 1556 1633 1606 quod
1653 1556 1893 1607 simpliciter-
1909 1556 1989 1593 dici
2007 1556 2105 1594 solet
2124 1565 2162 1594 et
2182 1555 2281 1594 illud
2300 1556 2406 1607 quod
2425 1566 2483 1596 est

1433 1615 1664 1665 quadratum
1697 1614 1925 1664 oblongum.
1961 1631 1977 1649 »
2017 1615 2130 1663 Quod
2164 1615 2360 1666 reliquum
2399 1625 2479 1664 est,

1433 1674 1676 1724 singulorum
1698 1687 1949 1712 numerorum
1975 1682 2143 1729 potestas
2161 1683 2238 1712 tam
2263 1674 2339 1712 late
2357 1683 2482 1726 patet,

1432 1741 1475 1770 ut
1492 1733 1662 1771 collectis
1686 1741 1862 1771 veterum
1881 1733 2115 1771 testimoniis
2135 1733 2417 1784 amplissimum
2434 1734 2482 1772 de

1431 1791 1500 1829 illa
1527 1792 1688 1830 materia
1714 1791 1896 1829 volumen
1916 1790 2114 1829 conscribi
2134 1800 2264 1842 queat.
2294 1791 2375 1831 Nos
2395 1807 2482 1844 quae

1434 1852 1603 1903 primum
1633 1852 1681 1890 de
1700 1851 1885 1902 monade,
1910 1864 2039 1888 rerum
2070 1851 2243 1900 origine,
2265 1851 2406 1890 deinde
2433 1852 2482 1890 de

1431 1910 1682 1961 sequentibus
1704 1910 1895 1958 numeris,
1925 1909 2079 1947 binario
2108 1917 2146 1947 et
2174 1909 2371 1957 ternario,
2400 1919 2480 1949 tum

1431 1969 1479 2007 de
1493 1970 1757 2020 quaternario,
1780 1969 1966 2020 perennis
1983 1977 2131 2006 naturae
2153 1969 2278 2017 fonte,
2295 1977 2483 2020 praeterea

1431 2028 1478 2066 de
1498 2028 1660 2080 heptade
1677 2030 1758 2066 sive
1777 2027 2017 2065 hebdomade
2036 2028 2192 2077 virgine
2209 2036 2247 2065 et
2263 2028 2399 2066 matris
2415 2041 2484 2066 ex-

1431 2095 1562 2138 perte,
1585 2087 1756 2137 denique
1776 2086 1823 2124 de
1843 2086 1985 2124 decade
2003 2085 2166 2124 definito
2185 2086 2338 2124 numeri
2357 2087 2480 2125 inter-

1431 2146 1534 2183 vallo
1554 2159 1577 2183 a
1607 2145 1941 2196 Pythagoreorum
1972 2144 2121 2182 familia
2154 2144 2333 2194 exposita
2369 2154 2480 2193 sunt,

1433 2203 1617 2255 persequi
1638 2203 1836 2254 scriptura
1852 2216 2181 2254 supervacaneum
2203 2211 2399 2254 putamus.

1486 2264 1674 2311 Archytas
1689 2262 1926 2312 Mnesagorae
1940 2261 2039 2309 sive,
2054 2270 2096 2300 ut
2113 2262 2369 2300 Aristoxenus
2382 2263 2482 2310 vult,

1432 2424 1601 2457 Φαίνονται
1625 2425 1663 2462 δὴ
1682 2425 1734 2455 καὶ
1761 2423 1845 2455 οὗτοι
1873 2423 1926 2455 τὸν
1950 2423 2077 2466 ἀριθμὸν
2094 2425 2268 2466 νομίζοντες
2281 2425 2382 2468 ἀρχὴν
2403 2426 2484 2459 εἶναι

1430 2471 1484 2502 καὶ
1499 2473 1540 2508 ὡς
1561 2471 1636 2508 ὕλην
1652 2474 1714 2507 τοῖς
1734 2470 1804 2502 οὖσι
1823 2471 1875 2501 καὶ
1895 2472 1937 2506 ὡς
1952 2471 2034 2508 πάθη
2052 2481 2086 2502 τε
2106 2472 2161 2503 καὶ
2181 2472 2271 2511 ἔξεις,
2287 2475 2343 2504 τοῦ
2359 2473 2392 2505 δὲ
2416 2472 2485 2515 ἀρι-

1432 2519 1510 2559 θμοῦ
1529 2521 1670 2558 στοιχεῖα
1692 2516 1728 2548 τό
1750 2527 1783 2548 τε
1808 2517 1912 2558 ἄρτιον
1933 2517 1986 2548 καὶ
2007 2518 2043 2549 τὸ
2065 2518 2226 2560 περιττόν,
2253 2519 2374 2551 τούτων
2391 2519 2424 2552 δὲ
2446 2520 2483 2552 τὸ

1432 2565 1486 2606 μὲν
1515 2565 1748 2607 πεπερασμένον
1771 2565 1805 2596 τὸ
1831 2565 1865 2596 δὲ
1894 2565 2043 2606 ἄπειρον,
2064 2565 2151 2622 ’ἠδ’
2177 2566 2208 2598 ἓν
2237 2566 2268 2603 ἐξ
2301 2567 2482 2609 ἀμφοτέρων

1432 2612 1511 2643 εἶναι
1532 2612 1653 2643 τούτων
1669 2611 1737 2652 (καὶ
1754 2611 1812 2653 γὰρ
1825 2611 1929 2653 ἄρτιον
1946 2611 2024 2643 εἶναι
2041 2623 2094 2643 και
2113 2611 2299 2654 περιττόν),
2314 2613 2368 2644 τὸν
2381 2611 2409 2644 δ’
2421 2613 2486 2655 ἀρι-

1433 2659 1509 2700 θμὸν
1525 2659 1560 2690 ἐκ
1583 2662 1638 2690 τοῦ
1656 2657 1743 2698 ἑνός,
1763 2657 1910 2699 ἀριθμοὺς
1937 2659 1988 2699 δέ,
2015 2659 2154 2699 καθάπερ
2179 2658 2316 2700 εἴρηται,
2333 2659 2386 2692 τὸν
2409 2660 2480 2692 ὅλον

1433 2706 1572 2748 οὐρανόν.
1582 2706 1707 2747 ‘'Eu-:pot
1719 2705 1751 2736 δὲ
1761 2708 1823 2737 τῶν
1832 2705 1935 2737 αὐτῶν
1947 2706 2065 2737 τούτων
2075 2706 2131 2743 τὰς
2145 2706 2243 2747 ἀρχὰς
2253 2707 2329 2738 δέκα
2341 2707 2484 2748 λέγουσιν

1433 2754 1511 2786 εἶναι
1524 2754 1579 2790 τὰς
1593 2753 1673 2785 κατὰ
1686 2752 1873 2793 συστοιχίαν
1891 2753 2056 2793 λεγομένας
2067 2777 2076 2793 ,
2089 2754 2183 2795 πέρας
2199 2754 2253 2784 καὶ
2269 2753 2396 2796 ἄπειρον
2405 2778 2415 2794 ,
2431 2765 2485 2786 πε·

1433 2801 1536 2841 ριττὸν
1554 2801 1606 2832 καὶ
1622 2799 1726 2842 ἄρτιον
1736 2822 1747 2840 ,
1762 2799 1794 2830 ἓν
1807 2800 1860 2830 καὶ
1873 2799 1988 2837 πλῆθος
2000 2823 2009 2840 ,
2024 2800 2120 2835 δεξιὸν
2130 2800 2184 2831 καὶ
2197 2799 2375 2842 ἀριστερόν,
2389 2800 2484 2842 ἆῤῥεν

1434 2848 1487 2879 καὶ
1507 2848 1600 2886 θῆλυ,
1615 2847 1747 2890 ἠρεμοῦν
1763 2847 1816 2877 καὶ
1829 2846 2030 2886 κινούμενον,
2049 2847 2120 2879 εὐθὺ
2133 2847 2186 2879 καὶ
2205 2847 2370 2889 καμπύλον
2381 2871 2391 2889 ,
2418 2851 2482 2888 φῶς

1433 2895 1486 2926 καὶ
1521 2894 1649 2935 σκότος,
1680 2893 1795 2933 ἀγαθὸν
1816 2894 1870 2925 καὶ
1893 2893 2009 2934 κακόν,
2029 2893 2221 2935 τετράγωνον
2251 2894 2305 2926 καὶ
2334 2894 2483 2937 ἑτερόμη·

1435 2954 1486 2978 κες
1493 2965 1568 2974 ......
1590 2944 1630 2974 Οἱ
1650 2942 1684 2974 δὲ
1698 2941 1902 2983 Πυθαγόρειοι
1921 2941 1975 2972 δύο
1999 2942 2052 2981 μὲν
2071 2941 2126 2978 τὰς
2146 2941 2245 2983 ἀρχὰς
2260 2941 2342 2974 κατὰ
2355 2942 2408 2974 τὸν
2425 2943 2484 2975 αὐ-

1434 2990 1486 3021 τὸν
1506 2990 1646 3032 εἰρήκασι
1664 2988 1777 3029 τρόπον
1791 3012 1799 3026 ,
1815 2991 1965 3020 τοσοῦτον
1979 2989 2011 3020 δὲ
2029 2990 2260 3030 προσεπέθεσαν
2271 3013 2281 3029 ,
2298 2989 2317 3021 ὃ
2335 2988 2390 3022 καὶ
2404 2989 2483 3022 ἴδιόν

1436 3036 1520 3068 ἐστιν
1538 3037 1642 3068 αὐτῶν
1654 3059 1662 3075 ,
1677 3035 1725 3067 ὅτι
1746 3035 1782 3066 τὸ
1798 3036 2030 3076 πεπερασμένον
2054 3036 2107 3066 καὶ
2130 3035 2167 3067 τὸ
2183 3035 2309 3076 ἄπειρον
2325 3036 2378 3067 καὶ
2399 3036 2436 3068 τὸ
2452 3037 2484 3068 ἓν

1435 3082 1494 3123 οὐχ
1510 3083 1614 3124 ἑτέρας
1632 3081 1716 3118 τινὰς
1732 3081 1879 3121 ᾠήθησαν
1896 3081 1973 3112 εἶναι
1997 3082 2124 3122 φύσεις,
2143 3081 2210 3113 οἷον
2223 3085 2285 3124 πῦρ
2309 3083 2330 3120 ἢ
2344 3085 2402 3122 γῆν
2416 3083 2436 3121 ἦ
2448 3093 2484 3118 ,τι

1435 3132 1573 3160 τοιοῦτον
1591 3129 1713 3169 ἕτερον,
1735 3127 1802 3159 ἀλλ’
1819 3127 1897 3159 αὐτὸ
1917 3128 1954 3159 τὸ
1971 3127 2096 3170 ἄπειρον
2113 3130 2166 3159 καὶ
2183 3128 2265 3172 αὐτὸΥ
2281 3128 2358 3160 τὸὲν
2375 3129 2484 3161 οὐσίαν

1436 3176 1513 3208 εἶναι
1535 3177 1653 3208 τούτων
1684 3175 1727 3206 ὢν
1746 3177 2007 3215 κατηγοροῦνται,
2030 3175 2077 3206 διὸ
2099 3175 2151 3206 καὶ
2174 3174 2303 3216 ἀριθμὸν
2323 3174 2401 3206 εἶναι
2427 3176 2484 3214 τήν

1437 3222 1545 3253 οὐσίαν
1568 3221 1728 3254 ἁπάντων.
1758 3222 1875 3252 Sextus
1902 3220 2080 3260 Empiricus
2102 3221 2175 3252 adv.
2205 3221 2305 3253 Math.
2337 3229 2369 3262 p.
2393 3223 2451 3254 104
2472 3237 2481 3254 ι

1438 3269 1644 3309 Πυθαγορικοὶ
1662 3268 1796 3309 μεγάλην
1813 3266 2003 3306 ἀπονέμουσι
2020 3267 2150 3307 δύναμιν
2166 3270 2231 3304 τοῖς
2244 3267 2398 3309 ἀριθμοῖς·
2415 3268 2483 3300 ὅθεν

1436 3316 1489 3346 καὶ
1507 3315 1555 3347 ἀεὶ
1574 3316 1750 3355 ἐπεφώνουν
1762 3339 1771 3354 ,
1789 3313 1909 3356 ἀριθμῷ
1926 3314 1960 3345 δέ
1976 3325 2009 3345 τε
2031 3313 2121 3346 πάντ’
2139 3314 2299 3353 ἐπέοικεν,
2317 3315 2481 3356 ὀμνύοντες

1437 3361 1472 3392 οὐ
1488 3362 1581 3402 μόνον
1598 3362 1650 3393 τὸν
1668 3361 1816 3403 ἀριθμόν,
1833 3360 1911 3392 ἀλλὰ
1926 3362 1978 3392 καὶ
1998 3361 2051 3392 τὸν
2068 3361 2274 3397 ὑποδείξαντα
2290 3362 2396 3399 αὐτοῖς
2409 3366 2482 3394 τοῦ·

1436 3420 1488 3440 τον
1505 3410 1710 3451 Πυθαγόραν,
1737 3411 1778 3444 ὡς
1807 3408 1898 3448 θεόν,
1931 3408 1983 3440 διὰ
2008 3410 2064 3447 τήν
2088 3408 2119 3440 ἐν
2143 3409 2327 3451 ἀριθμητικῇ
2353 3410 2482 3451 δύναμιν

1437 3457 1574 3494 λέγοντες
1588 3468 1595 3474 ·
1615 3458 1662 3488 Οὐ
1691 3456 1735 3496 μὰ
1751 3456 1803 3487 τὸν
1823 3457 1957 3497 ἁμετέρᾳ
1985 3457 2072 3497 ψυχᾷ
2088 3456 2268 3498 παραδόντα
2294 3457 2459 3498 τετρακτύν
2472 3482 2481 3497 ,

1439 3505 1541 3544 παγὰν
1571 3504 1681 3536 ἀενάου
1703 3505 1810 3544 φύσιος
1840 3502 1987 3544 ῥιζώματ*
2004 3504 2138 3544 ἔχουσαν
2166 3504 2233 3535 κτλ.
2267 3504 2314 3536 Cf.
2347 3513 2378 3545 p.
2406 3508 2459 3537 154
2469 3517 2481 3546 5
