2606 3828
0 3417 11 3463 nvn

224 226 298 260 2⁴8
932 208 1190 252 CHALCIDII
1219 203 1632 247 COMMENTARIUS

221 313 411 340 conversum
439 305 507 345 est,
528 302 644 336 desinit
676 309 745 335 esse
768 303 859 332 terra.
903 299 967 330 Nec
986 303 1060 327 vero
1086 294 1118 326 in
1144 301 1247 334 aqua;

221 365 299 398 dum
337 364 421 396 enim
440 364 580 396 mutatur
606 361 731 399 adbuc,
751 360 783 391 et
798 355 1012 394 convertitur,
1035 360 1137 393 neque
1159 351 1250 392 plene

222 416 392 462 mutatum,
413 429 515 462 neque
532 421 664 462 perfecte
683 423 870 450 conversum
889 415 953 452 est,
973 411 1084 451 utiam
1107 410 1139 442 in
1155 417 1250 450 aqum

224 481 388 514 materiam
414 479 567 520 migrarit.
598 477 748 517 Superest
769 474 874 514 igitur,
894 475 927 503 ut
942 470 983 502 sit
1004 469 1126 510 uspiam
1141 468 1249 509 frigus.

227 541 293 572 Nec
306 539 391 571 enim
404 539 508 579 potest
524 545 593 568 esse
613 535 679 566 sinc
692 542 729 565 co
743 557 751 571 ‚
768 533 798 563 in
812 539 875 570 quo
891 530 956 560 est:
978 528 1038 559 lioc
1061 535 1154 568 porro
1173 524 1249 558 nibil

223 603 291 627 esse
306 594 391 626 aliud
409 601 504 633 quam
525 591 659 628 silvam,
682 587 760 619 ratio
778 586 920 617 testatur.

265 653 427 686 cccxvl.
447 653 584 683 Rursum
599 647 747 685 dicimus,
763 652 834 675 aera
847 642 925 673 duas
938 640 1106 682 qualitates
1122 638 1252 678 trabere,

224 710 381 748 calorem,
402 709 433 740 et
453 707 628 739 humorem.
671 701 819 733 Constitit
841 699 968 739 autem,
989 705 1104 738 aquam
1124 704 1252 736 quoque

225 770 256 801 in
272 768 396 800 (intubus
407 764 606 807 qualitatibus
619 760 765 799 inveniri,
781 757 936 797 humoris,
953 759 985 788 et
999 756 1133 796 frigoris.
1153 755 1254 787 Erunt

228 836 304 867 ergo
332 828 364 858 et
389 825 500 856 borum
539 820 683 862 propria,
710 826 782 858 quae
806 816 951 848 videntur
972 814 1144 854 contraria,
1163 821 1255 853 aqnoe

226 885 353 926 quidem
380 883 474 921 frigus
487 906 497 919 ,
515 879 594 911 aeris
614 886 689 909 vero
712 876 817 916 calor-3
837 874 892 906 sed
911 872 1092 905 communis
1119 871 1169 903 liis
1196 871 1248 903 lin-

227 953 306 976 mor.
350 942 430 973 Cum
447 939 551 979 igitur,
569 936 706 968 resoluta
723 935 754 966 in
769 941 901 974 vapores
910 940 1004 973 aqua,
1021 931 1096 970 aeri,
1114 929 1198 971 quod
1215 938 1253 962 ex

226 1010 307 1042 aqua
334 1005 519 1031 conversum
542 994 651 1030 tluxit,
681 992 832 1033 quaeritur
858 999 895 1022 ac
922 989 1125 1028 vindicatur,
1158 990 1254 1028 tunc,

226 1061 348 1102 opinor,
363 1058 457 1098 frigus
474 1055 600 1096 quidem
626 1053 666 1085 ad
685 1052 824 1084 calorem
842 1049 1010 1082 transitum
1032 1047 1106 1080 tacit
1119 1058 1128 1087 ;
1142 1047 1257 1078 humor

226 1127 319 1160 porro
337 1114 514 1148 eommunis
540 1114 665 1150 manet,
690 1119 794 1151 neque
818 1109 851 1141 in
875 1108 975 1148 aeris,
994 1115 1099 1147 neque
1117 1106 1148 1137 in
1166 1113 1257 1145 aquoe

226 1176 354 1218 gremio.
397 1177 475 1206 Esse
499 1176 604 1204 tamen
623 1179 699 1203 eum
716 1169 839 1209 uspiam
861 1175 991 1200 neeesse
1009 1168 1070 1198 est.
1114 1165 1182 1197 Erit
1202 1164 1258 1205 igi-

225 1238 277 1268 tur
292 1235 323 1267 in
340 1234 431 1266 silva.
476 1231 657 1270 Eodemque
670 1227 765 1260 modo
784 1227 864 1267 ignis
881 1226 955 1258 duae
974 1225 1049 1257 sunt.
1067 1223 1255 1264 qualitates,

224 1293 348 1326 siccitas
372 1293 403 1324 et
438 1290 533 1322 calor.
579 1288 666 1321 Aeris
696 1295 792 1326 vero,
819 1285 970 1325 utsupra
995 1282 1259 1323 comprehensum

225 1355 294 1393 cst,
313 1350 397 1383 calor
418 1351 449 1381 et
466 1349 591 1380 humor.
648 1348 730 1391 Ergo
761 1345 859 1377 etiam
885 1345 917 1376 et
943 1343 1058 1374 horum
1081 1341 1260 1374 communis

225 1410 359 1452 qualitas
372 1409 404 1440 in
424 1407 538 1439 calore.
583 1404 670 1446 Ignis
690 1405 766 1436 item
783 1402 910 1443 propria
930 1401 1075 1441 siccitas,
1097 1401 1179 1433 aeris
1199 1399 1259 1431 ttu-

226 1477 307 1501 mor.
350 1467 453 1507 Ignito
472 1465 567 1505 igitur
582 1472 664 1501 aere,
685 1464 716 1494 et
727 1462 927 1503 aliquatenus
943 1467 1101 1492 converso
1118 1458 1149 1490 in
1163 1459 1259 1490 natu-

226 1535 299 1560 ram·
314 1526 408 1567 ignis,
426 1525 538 1556 liumor
555 1522 681 1563 quidem
701 1521 741 1552 ad
767 1519 942 1551 siccitatem
968 1518 1042 1550 tacit
1066 1517 1236 1549 transitum
1250 1540 1259 1555 ‚

227 1586 313 1618 calor
329 1585 448 1622 autem,
472 1580 648 1614 communis
665 1578 812 1620 qualitas,
830 1586 935 1618 neque
950 1577 981 1608 in
996 1577 1086 1618 igne,
1103 1584 1209 1616 neque
1227 1575 1259 1608 in

227 1652 299 1677 aere
318 1642 474 1675 residebit.
518 1642 583 1673 Nec
610 1647 685 1670 vero
708 1645 867 1677 nusquam
886 1635 958 1668 erit.
1004 1634 1146 1667 Manebit
1167 1634 1260 1674 igilur

228 1703 261 1735 iu
279 1702 374 1736 silva.
422 1702 468 1732 Ex
486 1707 549 1740 quo
570 1697 768 1739 perspicuum
786 1696 852 1734 est,
866 1693 952 1735 quod
973 1693 1006 1725 in
1020 1693 1074 1725 illa
1091 1701 1262 1733 corporum

229 1762 341 1793 mutua
371 1757 601 1801 permutatione
617 1755 776 1787 invenitur
792 1754 871 1786 silva
892 1741 1122 1792 antiquissima,
1136 1754 1168 1783 et
1180 1751 1264 1792 prin—

230 1819 339 1860 cipalis
366 1816 521 1858 subjectio
547 1828 555 1848 ε
575 1814 705 1856 perinde
729 1816 765 1845 ut
780 1821 852 1845 cera
874 1811 1001 1852 mollis,
1018 1811 1052 1842 in
1078 1818 1142 1851 qua
1160 1809 1265 1850 impri-

230 1878 363 1911 muntur
378 1875 556 1916 signacula,
572 1876 627 1906 aut
640 1881 749 1905 eorum
760 1896 770 1912 ,
785 1880 858 1913 quae
871 1871 1074 1912 generantur,
1093 1877 1265 1902 commune

229 1936 371 1969 omnium
388 1933 638 1975 receptaculum.

271 1994 453 2027 CCCXVII.
471 1992 595 2029 Quibus
612 1991 656 2023 ita
671 1990 833 2029 decursiS,
860 1988 1004 2030 sequitur
1016 1990 1053 2020 ut
1065 2013 1073 2028 ,
1090 1995 1132 2019 an
1151 1994 1267 2027 corpus

229 2053 310 2086 silva
325 2052 375 2091 sit,
388 2050 635 2083 consideremus.
678 2051 788 2089 Neque
797 2056 916 2089 corpus
927 2055 1031 2088 neque
1044 2047 1266 2086 incorporeum

231 2110 400 2152 quiddam,
424 2117 517 2150 posse
542 2108 604 2140 dici
634 2107 818 2148 simpliciter
849 2108 946 2148 puto;
975 2105 1031 2138 sed
1058 2108 1121 2137 tam
1152 2112 1266 2144 corpus

231 2179 327 2212 qnam
354 2171 594 2211 incorporeum,
620 2167 843 2210 possibilitate.
888 2166 1016 2207 Quippe
1041 2164 1127 2207 quod
1143 2164 1267 2206 proprie

232 2230 349 2263 dicitur
369 2237 503 2270 corpus,
517 2237 557 2260 ex
572 2227 653 2259 silva
678 2227 813 2266 constat,
827 2227 859 2258 et
876 2225 1039 2267 qualitate.
1063 2224 1147 2260 Silva
1161 2225 1267 2256 autem

233 2298 432 2332 nequaquam
457 2298 494 2327 ex
524 2288 603 2320 silva
628 2288 765 2327 constat,
793 2288 825 2319 et
845 2286 996 2327 qualitate
1018 2294 1027 2314 ε
1047 2285 1178 2317 minime
1194 2293 1268 2324 ergo

233 2358 349 2391 corpus
361 2349 419 2381 est.
463 2346 596 2385 Deinde,
613 2345 739 2378 nullum
766 2352 886 2384 corpus
906 2344 974 2375 sine
993 2342 1146 2384 qualitate
1162 2351 1170 2373 ε
1187 2341 1267 2389 silva

232 2410 339 2441 autem
356 2416 410 2449 per
430 2415 465 2439 se
482 2406 548 2438 sine
561 2405 712 2446 qualitate
733 2416 741 2437 ι
759 2412 823 2436 non
842 2403 937 2443 igitur
949 2410 1068 2443 corpus
1082 2403 1145 2436 est.
1160 2400 1268 2438 Quid?

233 2467 317 2508 quod
330 2474 423 2498 omne
441 2473 555 2506 corpus
578 2463 674 2495 babet
694 2462 837 2503 liguram,
852 2463 884 2494 et
904 2461 1004 2502 sytvae
1018 2461 1109 2501 Juxta
1122 2463 1268 2492 naturam

233 2533 322 2557 suam
340 2522 425 2555 nulla
442 2521 543 2562 figura
567 2521 634 2553 est?
663 2528 727 2551 non
750 2527 823 2558 ergo
846 2527 972 2559 corpus.
1018 2517 1156 2557 Deinde,
1172 2525 1268 2549 omne

234 2590 348 2623 corpus
367 2580 487 2612 finitum
500 2588 538 2611 ao
556 2578 802 2610 determinatum
818 2578 865 2609 est
880 2589 888 2609 :
913 2576 994 2609 silva
1010 2577 1116 2608 autem
1133 2575 1268 2615 infinita,

235 2642 266 2673 et
284 2640 413 2671 minime
426 2637 646 2675 determinata,
665 2645 727 2668 non
740 2645 813 2676 ergo
825 2644 951 2676 corpus.
967 2636 1046 2667 ltem
1061 2643 1158 2667 omne
1171 2642 1271 2674 genus

236 2698 375 2738 corporis
385 2696 444 2728 snb
459 2695 665 2736 categoricam
679 2694 829 2734 redigitur
842 2694 1098 2735 appellationem.
1129 2693 1271 2725 Dicimus

237 2757 320 2789 enim
336 2754 477 2796 corporis
489 2754 685 2793 essentiam,
701 2753 810 2794 utpote
828 2752 912 2793 quod
927 2751 1059 2784 diversis
1075 2751 1272 2793 temporibus

238 2813 410 2846 contrarias
422 2811 576 2858 sustineat
589 2810 762 2851 passiones,
777 2811 809 2842 et
823 2810 854 2841 in
865 2819 928 2850 quo
941 2810 1076 2843 alterum
1087 2819 1127 2844 ex
1143 2809 1272 2842 duobus

238 2871 404 2905 contrariis
421 2869 601 2902 inveniatur
617 2877 746 2900 necesse
761 2869 820 2900 est.
834 2867 922 2900 tdem
938 2868 998 2900 lioc
1016 2868 1152 2900 dicimus
1165 2877 1274 2910 quart-

242 2931 393 2968 titatem,
406 2936 481 2960 cum
498 2928 547 2960 est
561 2926 736 2968 perfectum
750 2926 964 2966 longitudinis,
975 2926 1162 2967 latitudinis,
1171 2927 1274 2960 solidi-

238 2988 378 3028 tatisque
391 2985 566 3018 consortio.
581 2985 792 3017 Nihilominus
806 2993 922 3025 corpus
934 2985 1036 3026 quale
1048 3009 1057 3024 ,
1071 2988 1102 3018 et
1121 2986 1274 3026 qualitate

239 3045 423 3088 praeditum,
436 3051 670 3084 nuncupamus.
684 3042 775 3075 Idem
793 3042 853 3074 hoc
865 3042 904 3074 ad
923 3043 1007 3074 aliud
1018 3052 1132 3083 corpus
1144 3053 1274 3086 compa-

239 3105 346 3136 rantes
361 3103 464 3143 majus
482 3110 552 3134 esse
567 3101 790 3141 dicimus‚aut
810 3101 930 3142 minus,
950 3102 997 3134 vet
1016 3103 1156 3143 aequate,
1179 3113 1274 3144 quam

241 3161 512 3203 comparationem
525 3160 629 3193 Graeci
646 3163 761 3192 vocant
775 3160 849 3202 πρός
865 3171 906 3192 τι.
951 3161 1076 3202 Quippe
1088 3162 1191 3202 majtts
1207 3164 1277 3196 sine

241 3220 478 3261 comparatione
499 3218 631 3251 minoris
643 3242 652 3259 ,
667 3219 699 3251 et
716 3218 838 3263 aequale
856 3218 925 3250 sine
944 3220 1181 3260 comparatione
1197 3221 1275 3254 alte-

243 3281 310 3314 rius
324 3279 477 3322 oequalis,
492 3280 624 3320 intelligi
644 3288 709 3311 non
728 3280 845 3320 potest.
878 3280 1102 3323 caeteramque
1118 3281 1277 3322 signitica-

193 3333 198 3339 ”
244 3340 365 3373 tionem
388 3339 428 3372 de
443 3338 607 3380 categoriis
623 3339 821 3371 mutuamur.
861 3338 902 3370 At
920 3337 1006 3370 enim
1029 3337 1120 3370 silvae
1144 3338 1279 3371 detrahi-

246 3412 319 3435 mus
342 3403 410 3434 liaec
423 3401 551 3441 omnia,
571 3399 702 3440 quando
721 3394 901 3439 passionem
924 3407 1054 3440 quoque
1074 3399 1191 3442 ipsam,
1206 3411 1279 3444 qnae

1309 292 1437 335 propria
1461 291 1530 332 eius
1551 290 1687 330 videtur,
1709 288 1898 329 adimimus,
1917 288 1989 322 ideo
2012 288 2100 330 quod
2124 296 2288 331 nunquam
2303 296 2344 322 ex

1311 350 1436 392 propria
1460 349 1641 383 conditione
1657 348 1834 387 desciscat,
1848 347 1902 379 sed
1919 346 1990 380 altis
2001 369 2012 383 ‚
2027 346 2060 380 ld
2076 347 2126 381 est
2141 347 2343 389 corporibus.

1310 409 1393 442 intra
1405 417 1474 442 eam
1483 407 1730 450 perpetientibus
1741 430 1750 447 ,
1765 407 1818 439 illa
1830 415 1965 439 consors
1977 406 2188 448 perpessionis
2207 407 2347 448 putetur.

1312 470 1456 511 Denique
1481 469 1585 511 passio
1610 466 1768 509 eJusmodi
1797 466 1865 506 est,
1884 468 1921 498 ut
1942 466 2014 507 ipsa
2044 466 2175 508 quidem
2204 466 2237 499 in
2266 465 2346 499 nitri!

1311 528 1398 561 aliud
1419 528 1649 567 convertatur3
1676 525 1732 558 sed
1760 524 1836 565 quia
1861 524 1974 566 recipit
1995 533 2055 564 ea,
2074 533 2149 566 qum
2172 525 2351 566 mutantur,

1312 587 1378 628 pati
1406 586 1524 627 aliquid
1552 586 1693 626 putatur.
1738 584 1885 626 Denique
1915 585 1952 616 ut
1983 584 2093 624 Deus,
2120 583 2176 624 qui
2202 582 2352 625 primitus

1313 646 1472 686 operatur,
1489 653 1526 676 ao
1550 644 1636 684 tacit,
1654 652 1757 684 neque
1776 651 1875 684 genus
1901 643 1966 683 est,
1994 650 2100 683 neque
2127 641 2188 674 ulli
2212 641 2354 682 subjacet

1314 704 1438 744 generi,
1457 704 1503 735 sic
1526 703 1644 743 etiam,
1671 701 1758 743 quod
1781 701 1929 743 primitus
1944 701 2087 742 patitur,
2103 699 2136 733 id
2154 703 2229 741 est,
2255 699 2353 741 stiva,
2376 730 2380 734 .

1314 763 1403 802 origo
1419 762 1530 802 altera,
1549 770 1654 802 neque
1673 769 1773 801 genus
1791 761 1861 800 est,
1876 767 1982 801 neque
1999 759 2054 792 ulli
2075 758 2218 800 subjacet
2233 758 2355 800 generi.

1315 824 1519 861 Quapropter
1534 829 1608 852 cum
1626 820 1668 852 sit
1685 819 1787 860 origo,
1807 818 1885 851 nihil
1901 818 2066 860 antiquius
2087 826 2137 859 ea,
2157 818 2264 851 mente
2282 825 2357 851 con·

1316 879 1497 920 cipiendum
1520 879 1578 911 est.
1603 881 1684 917 Quae
1708 886 1782 910 cum
1795 877 1839 910 ita
1861 877 1942 918 sint,
1961 885 2079 918 corpus
2108 876 2259 917 sentitur,
2274 875 2356 920 silya

1316 937 1442 970 sensilis
1460 946 1525 969 non
1542 939 1604 969 est.
1647 936 1735 969 Silva
1750 936 1846 977 igitur
1865 944 1931 969 non
1947 935 2008 968 erit
2021 943 2148 976 corpus.
2170 934 2356 976 Eodemque

1317 995 1412 1028 modo
1440 996 1521 1028 silva
1547 995 1683 1036 simplex
1710 1003 1761 1027 res
1781 996 1878 1027 estet
1898 994 2123 1035 incomposita,
2149 1001 2269 1035 corpus
2299 1001 2357 1025 ne·
2386 981 2390 984 ’

1317 1063 1379 1096 que
1399 1055 1536 1096 simplex
1564 1056 1597 1087 et
1616 1053 1862 1094 compositum:
1889 1053 2020 1086 minime
2045 1052 2143 1094 igitur
2170 1051 2254 1084 silva
2285 1059 2358 1084 cor-
2407 1085 2410 1087 Α

1318 1122 1426 1155 porea.

1361 1173 1561 1205 cccxvllt.
1582 1172 1661 1205 Dico
1679 1171 1814 1204 eandem
1829 1171 1912 1204 banc
1923 1179 1965 1204 ne
1978 1170 2198 1212 incorpoream
2212 1168 2361 1212 quidem,

1319 1231 1395 1274 quia
1409 1231 1565 1273 quidquid
1586 1232 1807 1272 incorporeum
1823 1231 1892 1271 est,
1911 1230 2032 1263 nullam
2050 1229 2266 1263 conditionem
2286 1238 2362 1263 cor-

1321 1290 1407 1332 poris
1429 1290 1546 1330 patitur
1567 1302 1575 1322 ι
1592 1298 1652 1322 nec
1667 1298 1784 1331 eorpus
1802 1296 1942 1331 unquam
1962 1288 2030 1321 tisri
2056 1289 2175 1329 potest.
2218 1289 2262 1321 At
2286 1295 2364 1321 vero

1321 1351 1401 1383 silva
1419 1350 1554 1382 formata
1570 1349 1793 1391 qualitatibus,
1808 1347 2039 1389 quantitatibus
2059 1347 2167 1388 etiam,
2179 1346 2362 1388 figurisque,

1298 1431 1301 1437 ι
1321 1411 1353 1442 et
1377 1409 1464 1441 omni
1479 1408 1578 1441 'cultu
1604 1407 1835 1440 convenustata
1858 1415 1973 1447 corpus
1999 1405 2202 1446 mundusque
2220 1405 2303 1438 tacta
2317 1406 2366 1438 est

1318 1468 1436 1500 effectu
1453 1466 1574 1508 opificis
1589 1467 1684 1507 atque
1700 1465 1882 1506 operatione
1901 1477 1910 1497 ι
1929 1465 2023 1505 igitur
2036 1473 2076 1497 ne
2094 1464 2278 1505 incorporea
2290 1463 2363 1504 qui·

1323 1525 1408 1556 dem.
1451 1523 1573 1556 Deinde
1586 1547 1596 1564 ,
1612 1523 1639 1555 si
1658 1531 1775 1564 corpus
1791 1524 1860 1563 est,
1879 1522 1995 1555 sensile
2022 1525 2082 1554 est.
2125 1523 2166 1554 At
2180 1519 2267 1553 enim
2290 1529 2365 1553 sen-

1323 1583 1379 1615 sile
1395 1591 1460 1614 non
1479 1583 1547 1622 cst;
1564 1590 1605 1614 ne
1622 1590 1740 1623 corpus
1759 1580 1886 1622 quidem
1906 1580 2002 1621 igitur
2019 1580 2090 1613 erit.
2134 1579 2167 1612 Si
2189 1581 2297 1611 antem
2315 1578 2366 1611 in-

1324 1650 1513 1682 corporeum
1534 1639 1687 1681 quiddam
1708 1639 1768 1672 erit
1793 1639 1873 1672 silva
1886 1663 1896 1679 ‚
1917 1637 2121 1679 intelligibilis
2154 1637 2226 1679 ejus
2253 1640 2367 1670 natura

1324 1702 1383 1732 cst.
1422 1700 1470 1731 ,Αἱ
1508 1698 1712 1739 intelligibilis
1742 1706 1807 1730 non
1837 1698 1906 1736 est,
1938 1705 1978 1729 ne
2008 1697 2196 1737 incorporea
2223 1695 2366 1738 quidem.

1324 1759 1422 1791 Recte
1438 1757 1533 1799 igitur
1548 1756 1733 1797 simpliciter
1751 1764 1822 1788 eam
1849 1756 1882 1788 et
1897 1764 1937 1788 ex
1956 1756 2072 1787 natura
2091 1763 2168 1794 sua,
2180 1762 2284 1796 neque
2297 1762 2368 1786 cor-

1326 1826 1470 1859 poream,
1489 1825 1594 1857 neque
1614 1802 1836 1856 incorpoream
1857 1813 2138 1854 cognominamus,
2154 1813 2210 1846 sed
2231 1812 2369 1854 possint-

1326 1876 1412 1908 litate
1433 1883 1566 1916 corpus,
1583 1875 1614 1907 et
1629 1874 1706 1906 item
1726 1873 1934 1914 possibilitate
1947 1881 2012 1905 non
2025 1880 2152 1913 corpus.

1367 1935 1535 1966 CCCXIX.
1561 1934 1633 1965 Jam
1657 1940 1732 1964 cum
1751 1931 1881 1971 omnia,
1900 1939 1975 1972 quae
2003 1930 2204 1972 propositum
2226 1932 2298 1964 erat
2321 1939 2372 1965 re·

1327 2001 1466 2033 censere,
1488 1990 1660 2033 perspicaci
1679 1989 1935 2023 consideratione
1956 1989 2092 2022 decursa
2111 1989 2174 2021 sint
2184 1989 2280 2030 juxta
2301 1988 2372 2022 Pla-

1329 2052 1425 2084 tonici
1451 2050 1609 2092 dogmatis
1638 2050 1862 2082 auctoritatem
1885 2059 1894 2082 :
1919 2052 2063 2090 superest
2089 2048 2228 2083 reditum
2246 2049 2316 2083 tieri
2331 2049 2371 2082 ad
2415 2086 2418 2089 ,

1328 2110 1481 2142 orationis
1501 2109 1602 2150 ipsius
1620 2108 1888 2150 explanationem.
1932 2108 1984 2140 Ait
1999 2116 2075 2148 ergo
2094 2120 2104 2141 ι

1369 2169 1446 2202 Τίνα
1458 2167 1512 2200 οὖν
1526 2168 1598 2209 ἔχον
1614 2167 1741 2209 δύναμιν
1757 2167 1810 2199 καὶ
1826 2166 1916 2208 φύσιν
1929 2166 2004 2200 αὐτὸ
2020 2167 2226 2208 &nahasson

1375 2232 1486 2268 Quam
1507 2230 1616 2270 initur
1640 2227 1714 2268 ejus
1737 2229 1824 2264 vim,
1848 2235 1995 2268 quamve
2020 2235 2091 2259 esse
2115 2229 2283 2260 naturam
2308 2235 2373 2269 pu—

1330 2289 1507 2323 landam?

1370 2348 1443 2380 Vim
1454 2355 1542 2380 nunc
1551 2346 1687 2388 appellat
1698 2345 1969 2387 opportunitatem
1985 2344 2076 2377 silvae
2086 2344 2196 2377 vultus
2205 2335 2371 2378 induendi.
2406 2355 2410 2359 ·

1330 2407 1455 2440 Etenim
1483 2407 1550 2438 tam
1579 2405 1705 2444 vuitus,
1728 2413 1825 2446 quam
1861 2403 2029 2445 qualitates
2059 2404 2181 2443 varias,
2213 2412 2274 2436 nec
2306 2412 2373 2437 non

1329 2466 1526 2508 quantitates
1545 2464 1660 2504 babet,
1677 2471 1743 2496 non
1767 2463 1905 2503 effectu,
1919 2462 1975 2494 sed
2006 2461 2234 2503 possibilitate,
2253 2461 2296 2495 ob
2319 2463 2371 2495 in·
2409 2496 2411 2500 ,
2474 2454 2485 2462 ’

1331 2526 1531 2558 constantem
1547 2532 1658 2556 eorum
1670 2524 1816 2555 mutuam
1835 2530 1874 2554 ex
1885 2521 1948 2553 alio
1966 2520 1998 2552 in
2014 2520 2100 2552 aliud
2119 2519 2372 2554 conversionem.

1330 2586 1504 2618 Naturam
1534 2591 1612 2615 vero
1653 2580 1864 2613 substantiam
1891 2579 1960 2620 ejus
1990 2578 2155 2619 significat.
2213 2579 2376 2621 Rectaque

1331 2643 1427 2676 etiam
1456 2640 1667 2683 putandum.
1723 2641 1794 2673 Non
1825 2638 1909 2671 enim
1939 2646 2114 2679 possumus
2154 2639 2244 2670 certa
2269 2637 2377 2680 aliqua

1333 2700 1636 2743 comprehensione,
1658 2698 1709 2731 vel
1739 2707 1779 2730 ex
1807 2706 1905 2730 sensu
1935 2693 2081 2737 cognita,
2112 2695 2162 2728 vel
2184 2704 2227 2728 ex
2254 2696 2379 2730 ratione

1332 2758 1505 2799 intellecta,
1516 2760 1556 2792 de
1571 2759 1705 2791 veritate
1720 2757 1788 2798 ejus
1803 2764 2009 2798 praesumere.
2027 2755 2152 2796 Quippe
2164 2756 2202 2788 ut
2217 2756 2378 2788 somnium

1333 2831 1397 2863 quo
1419 2820 1519 2861 magis
1537 2819 1734 2852 contrectare
1753 2816 1920 2858 cupimus,
1939 2815 2000 2847 hoc
2016 2815 2191 2856 impensius
2207 2815 2312 2856 imago
2330 2815 2375 2848 et·-

1335 2879 1426 2919 rugit.
2334 2860 2340 2867 ’

1375 2937 1487 2974 Πάσης
1503 2937 1591 2977 οἶμαι
1606 2935 1756 2976 γενέσεως
1771 2933 1928 2975 ὑποδοχὴν
1946 2933 2022 2965 αὐτὸ
2041 2932 2106 2964 οἷον
2123 2932 2258 2971 τιθήνην.

1380 2998 1518 3037 opinor,
1532 2994 1647 3037 inquit,
1658 2995 1814 3027 omnium
1823 3001 1900 3034 quac
1914 2994 2107 3033 qiqnuntur
2120 2990 2378 3033 receptaculum
2404 3022 2409 3024 ,

1337 3057 1387 3088 est
1404 3057 1437 3087 et
1451 3056 1555 3096 quasi
1571 3053 1734 3096 quaedam
1746 3051 1938 3085 nutricula.

1378 3114 1511 3152 Omnia,
1525 3122 1601 3154 quae
1619 3112 1806 3154 gignuntur,
1821 3112 1854 3143 et
1877 3119 1918 3143 ex
1939 3109 2046 3151 aliquo
2069 3110 2212 3150 tempore
2237 3096 2302 3140 sint
2322 3116 2379 3141 ne-

1337 3181 1426 3204 cesse
1456 3173 1515 3205 est.
1558 3174 1641 3205 Sunt
1669 3171 1763 3213 igitur
1791 3168 1939 3202 mortalia
1965 3168 2217 3208 immortalium,
2243 3174 2381 3207 vereque

1338 3231 1573 3271 exsistentium,
1585 3231 1764 3271 simulacra,
1775 3231 1808 3262 et
1820 3228 1983 3269 imagines.
2008 3227 2175 3267 Accipiunt
2188 3226 2295 3258 autem
2307 3224 2380 3256 sub·

1338 3290 1486 3322 stantiam
1504 3290 1538 3322 in
1561 3290 1655 3329 silva,
1684 3292 1915 3330 proptereaque
1933 3286 2051 3328 etipsa
2073 3284 2136 3316 iilic
2161 3283 2331 3325 apparent,
2348 3284 2381 3315 et

1339 3346 1427 3378 silvae
1445 3347 1540 3380 nobis
1566 3346 1715 3388 injiciunt
1732 3345 2002 3379 recordationem.
2046 3346 2150 3382 Quam
2171 3341 2302 3383 quidem
2328 3349 2379 3373 re·

1342 3406 1561 3446 ceptacnlum
1587 3415 1699 3438 eorum
1719 3405 1879 3447 appellat,
1898 3403 1974 3443 quia
1991 3412 2055 3436 non
2075 3411 2116 3434 ex
2142 3400 2263 3442 gremio
2292 3399 2380 3432 silvae
