2638 3840
325 258 405 292 ποι
496 223 501 228 ’
1027 250 1298 292 anLcmn
1327 251 1747 297 commem-Amos

320 340 466 381 ciemque
488 339 613 379 mundi,
641 339 789 373 delineat.
834 340 1028 380 septemque
1049 339 1189 371 circulos
1217 339 1361 374 instituit

320 397 495 440 planetum,
516 397 710 438 eosdemque
726 398 895 430 adversum
913 406 946 428 se
962 397 1080 429 distare
1096 397 1168 430 facit
1188 398 1362 432 intervallis

320 459 475 498 musicis,
495 461 529 491 ut
559 459 651 498 juxta
684 459 893 498 Pythagoram
919 459 1008 490 motu
1038 458 1227 491 harmonico
1259 459 1362 492 stellae

319 519 432 550 rotatae
445 518 584 550 musicos
603 518 634 549 in
658 517 808 557 vertigine
832 516 943 548 modos
964 516 1059 549 edant
1077 526 1086 548 ε
1104 517 1249 550 similiter
1271 519 1308 551 ut
1330 518 1361 551 in

319 577 449 616 Politia,
476 577 603 609 Sirenas
633 575 764 615 singulis
796 576 945 607 insistere
970 575 1109 614 circulis,
1135 585 1217 617 quas
1242 578 1362 610 rotatas

317 644 391 667 oum
421 635 545 667 circulis
575 643 667 666 unam
698 634 779 666 ciere
808 633 991 666 mellifluam
1018 635 1235 675 cantilenam,
1256 639 1358 677 atque

316 703 356 726 cx
370 694 546 735 imparibus
564 695 635 725 octo
652 693 739 725 sonis
757 702 858 724 unum
886 693 1078 726 concordem
1099 696 1290 728 concentum
1307 705 1362 729 ex-

315 753 414 786 citari.
437 753 504 785 Erit
523 761 596 792 crgo
614 751 729 783 animae
754 752 885 792 aplanes
898 775 906 791 ‚
926 752 1006 784 ratio
1025 762 1032 781 =
1054 753 1197 794 planetes
1210 777 1220 794 ,
1242 757 1277 787 ut
1295 755 1358 787 ira-

314 812 447 851 cundia,
465 815 496 844 et
519 811 689 852 cupiditas,
706 811 868 851 ceterique
881 811 1064 851 hujusmodi
1081 814 1203 854 motus,
1219 822 1358 855 quorum

314 873 472 904 concentu
490 870 523 902 fit
539 870 636 902 totius
657 870 723 901 vita
738 869 851 902 mundi
878 870 1074 904 modificata.

353 931 449 962 XCV.
484 928 621 960 Sectioni
646 937 775 969 quoque
806 929 968 970 partium,
995 939 1035 963 ex
1070 931 1190 972 quibus
1217 932 1356 964 animam

312 988 498 1027 constituit,
531 987 645 1028 positio
673 987 841 1028 planetum
872 989 1069 1022 conveniens
1095 990 1246 1031 videtur;
1282 1000 1356 1023 cum

312 1056 407 1079 unam
427 1046 468 1078 ab
484 1046 635 1078 universo
652 1046 728 1078 facit
748 1047 912 1087 sumptam
942 1048 1091 1089 primitus
1120 1050 1300 1090 portionem
1324 1053 1356 1082 et

311 1106 490 1145 minimam,
513 1113 532 1136 a
549 1107 632 1137 terra
651 1105 690 1136 ad
706 1105 834 1147 lunam,
857 1106 950 1147 cujus
977 1107 1138 1148 duplicem
1165 1108 1356 1148 secundam,

310 1164 341 1197 id
361 1166 410 1198 est
423 1188 432 1205 ,
454 1173 526 1206 quae
547 1164 717 1205 interjacet
744 1164 828 1197 inter
845 1165 955 1198 lunam
984 1166 1170 1208 solemque,
1190 1167 1286 1207 cujus
1305 1167 1358 1199 tri-

310 1224 394 1265 plam
410 1224 548 1264 tertiam,
562 1222 682 1255 scilicet
691 1224 826 1256 Veneris
837 1235 847 1264 ;
862 1225 1008 1265 quartam
1022 1225 1184 1266 duplicem
1192 1225 1356 1266 secundae,

309 1282 343 1315 id
358 1283 419 1322 est,
439 1282 649 1323 quadruplam
666 1282 798 1323 primae,
812 1283 962 1316 Mercurii
979 1296 987 1317 ε
1003 1283 1166 1325 octuplam
1186 1292 1262 1316 vero
1275 1286 1358 1317 Mar-

308 1342 363 1382 tis,
386 1349 458 1382 quae
487 1341 598 1381 quinta
615 1341 715 1373 sectio
732 1342 781 1374 est
805 1350 813 1371 :
833 1341 908 1373 binc
935 1342 1065 1383 triplam
1082 1343 1212 1375 tertiam
1234 1343 1356 1384 posuit,

309 1400 342 1432 id
363 1404 410 1432 est
433 1400 617 1440 regionem,
645 1409 701 1432 seu
729 1400 903 1439 circulum,
924 1401 1027 1433 Jovis.
1052 1403 1183 1442 Septem
1205 1410 1301 1443 porro
1325 1405 1358 1435 et

307 1459 419 1499 viginti
433 1459 583 1500 partium,
605 1459 734 1491 Saturni
748 1459 959 1492 novissimam
981 1460 1168 1493 sectionem.

348 1519 461 1551 XCVI.
476 1518 568 1556 Quod
594 1526 671 1549 vero
694 1518 787 1557 dicit,
813 1518 910 1551 deum
928 1520 1060 1560 septem
1094 1519 1176 1552 illos
1202 1520 1353 1553 circulos

308 1578 487 1611 contraria
499 1577 586 1614 ferri
606 1578 800 1618 aquatione
821 1577 979 1618 jussisse,
1006 1578 1151 1620 plerique
1173 1581 1220 1611 stc
1240 1579 1356 1611 intelli-

307 1638 406 1678 gunt,
427 1637 465 1668 ut
482 1644 595 1669 omnes
612 1637 721 1668 contra
747 1636 859 1668 mundi
881 1637 978 1669 totius
1002 1639 1194 1670 moveantur
1213 1638 1358 1679 agitatio·

307 1704 401 1736 nem,
416 1696 567 1736 quoniam
596 1695 726 1736 quidem
745 1704 870 1737 semper
891 1696 1035 1736 ejusdem
1055 1699 1163 1728 motus
1189 1697 1356 1729 conversio

307 1763 326 1787 a
340 1754 454 1787 dextro
467 1754 564 1786 latere
577 1754 709 1795 incipiat
723 1755 858 1794 moveri,
872 1756 908 1786 ut
932 1755 982 1787 liae
996 1757 1116 1796 septem
1130 1756 1357 1789 conversiones

307 1814 363 1847 uni
383 1814 517 1854 rapienti
532 1815 645 1854 semet,
665 1814 883 1854 intelligantur
899 1823 1077 1847 occurrere.
1123 1815 1183 1847 Alii
1212 1823 1275 1847 non
1297 1816 1353 1855 ita,

307 1873 363 1906 sed
380 1874 418 1905 ut
440 1873 581 1913 ipsorum
598 1873 759 1913 planetum
777 1872 819 1904 sit
835 1872 963 1905 diversa
983 1872 1206 1914 contrariaque
1223 1881 1356 1905 conver-

305 1932 374 1971 sio,
396 1925 715 1973 iidemque‘invicem
736 1931 796 1963 sibi
817 1940 970 1963 occursus
993 1932 1106 1964 obvios
1128 1931 1267 1970 faciant,
1287 1940 1357 1973 pro-

308 1993 414 2032 pterea
436 1990 521 2031 quod
541 1990 574 2022 in
587 1990 780 2022 anfractibus
802 1999 914 2022 eorum
941 1991 1047 2031 varia,
1077 1993 1109 2023 et
1136 1990 1352 2030 multiformis,

308 2048 492 2081 inveniatur
508 2047 688 2080 diversitas.
732 2049 898 2090 Siquidem
917 2049 995 2081 solis
1008 2073 1017 2089 ,
1045 2051 1077 2082 et
1098 2049 1202 2089 lunae,
1219 2058 1354 2082 conver-

306 2107 412 2140 siones
424 2131 434 2148 ,
451 2107 582 2139 comites
600 2107 816 2141 universitatis
829 2111 937 2140 motus
955 2109 1093 2141 eccentri
1109 2109 1176 2147 sui,
1190 2108 1241 2141 vel
1258 2108 1353 2141 eliam

308 2166 453 2207 epicycli,
471 2167 630 2206 quatenus
648 2168 796 2207 possunt,
814 2167 1243 2208 abinstituto,naturalique,
1257 2176 1353 2200 cursu

307 2228 507 2257 remorentur
525 2225 793 2266 progressionem.
817 2226 962 2258 Aliorum
980 2235 1057 2259 vero
1074 2227 1230 2267 quinque,
1262 2228 1356 2259 natu-

306 2283 381 2316 ralis
399 2285 505 2316 motus
523 2284 550 2316 is
559 2293 629 2317 esse
644 2285 945 2326 comprehendatur,
962 2285 1017 2326 qui
1031 2285 1131 2318 totius
1147 2285 1262 2318 mundi
1277 2293 1354 2318 con-

307 2342 444 2375 versioni
456 2343 595 2383 resistat,
609 2343 682 2375 licet
695 2352 770 2375 eum
787 2345 968 2385 praepotens
985 2344 1038 2376 illa
1052 2345 1175 2385 vertigo
1189 2344 1351 2386 corripiat.

307 2403 352 2433 Ex
374 2410 437 2441 quo
463 2401 508 2442 fit,
529 2404 565 2433 ut
593 2401 788 2442 subsistere,
812 2411 1043 2444 nonnunquam
1073 2403 1169 2435 etiam
1189 2402 1353 2444 repedare,

307 2459 486 2492 videantur.
530 2461 602 2492 Hoc
615 2460 767 2501 amplius,
787 2461 875 2502 quod
895 2462 1042 2503 quaedam
1068 2471 1086 2495 e
1102 2462 1202 2495 stellis
1217 2463 1354 2495 erranti-

307 2517 370 2549 bus
392 2518 517 2559 vesperi
540 2527 667 2559 semper
696 2519 868 2559 occidunt,
905 2520 1044 2552 interdiu
1077 2521 1138 2552 sub
1167 2521 1355 2554 claritudine

308 2576 385 2608 solis
400 2577 551 2618 latentes,
569 2580 601 2609 et
624 2579 742 2610 exacta
769 2578 898 2610 denium
919 2580 1029 2619 nocte,
1058 2581 1133 2612 ante
1152 2580 1230 2612 solis
1247 2581 1355 2612 ortum

309 2640 563 2675 apparescentes,
579 2637 615 2668 ut
631 2636 759 2668 Saturni
775 2637 879 2678 stella,
891 2639 924 2670 et
937 2638 1062 2679 Martis,
1076 2640 1108 2671 et
1116 2639 1217 2672 Jovis.
1236 2641 1355 2672 Contra

310 2694 430 2732 autem,
460 2702 534 2725 cum
563 2702 695 2735 vespera
719 2695 795 2726 luna
822 2697 896 2728 ante
915 2705 1028 2729 omnes
1055 2697 1163 2730 stellas
1186 2698 1352 2738 adpareat,
1374 2724 1378 2728 .

310 2760 405 2784 mane
426 2752 575 2784 conditur
594 2753 626 2784 in
642 2762 792 2785 occasum
814 2767 822 2786 :
841 2755 982 2795 Lucifer,
1002 2759 1034 2788 et
1053 2756 1198 2796 Stilbon,
1219 2759 1356 2798 utroque

310 2819 426 2851 genere
439 2814 471 2842 et
488 2812 646 2851 oriuntur,
665 2814 697 2844 et
719 2813 882 2846 occidunt.
929 2814 1038 2853 Quid?
1055 2816 1140 2856 quod
1168 2816 1264 2848 ceteri
1284 2816 1355 2858 pla-

310 2871 399 2902 netes
426 2870 554 2911 longius
575 2879 593 2902 a
621 2871 686 2903 sole
705 2871 896 2912 discedunt,
931 2882 1036 2914 usque
1066 2874 1166 2914 adeo,
1195 2878 1232 2908 ut
1261 2876 1356 2908 certis

311 2928 521 2969 temporibus,
539 2928 698 2962 diametro
720 2930 851 2963 distent.
883 2932 1006 2964 Stilbon
1031 2942 1138 2974 porr0‚
1163 2935 1195 2966 et
1210 2934 1348 2974 Lucifer,

314 2996 479 3029 nunquam
496 2987 651 3020 diametro
667 2989 787 3021 distant
807 2998 826 3022 a
850 2991 925 3023 solis
944 2992 1061 3024 orbitis
1080 3002 1118 3025 ex
1143 2996 1280 3034 utraque
1303 3004 1349 3027 re·

311 3048 406 3089 gione
423 3047 535 3080 mundi
562 3049 640 3089 eois,
666 3051 723 3081 aut
739 3050 991 3083 occidentalibus
1009 3053 1085 3084 satis
1102 3054 1241 3094 proximi
1259 3055 1354 3095 facti3

311 3106 367 3138 sed
386 3106 445 3138 soli
465 3115 591 3147 semper
608 3107 745 3148 proximi
762 3117 875 3141 cursus
895 3118 971 3141 suos
987 3113 1155 3151 peragunt,
1173 3114 1356 3152 propterea-

311 3174 374 3205 que
394 3165 512 3198 dixisse
528 3174 584 3198 eos
604 3166 714 3198 Plato:

354 3226 452 3268 Τάχει
472 3227 504 3259 δὲ
518 3233 597 3268 τρεῖς
618 3228 672 3268 μὲν
689 3228 822 3269 ὁμοίως,
836 3229 907 3266 τοὺς
922 3230 955 3261 δὲ
968 3231 1113 3272 τέτταρας
1140 3231 1282 3269 ἀλλήλοις
1299 3233 1354 3264 καὶ

310 3289 374 3322 τοῖς
390 3286 488 3326 τρισὶν
507 3286 673 3326 ἀνομοίως.

358 3346 437 3376 Tres
450 3345 591 3386 quidem
606 3347 688 3385 pari
704 3348 809 3388 atque
826 3346 946 3379 eadem
965 3347 1142 3380 velocitate
1153 3372 1162 3388 ,
1178 3348 1259 3380 illos
1277 3357 1356 3381 vero

312 3401 400 3434 alios
423 3403 574 3444 quatuor
587 3405 620 3436 et
641 3405 778 3438 sibimet
798 3407 944 3438 invicem
957 3429 966 3446 ,
981 3409 1014 3439 ec
1033 3406 1087 3439 his
1106 3407 1229 3448 tribus,
1253 3407 1355 3440 dissi-

312 3461 444 3493 militer
463 3462 634 3495 incedere.

1464 346 1553 383 Quos
1574 347 1678 377 tamen
1700 355 1813 379 omnes
1842 346 1987 379 diversos
2007 348 2115 380 motus
2134 348 2376 390 contrariasque
2396 349 2466 392 agl·

1426 403 1563 436 tationes
1581 403 1744 443 planetum
1762 407 1899 438 ratione
1915 406 2084 438 subnixos
2100 415 2172 439 esse
2188 406 2279 449 dicit,
2298 416 2336 441 ea
2351 408 2466 443 videli-

1422 465 1491 505 cet,
1508 473 1606 506 quam
1627 466 1691 506 iugi
1710 467 1847 499 tractatu
1869 467 2074 501 manifestare
2092 467 2227 500 curavit.

1463 524 1595 557 xcvu.
1619 526 1653 557 ls
1670 524 1785 558 deinde
1805 526 2010 567 prosequitur
2027 536 2036 559 z

1465 581 1555 615 Ἐπεὶ
1572 583 1604 616 δὲ
1622 583 1705 616 κατὰ
1723 587 1793 617 νοῦν
1815 588 1862 627 τῷ
1880 585 2052 622 ξυνιστάντι
2071 589 2160 618 πᾶσα
2173 588 2193 624 ή
2214 590 2268 625 τῆς
2291 589 2395 630 ψυχῆς
2407 589 2467 622 σύ-

1423 652 1533 679 στασις
1546 643 1723 684 ἐγεγένητο,
1740 644 1816 684 μετὰ
1834 648 1930 677 τοῦτα
1949 648 2011 677 πᾶν
2030 646 2065 677 τὸ
2082 646 2291 686 σωματοειδὲς
2304 647 2388 684 ἐντὸς
2405 647 2465 681 αὖ·

1419 703 1474 739 τῆς
1499 701 1711 742 ἐτεκταίνετο,
1736 703 1790 735 καὶ
1822 703 1918 743 μέσον
1941 704 2021 744 μέσῃ
2048 704 2187 744 ξυνάγων
2220 706 2467 748 προσήρμοττεν·

1421 759 1440 796 ἡ
1459 757 1486 790 δ’
1499 758 1534 791 ἐκ
1545 760 1643 800 μέσου
1655 761 1730 802 πρὸς
1748 761 1801 793 τὸν
1814 761 1948 803 ἔσχατον
1971 762 2101 804 οὐρανὸν
2122 763 2223 805 πάντῃ
2237 764 2445 797 διαπλακεῖσα
2455 789 2465 805 ,

1419 818 1526 860 κύκλῳ
1552 830 1586 851 τε
1608 820 1702 852 αὐτὸν
1724 820 1837 857 ἔξωθεν
1867 822 2131 863 περικαλύψασα,
2153 823 2232 861 αὐτή
2265 834 2298 856 τε
2329 823 2360 856 ἐν
2388 825 2469 867 αὐτῇ

1420 878 1625 919 στρεφομένη,
1644 879 1727 911 θείαν
1741 879 1840 921 ἀρχὴν
1859 881 1972 922 ἤρξατο
1987 881 2150 914 ἀπαύστου
2169 883 2222 915 καὶ
2236 883 2383 925 ἔμφρονος
2397 883 2469 925 βίου

1418 935 1493 976 πρὸς
1505 935 1558 967 τὸν
1571 936 1733 977 ξύμπαντα
1749 937 1872 979 χρόνον.

1460 994 1579 1034 Iaitur
1597 1003 1676 1027 cum
1688 1004 1752 1036 pro
1766 997 1951 1030 voluntate
1964 1000 2080 1039 patris
2100 1001 2227 1032 cuncta
2241 1000 2468 1033 rationabilis

1418 1052 1546 1084 animae
1570 1053 1772 1086 substantia
1804 1057 2028 1095 nasceretur,
2051 1056 2238 1099 aliquanto
2265 1060 2344 1099 post
2369 1067 2469 1092 omne

1418 1118 1621 1151 corporeum
1637 1112 1739 1144 intra
1758 1117 1964 1155 conseptum
1985 1114 2059 1152 eins
2089 1114 2233 1155 effinxit
2262 1126 2273 1149 .·
2299 1116 2469 1150 medium·

1418 1177 1487 1210 que
1504 1169 1691 1210 applicans
1710 1171 1832 1204 mediae
1850 1172 2090 1206 modulamine
2105 1177 2188 1215 apto
2201 1175 2363 1216 juqabac.
2408 1179 2471 1210 Ast

1422 1227 1490 1260 illa
1521 1228 1751 1270 complectens
1779 1230 1854 1263 coeli
1887 1231 2017 1265 ultima
2048 1233 2332 1276 circumtusaque
2358 1234 2469 1268 eidem

1418 1286 1592 1317 exteriore
1612 1286 1816 1328 complexu,
1835 1290 2065 1331 operiensque
2079 1290 2216 1323 ambitu
2228 1299 2304 1332 suo,
2322 1291 2469 1333 ipsaque

1418 1346 1618 1377 convertens
1635 1346 1671 1377 in
1687 1348 1815 1387 semet,
1833 1346 1992 1379 divinam
2018 1350 2190 1389 oriyinem
2208 1351 2398 1392 auspicata
2416 1352 2468 1383 est

1419 1402 1600 1440 indefessae
1616 1405 1857 1446 sapientisque
1868 1407 1903 1438 et
1921 1407 1999 1439 sine
2020 1408 2278 1449 intermissione
2294 1410 2387 1442 vitre.

1461 1464 1590 1496 Coelum
1617 1463 1743 1498 diverse
1769 1466 1803 1498 et
1822 1465 1941 1498 dicitur
1955 1468 1988 1499 et
2002 1466 2167 1508 accipitur·
2215 1468 2335 1501 Partim
2355 1469 2467 1502 mundi

1418 1523 1615 1564 superficies,
1633 1533 1732 1565 quam
1747 1525 1878 1567 οὐρανὸν
1901 1525 2012 1558 Graeci
2039 1526 2202 1568 appellant
2222 1539 2231 1559 ι
2253 1527 2351 1560 veluti
2377 1527 2466 1560 visus

1417 1581 1520 1614 nostri
1539 1582 1687 1624 limitem,
1702 1582 1787 1616 ultra
1803 1591 1900 1625 quem
1917 1584 2034 1626 porrigi
2049 1587 2202 1626 nequeat,
2216 1586 2308 1627 quasi
2329 1578 2439 1628 ὀρανὸν
2456 1595 2465 1615 =

1419 1641 1533 1682 partim
1546 1642 1672 1682 sphaera
1689 1651 1764 1683 quae
1777 1643 1908 1684 aplanes
1921 1645 2066 1685 vocatur.
2111 1645 2244 1686 Proprie
2260 1653 2339 1678 vero
2357 1654 2464 1686 omne,

1421 1694 1508 1735 quod
1522 1703 1540 1726 a
1557 1695 1658 1727 lunari
1679 1694 1774 1735 globo
1787 1695 1908 1736 surgit3
1929 1696 2144 1729 communiter
2165 1698 2287 1737 autem,
2306 1697 2463 1738 quidquid

1417 1761 1515 1794 supra
1530 1762 1588 1786 nos
1607 1755 1668 1795 est,
1694 1754 1726 1786 in
1743 1763 1806 1795 qua
1823 1754 1951 1795 regione
1976 1754 2087 1787 nubila
2116 1757 2342 1795 concrescunt,
2360 1757 2393 1788 et
2407 1755 2465 1788 aii·

1417 1819 1538 1854 quanto
1558 1813 1718 1853 superius,
1733 1812 1788 1844 ubi
1808 1814 1893 1845 astra
1913 1814 2000 1845 sunt.
2019 1815 2102 1846 Nam
2127 1814 2160 1845 et
2185 1813 2310 1854 pluvias
2327 1822 2367 1846 ex
2384 1814 2467 1847 coelo
2501 1841 2504 1846 .

1419 1869 1558 1903 dicimus
1577 1871 1759 1912 demanare,
1776 1873 1809 1904 et
1831 1871 1941 1904 stellas
1963 1871 1996 1904 in
2014 1871 2096 1904 coelo
2123 1880 2293 1913 apparere,
2313 1881 2386 1914 quoe
2405 1882 2466 1915 ap-

1417 1929 1577 1971 pellantur
1603 1931 1757 1970 cometae,
1781 1931 1813 1962 et
1840 1931 1978 1970 caetera,
2005 1939 2080 1972 quae
2106 1933 2263 1972 apparent
2281 1931 2363 1964 infra
2381 1931 2467 1965 tunae

1417 1991 1561 2032 globum.
1616 1990 1741 2023 coelum
1772 1999 1904 2032 quoque
1927 1992 2120 2032 usurpantes
2146 1991 2304 2024 mundum
2334 2001 2464 2026 omnem

1417 2059 1585 2083 vocamus.

1459 2110 1608 2142 xcvm.
1627 2110 1774 2142 Animam
1787 2117 1862 2149 ergo
1875 2108 1988 2141 mundi
2001 2108 2078 2141 dicit
2090 2117 2209 2141 orsam
2221 2117 2268 2142 ex
2279 2109 2467 2145 medietate

1415 2177 1526 2211 usque
1559 2168 1607 2201 ad
1639 2169 1899 2201 extremitatem
1932 2167 2107 2200 mundani
2136 2169 2311 2209 corporis,
2329 2170 2363 2202 et
2390 2169 2467 2203 inde

1417 2236 1519 2269 usque
1537 2228 1576 2259 ad
1597 2227 1691 2259 aliam
1716 2226 1951 2260 extremitatem
1974 2226 2227 2265 circumfusam
2252 2229 2348 2260 omni
2366 2228 2467 2270 qlobo

1417 2287 1570 2327 corporis
1589 2287 1764 2327 operuisse
1796 2287 2003 2318 universum
2025 2286 2100 2326 ejus
2126 2285 2310 2318 ambitum.
2331 2288 2379 2319 Ex
2401 2296 2467 2329 quo

1416 2347 1559 2387 apparet,
1573 2354 1592 2377 a
1605 2345 1755 2377 vitalibus
1768 2344 1879 2377 mundi
1897 2353 1951 2386 per
1970 2345 2108 2377 extimas
2129 2347 2236 2386 partes
2258 2345 2464 2387 complexum

1415 2413 1484 2438 esse
1505 2404 1737 2437 circumdatum
1749 2415 1760 2446 ;
1785 2404 1846 2437 boc
1864 2405 1930 2443 est,
1953 2405 1989 2436 ut
2007 2403 2092 2436 intra
2119 2405 2217 2445 atque
2237 2406 2351 2445 extra,
2376 2405 2465 2438 vitali

1415 2464 1525 2504 vigore
1545 2463 1701 2495 foveatur.
1756 2464 1866 2503 Neque
1884 2461 1970 2494 enim
1989 2463 2174 2495 universum
2194 2471 2312 2503 corpus
2329 2462 2463 2495 alterius

1416 2523 1577 2564 corporis,
1593 2522 1682 2563 quod
1710 2521 1835 2554 nullum
1871 2523 2058 2563 supererat,
2081 2521 2199 2553 auxilio
2228 2521 2464 2563 complexuque

1416 2581 1591 2622 indigebat,
1607 2580 1662 2613 sed
1676 2580 1875 2622 incorporeae
1885 2582 2009 2613 naturae
2025 2581 2149 2613 viribus
2161 2581 2250 2613 totus
2264 2580 2352 2613 vitali
2370 2589 2463 2613 com-

1417 2640 1567 2682 plebatur
1589 2639 1785 2672 substantia.

1462 2701 1574 2733 XCIX.
1607 2698 1691 2732 nlud
1713 2707 1804 2739 vero,
1825 2699 1913 2740 quod
1937 2707 1956 2731 a
1985 2698 2161 2731 meditullio
2191 2699 2337 2740 porrecta
2355 2698 2465 2732 anima

1416 2767 1486 2791 esse
1501 2758 1630 2799 dicitur,
1659 2757 1793 2799 quidam
1810 2747 1873 2789 dici
1892 2757 1938 2789 sic
1953 2758 2069 2798 putant
2091 2767 2100 2789 ε
2122 2759 2160 2790 ut
2178 2766 2243 2790 non
2269 2759 2424 2798 tanquam
2443 2765 2463 2790 a

1418 2817 1589 2850 medietate
1606 2817 1707 2850 totius
1733 2815 1879 2857 corporis
1899 2816 1983 2848 facta
1999 2816 2198 2849 dimensione
2229 2817 2376 2858 porrecta
2403 2806 2463 2857 sit,
2514 2816 2517 2818 ’

1416 2880 1471 2912 sed
1490 2889 1529 2912 ex
1550 2888 1588 2912 ea
1604 2881 1696 2920 parte
1710 2878 1931 2911 membrorum
1952 2877 2114 2918 vitalium,
2136 2878 2170 2910 in
2190 2878 2309 2919 quibus
2331 2877 2461 2920 pontiti-

1417 2938 1503 2971 cium
1520 2937 1649 2970 vivendi
1665 2937 1762 2970 situm
1777 2938 1845 2977 est,
1862 2937 1999 2977 ideoque
2017 2936 2126 2968 vitalia
2140 2938 2380 2977 nuncupantur.
2393 2938 2464 2970 Nou

1416 3006 1491 3038 ergo
1508 3005 1526 3028 a
1546 2996 1718 3029 medietate
1733 2996 1896 3036 corporis,
1920 3003 1995 3036 quae
2010 2995 2096 3027 terra
2112 2996 2183 3035 est,
2211 2994 2268 3027 sed
2293 3003 2313 3027 a
2329 2994 2457 3036 regione

1420 3056 1587 3096 vitalium,
1604 3055 1636 3088 id
1663 3058 1712 3088 est
1730 3055 1869 3095 a'sole,
1897 3054 2014 3086 animae
2044 3053 2188 3094 vigorem
2220 3053 2363 3086 infusum
2391 3062 2464 3087 esse

1418 3107 1583 3147 mundano
1601 3114 1730 3155 corpori
1757 3114 1865 3155 potius
1890 3112 2129 3153 intelligendum
2146 3112 2367 3153 pronuntiant.
2409 3112 2463 3145 si-

1416 3174 1550 3215 quidem
1568 3175 1653 3206 terra
1679 3172 1854 3205 immobilis
1865 3196 1875 3213 ,
1901 3172 1955 3204 Sol
1971 3179 2048 3204 vero
2061 3179 2187 3212 semper
2199 3171 2232 3202 in
2248 3176 2349 3203 motu.
2366 3172 2462 3203 Item·

1417 3242 1480 3274 que
1496 3233 1580 3265 uteri
1612 3232 1770 3265 medietas
1796 3231 1987 3270 immobilis,
2015 3220 2123 3263 cordis
2151 3238 2278 3270 semper
2299 3229 2333 3261 in
2358 3231 2462 3271 motu,

1417 3291 1546 3332 quando
1574 3292 1671 3324 etiam
1690 3300 1802 3324 recens
1824 3291 2059 3324 exstinctorum
2076 3288 2260 3321 animalium
2287 3287 2384 3320 corda
2405 3297 2462 3320 su-

1419 3351 1565 3391 perstites
1577 3351 1674 3383 etiam
1692 3352 1770 3383 tunc
1799 3352 1907 3383 motus
1935 3350 2051 3390 agant3
2071 3347 2210 3388 ideoque
2228 3347 2328 3379 solem
2351 3346 2461 3378 cordis

1417 3408 1560 3441 obtinere
1573 3410 1728 3442 rationem
1739 3434 1749 3450 ,
1763 3413 1795 3442 et
1812 3409 1923 3442 vitalia
1939 3403 2051 3440 mundi
2065 3406 2164 3440 totius
2179 3405 2212 3438 in
2234 3405 2297 3437 boc
2313 3404 2376 3446 igni
2399 3413 2458 3446 po-

1417 3468 1476 3500 sita
1494 3477 1564 3501 esse
1579 3468 1701 3502 dicunt.
