2638 3840
324 253 402 286 206
1021 237 1290 278 CllALClDll
1321 237 1739 277 COMMENTARIUS

364 337 496 377 Nosque
525 332 596 366 haec
611 340 691 366 cum
718 339 789 364 arvo
816 331 1045 370 assistamus,
1073 328 1199 368 inquit,
1232 325 1269 358 id
1296 328 1360 363 est,

320 395 489 428 solitariae
508 394 666 431 naturae,
680 399 747 423 non
768 392 856 422 recte
869 390 991 430 parles
1011 386 1202 419 individuae
1228 387 1277 418 rei
1295 385 1362 425 fin-

321 455 444 494 aimus.
491 452 646 483 Dicimus
669 451 760 482 cm‘m
781 458 791 480 :
810 446 902 489 fuit,
923 447 991 484 est,
1012 446 1092 478 erit.
1134 445 1192 476 Ast
1220 442 1273 476 illi
1293 451 1362 476 esse

322 513 434 545 solum
448 511 624 552 competit.

364 572 496 611 Propter
513 579 568 602 eos
584 569 638 609 qui
657 566 867 606 addubitant,
885 573 964 610 num
981 567 1128 604 tempus,
1144 562 1231 604 quod
1245 562 1363 595 dicitur

322 638 410 669 esse,
429 629 551 661 nullum
572 628 632 667 sit,
653 627 722 658 haec
741 624 894 666 processit
919 622 1064 656 assertio.
1124 622 1244 654 Dicunt
1259 621 1363 662 enim,

323 688 483 729 praeterita
505 687 633 727 quidem
650 684 756 717 omnia
772 685 838 723 jam
853 691 922 715 esse
938 681 1084 714 desiisse.
1128 681 1163 714 Si
1180 680 1256 722 quid
1271 690 1364 722 porro

322 747 489 778 immineat
501 770 510 785 ,
528 745 589 776 hoc
608 743 752 776 nondum
766 751 854 782 esse;
871 740 1042 782 praesentia
1060 748 1135 773 vero
1152 748 1256 781 neque
1273 739 1365 780 plane

322 814 404 844 esse,
419 813 523 845 neque
533 804 661 835 omnino
678 811 742 834 non
761 810 849 841 esse,
870 801 997 842 propter
1015 799 1180 839 instabile,
1201 802 1297 840 atque
1314 798 1363 830 in-

323 864 483 896 fraenahile
492 887 501 904 ,
513 863 750 895 momentorum
765 869 890 901 agmen.
934 860 1050 892 Fluere
1062 858 1148 892 enim
1157 883 1167 900 ,
1178 859 1211 891 et
1222 857 1364 897 transire,

321 923 428 956 omnia
444 922 592 955 ostendit.
649 923 733 962 Ergo
755 919 951 960 praeteritam
967 918 1101 960 quidem
1120 917 1274 959 temporis
1297 926 1367 958 par-

322 983 386 1014 tem
403 982 447 1014 sic
458 981 535 1013 dicit
551 989 639 1020 esse,
659 982 694 1012 ut
707 979 899 1019 intelligatur
914 979 1025 1018 fuisse,
1037 986 1103 1010 non
1120 978 1155 1010 ut
1169 976 1210 1009 ad
1225 985 1365 1018 praesens

322 1041 476 1072 exsistere
482 1051 493 1079 3
502 1040 548 1078 ut,
564 1047 638 1071 cum
648 1040 823 1071 Homerum
835 1045 906 1070 esse
916 1036 1054 1069 dicimus
1066 1036 1215 1069 divinum
1224 1036 1362 1076 poetam.

322 1101 479 1132 Futurum
498 1107 575 1131 vero
603 1098 651 1129 sic
674 1105 745 1130 esse
761 1096 851 1135 dicit,
871 1097 907 1128 ut
925 1104 991 1128 non
1012 1095 1080 1136 jam
1097 1096 1247 1135 exsistat,
1271 1095 1367 1135 atque

321 1158 360 1190 ad
378 1166 518 1199 praesens
541 1156 714 1196 habeatur;
735 1157 772 1188 ut
786 1164 861 1187 eum
882 1155 1036 1196 dicimus,
1055 1153 1096 1187 ad
1116 1163 1235 1186 annum
1254 1153 1367 1194 proxi-

321 1225 423 1257 mum,
441 1215 530 1248 lustri
544 1224 614 1248 esse
632 1215 871 1254 conclusionem
883 1238 893 1254 ,
906 1213 959 1246 vel
975 1216 1136 1246 certamen
1151 1213 1365 1254 Olympicum.

320 1277 420 1309 Porro
436 1275 521 1316 quod
543 1275 582 1307 ad
607 1283 747 1315 praesens
765 1274 818 1306 fiat
831 1299 841 1313 ,
855 1274 898 1306 ita
922 1282 1003 1314 esse,
1019 1282 1083 1305 non
1103 1274 1139 1305 ut
1157 1281 1214 1313 per
1228 1271 1367 1312 aliquam

321 1334 565 1366 diuturnitatem
589 1342 777 1365 mansurum
799 1341 869 1365 esse
896 1331 1055 1372 videatur,
1078 1331 1135 1364 sed
1157 1332 1193 1363 ut
1214 1332 1369 1371 tanquam

322 1394 412 1433 tluat,
429 1396 524 1433 atque
547 1393 738 1432 praetereat:
762 1395 796 1424 ut
811 1401 887 1424 cum
903 1391 1064 1430 dicimus,
1091 1390 1274 1432 compitalia
1299 1398 1368 1423 esse

323 1448 434 1490 hodie,
454 1450 594 1482 ullamve
610 1450 705 1482 aliam
733 1450 914 1491 publicam,
942 1450 1182 1491 privatamque,
1201 1448 1369 1482 celebrita-

322 1510 388 1542 tem
408 1519 416 1541 :
441 1509 559 1550 quippe
585 1518 660 1541 cum
678 1508 823 1549 ejusdem
841 1509 903 1542 diei
919 1509 1068 1550 quaedam
1081 1509 1148 1551 1331
1170 1508 1281 1541 exacta
1300 1517 1369 1540 mo-

325 1569 435 1601 menta
452 1568 518 1600 sint
529 1592 538 1608 ,
556 1568 717 1609 aliquanta
731 1577 808 1601 vero
831 1568 938 1600 adhuc
953 1568 1115 1600 maneant.
1180 1567 1369 1608 Eodemque

323 1627 421 1660 modo
450 1635 595 1660 mensem
614 1636 701 1660 nunc
729 1636 799 1660 esse
826 1627 1038 1667 Januarium,
1065 1627 1115 1674 ¹vel
1141 1627 1241 1659 alium
1267 1636 1367 1668 quen-

323 1695 420 1727 quam
433 1710 442 1727 ,
474 1686 525 1719 vel
547 1695 674 1718 sacrum
702 1689 867 1718 certamen
887 1686 954 1727 agi,
973 1695 1049 1719 curn
1073 1695 1247 1727 puerorum
1264 1688 1366 1718 certa-

327 1745 414 1778 mine
433 1746 545 1777 exacto
567 1744 784 1777 adolescentes
810 1744 963 1785 citantur,
993 1746 1025 1778 et
1045 1746 1117 1786 post
1143 1754 1199 1778 eos
1221 1745 1368 1785 deinceps

330 1804 478 1845 perfectae
491 1804 596 1836 aetatis
613 1804 748 1844 juvenes
768 1813 881 1836 manus
899 1805 1088 1838 conserunt.

364 1864 449 1897 CVI.
479 1862 587 1901 Quid?
608 1863 692 1903 quod
713 1863 809 1896 etiam
828 1863 901 1904 illa,
917 1872 991 1903 quae
1007 1864 1177 1903 30331131,
1205 1871 1276 1895 esse
1290 1862 1368 1894 dici-

323 1931 415 1961 mus,
429 1931 503 1954 cum
518 1921 631 1954 eadem
657 1931 720 1954 non
739 1931 810 1955 esse
831 1922 983 1954 volumus
996 1921 1185 1962 ostendere;
1214 1924 1272 1962 ut,
1294 1931 1367 1953 eum

323 1980 460 2012 dicimus
487 1981 636 2021 quadrati
655 1981 737 2013 latus
766 1989 838 2013 esse
861 1980 968 2022 dispar
994 1980 1149 2013 lateribus
1165 1982 1295 2020 3313113,
1319 1981 1368 2013 ν31

322 2039 514 2072 diametrum
536 2039 691 2072 lateribus
718 2049 788 2073 esse
815 2040 970 2080 1113101313
995 2048 1004 2068 =
1029 2040 1073 2072 ita
1094 2040 1179 2073 enim
1201 2039 1345 2073 dicentes
1359 2065 1367 2080 ,

324 2099 497 2140 probamus
515 2100 648 2132 minime
667 2109 739 2133 esse
757 2100 918 2141 aequalem
944 2099 1096 2132 lateribus
1109 2124 1118 2141 ‚
1138 2102 1369 2141 proptereaque

323 2158 488 2191 absonam.
508 2159 589 2199 Vel,
608 2167 684 2192 cum
704 2158 788 2191 idem
810 2159 902 2191 Plato
916 2159 1028 2191 silvam
1049 2167 1119 2191 esse
1138 2158 1216 2190 'dicit
1231 2158 1265 2190 in
1282 2159 1369 2190 nulla

324 2217 518 2259 substantia,
534 2219 703 2259 propterea
719 2218 806 2259 quod
820 2217 909 2250 nulla
927 2218 1086 2251 silvestria
1103 2218 1241 2251 habeant
1264 2219 1366 2260 perfe-

323 2275 461 2308 ctionem
477 2285 485 2305 z
498 2276 576 2309 dum
590 2276 676 2308 enim
691 2278 766 2309 sunt
779 2276 884 2309 adhuc
898 2276 1067 2318 silvestria,
1082 2276 1231 2309 informia
1244 2280 1320 2309 sunt
1334 2285 1369 2308 ac

325 2332 393 2365 31113
410 2333 520 2365 ordine
531 2357 540 2374 ,
560 2342 599 2366 ac
615 2335 718 2375 specie
730 2358 739 2375 ,
760 2336 796 2367 ut
812 2343 890 2367 saxa
905 2344 914 2364 :
933 2344 1072 2376 quorum
1091 2336 1198 2367 tamen
1212 2338 1262 2367 est
1277 2336 1368 2367 natu-

327 2392 400 2424 ralis
417 2392 608 2433 possibilitas
621 2418 630 2434 ‚
649 2395 685 2425 ut
708 2395 879 2427 accedente
900 2395 1036 2427 artificio
1055 2394 1265 2427 simulacrum
1291 2394 1368 2436 1131,

325 2451 376 2482 vel
392 2451 469 2491 quid
489 2451 575 2484 aliud
592 2452 762 2494 ejusmodi.
808 2453 902 2491 Quod
917 2463 993 2487 vero
1009 2454 1041 2486 in
1059 2455 1126 2487 sola
1144 2454 1369 2496 possibilitate,

326 2511 357 2542 et
375 2510 443 2542 sine
461 2510 597 2551 effectu,
613 2511 740 2544 videtur
763 2521 852 2553 esse,
875 2513 1009 2546 minime
1030 2515 1092 2553 est,
1122 2515 1236 2555 utpote
1257 2523 1369 2546 carens

327 2570 530 2608 perfectione.
576 2572 696 2603 Verum
715 2571 786 2603 haec
800 2571 975 2612 disputatio
990 2572 1066 2613 quia
1082 2572 1162 2605 nihil
1181 2573 1317 2614 pertinet
1330 2573 1369 2605 ad

325 2628 502 2660 naturalem
519 2625 689 2661 tractatum
702 2654 711 2670 ‚
729 2638 805 2662 cum
826 2630 868 2662 sit
886 2630 1067 2672 rationalis,
1082 2631 1264 2664 differetur.

368 2688 467 2720 CVII.
486 2688 673 2721 Genituram
687 2697 763 2721 vero
776 2690 928 2730 temporis
945 2691 1127 2724 necessario
1142 2691 1222 2724 dicit
1235 2700 1307 2724 esse
1321 2692 1370 2724 in-

326 2747 481 2786 stitutam,
492 2748 527 2779 ut
541 2748 606 2779 tam
616 2747 728 2780 eadem
740 2748 885 2789 tempora
897 2748 957 2782 sub
970 2749 1203 2783 dimensionem
1211 2752 1368 2790 venirent,

328 2814 425 2846 quam
456 2805 603 2847 dierum,
629 2807 872 2849 mensiumque,
899 2809 940 2844 31,
965 2817 1146 2851 3330111111,
1175 2810 1371 2843 dinumerari

328 2864 429 2905 spatia
450 2869 590 2905 possent.
608 2867 844 2907 Proptereaque
866 2866 947 2898 Solis
961 2869 1126 2909 Lunaeque
1143 2869 1370 2902 illustrationes

328 2925 360 2956 et
383 2932 514 2956 occasus
535 2925 730 2957 necessarios
750 2925 848 2958 fuisse
861 2949 870 2966 ,
883 2931 1071 2968 ceterasque
1094 2928 1246 2960 erraticas
1264 2928 1371 2961 stellas

327 2983 613 3023 superimpositas
632 2991 703 3016 esse
719 2986 813 3025 pyris
830 2985 1048 3018 circulorum
1060 3010 1071 3027 ,
1089 2986 1261 3028 jussusque
1277 2997 1371 3028 agere

330 3043 452 3074 motum
466 3042 706 3083 septemplicem
718 3066 728 3083 ‚
742 3043 874 3076 diversis
890 3046 923 3077 et
948 3045 1158 3079 dissimilibus
1174 3047 1370 3088 Maeandris3

330 3101 362 3133 in
378 3110 415 3133 ea
427 3101 555 3142 regione
566 3126 574 3140 ,
591 3110 664 3142 quae
686 3101 747 3134 sub
763 3102 889 3134 Zodiaci
903 3103 990 3135 orbis
1006 3104 1245 3137 circumflexum
1257 3106 1340 3146 13331
1361 3116 1369 3138 :

375 3162 507 3199 Σελήνην
528 3162 582 3202 μὲν
600 3162 642 3198 εἷς
655 3162 707 3193 τὸν
730 3162 797 3201 περὶ
811 3166 868 3202 γῆν
882 3166 1016 3203 πρῶτον,
1033 3164 1119 3201 ἥλιον
1129 3164 1161 3196 δὲ
1177 3165 1219 3201 εἷς
1237 3165 1291 3196 τὸν
1307 3164 1370 3197 δεύ-

328 3233 413 3263 τερον
426 3221 502 3261 ὑπὲρ
514 3224 579 3261 γῆς·
596 3221 775 3263 Ἑωσφόρον
794 3222 890 3253 δὲκαὶ
905 3222 956 3254 τὸν
972 3222 1054 3261 ἱερὸν
1072 3223 1191 3264 Ἑρμοῦ
1207 3224 1372 3266 λεγόμενον

332 3283 373 3318 εἰς
396 3281 468 3317 τοὺς
495 3279 584 3322 τάχει
609 3281 663 3321 μὲν
689 3281 856 3323 ἰσόδρομον
882 3281 961 3322 ἡλίῳ
986 3277 1103 3313 xxixam}
1123 3282 1225 3318 ἰόντας
1240 3307 1247 3321 ,
1267 3284 1322 3321 τήν
1344 3285 1372 3315 δ’

335 3342 470 3373 ἐναντίαν
486 3340 649 3382 εἰληχότας
675 3341 761 3381 αὐτῷ
778 3340 919 3380 δύναμιν·
939 3340 1008 3372 ὅθεν
1034 3341 1312 3382 καταλαμὸάνουσί
1339 3353 1373 3374 τε

334 3400 386 3430 καὶ
403 3399 692 3441 καταλαμὸάνονται
712 3399 794 3431 κατὰ
811 3399 910 3432 ταυτὰ
930 3398 983 3431 ὑπ’
1000 3399 1139 3438 ἀλλήλων
1159 3399 1245 3437 ἥλιός
1263 3411 1296 3432 τε
1319 3402 1370 3432 καὶ

334 3458 351 3489 ὁ
368 3461 423 3490 τοῦ
438 3459 554 3500 Ἑρμοῦ
569 3460 622 3491 καὶ
636 3461 653 3491 ὁ
665 3458 855 3501 Ἑωσφόρος.

1466 326 1582 363 Lunae,
1596 326 1756 367 quidem,
1773 326 1885 367 Juxta
1915 328 2047 359 terram
2072 327 2110 359 in
2131 327 2250 368 prima
2281 328 2453 360 circuma-

1422 386 1535 417 ctione
1551 385 1657 417 :solis
1684 394 1777 426 vero,
1803 386 1840 417 in
1866 384 2042 428 secunda,
2067 384 2242 418 diametro
2257 393 2279 418 a
2301 386 2391 419 luna
2409 385 2464 419 di·

1421 445 1562 476 stantis.
1607 446 1703 477 Tunc
1725 443 1878 486 Luciferi
1899 445 1934 476 et
1955 445 2121 476 Mercurii
2135 444 2283 477 collocat
2306 446 2403 485 ique:
2427 445 2464 478 in

1422 510 1478 542 eo,
1501 503 1639 544 inquit,
1663 504 1775 541 motu,
1805 504 1865 545 qui
1895 504 2078 535 concurrit
2106 502 2250 545 quidem
2278 503 2465 537 solstitiali

1393 551 1398 635 ἱ
1422 563 1641 602 circuitioni,
1680 562 1862 595 contraria
1897 565 2013 595 tamen
2055 561 2099 595 ab
2141 570 2179 595 eo
2214 561 2467 605 circumfertur

1423 622 1624 661 aquatione.
1671 623 1785 660 Quare
1797 621 1845 662 stc
1855 645 1864 661 ,
1881 624 1922 654 ut
1939 620 2238 663 comprehendant
2252 622 2465 663 seinvicem,

1423 681 1492 712 eta
1511 687 1550 711 se
1567 688 1708 712 rursum
1727 680 2067 722 comprehendantur
2089 680 2142 714 1131
2161 679 2282 713 stellae.

1466 739 1532 771 Cur
1549 737 1608 771 has
1632 739 1740 771 stellas
1773 740 1839 780 pari
1863 748 1934 772 esse
1958 740 2043 772 dicat
2067 739 2257 780 velocitate,
2283 738 2470 773 manifestat

1425 797 1509 838 ipse,
1527 805 1604 830 311111
1621 798 1751 838 asserit,
1768 798 1844 831 anni
1865 798 2021 832 vertentis
2045 798 2150 839 spatio
2166 807 2282 832 cursus
2306 798 2348 832 ab
2363 798 2470 832 omni-

1424 855 1487 889 bus
1509 857 1636 898 peragi,
1653 857 1788 897 sedita,
1808 858 1844 890 ut
1872 858 1967 890 modo
1991 857 2135 898 tardius,
2166 857 2266 891 modo
2290 857 2470 896 incitatius,

1395 917 1399 950 1
1425 917 1542 948 euntes
1557 916 1828 958 comprehendant
1854 917 1989 950 subinde
2013 917 2121 951 Solem
2132 942 2142 959 ‚
2158 921 2191 951 et
2209 916 2345 951 subinde
2362 925 2383 950 a
2399 915 2472 951 Sole

1425 974 1746 1015 comprehendantur.

1467 1034 1582 1066 CVIII.
1607 1033 1659 1066 Ait
1687 1034 1816 1075 tamen,
1847 1034 1906 1066 hos
1934 1034 2023 1075 ignes
2050 1035 2241 1068 contrariam
2266 1043 2397 1077 quoque
2413 1034 2471 1068 113·

1396 1119 1402 1493 ι
1427 1093 1503 1126 bere
1524 1094 1609 1135 vim;
1626 1103 1724 1135 quam
1741 1103 1809 1127 rem
1825 1094 1878 1126 alii
1892 1094 1982 1127 aliter
2003 1095 2177 1136 accipiunt.
2223 1095 2364 1134 Quidam
2383 1094 2472 1128 enim

1398 1495 1402 1528 1

1426 1153 1684 1186 contrarietatem
1702 1154 1787 1187 hane
1800 1155 1887 1187 nasci
1901 1157 2014 1197 putant
2031 1164 2073 1188 ex
2087 1165 2138 1196 eo,
2154 1155 2242 1197 quod
2253 1155 2308 1190 Sol
2326 1155 2473 1197 quidem,

1427 1220 1501 1244 eum
1513 1212 1702 1245 naturaliter
1714 1213 1755 1245 ah
1765 1213 1833 1246 eois
1846 1213 1886 1246 ad
1905 1213 2041 1247 occidua
2057 1223 2183 1256 semper
2197 1215 2326 1256 teratur,
2342 1213 2475 1256 perinde

1428 1272 1464 1303 ut
1483 1272 1587 1304 omnis
1603 1272 1749 1304 mundus
1771 1276 1933 1313 movetur,
1956 1273 2136 1315 epicyelum
2158 1275 2266 1307 tamen
2281 1282 2378 1307 suum
2398 1282 2472 1316 per-

1427 1334 1500 1372 agat
1520 1332 1595 1364 anui
1624 1333 1748 1374 spatio,
1773 1333 1867 1374 cujus
1886 1333 2020 1375 epicycli
2051 1335 2215 1367 contraria
2236 1338 2286 1368 est
2302 1334 2473 1368 conversio

1428 1392 1539 1425 mundi
1561 1392 1763 1425 conversioni
1778 1404 1789 1433 ;
1806 1393 1932 1426 Lucifer
1952 1401 2047 1434 vero,
2071 1394 2104 1426 et
2121 1394 2320 1434 Mercurius,
2341 1394 2471 1426 contra·

1427 1451 1491 1485 rios
1506 1460 1633 1493 semper
1645 1453 1753 1485 motus
1766 1453 1913 1485 exserant
1928 1452 2042 1485 mundi
2054 1452 2306 1486 circumactioni.
2331 1452 2472 1492 Quidam

1427 1519 1503 1543 vero
1515 1513 1649 1552 putant,
1663 1511 1855 1544 contrariam
1873 1511 1938 1547 vim
1957 1520 2027 1545 esse
2050 1511 2082 1543 in
2100 1511 2150 1544 his
2171 1511 2293 1552 stellis,
2307 1512 2475 1553 propterea

1427 1569 1514 1610 quod
1541 1569 1816 1611 comprehendant
1850 1570 1932 1603 Solis
1963 1570 2122 1606 incessum
2149 1570 2324 1603 Mercurius
2348 1571 2381 1603 et
2408 1571 2473 1603 Lu·

1397 1640 1402 1682 Ι
1427 1628 1504 1660 citer
1526 1629 1589 1661 :et
1619 1628 1778 1661 interdum
1811 1631 2007 1665 remorantes
2028 1637 2083 1662 eos
2115 1628 2170 1661 Sol
2197 1627 2467 1670 comprehendat,

1397 1685 1401 1716 Ι
1427 1696 1502 1720 cum
1527 1689 1618 1720 ortus
1630 1712 1639 1727 ‚
1656 1688 1688 1720 et
1702 1687 1779 1720 item
1799 1696 1956 1727 occasuS,
1974 1687 2224 1728 effulsionesque
2249 1690 2282 1720 et
2296 1687 2472 1719 adumbra-

1427 1746 1529 1780 tiones
1543 1747 1705 1779 interdum
1722 1755 1829 1787 mane,
1843 1746 2007 1779 interdum
2021 1750 2277 1786 vesperascente,
2294 1746 2474 1786 putantum

1425 1805 1644 1847 praecedentes
1662 1805 1779 1845 modo,
1801 1801 1899 1836 modo
1915 1804 2045 1837 relicti:
2077 1804 2124 1836 313
2143 1803 2228 1837 33131
2257 1803 2321 1836 1313
2347 1811 2476 1844 semper

1423 1862 1516 1903 juxta
1539 1863 1647 1896 solem
1662 1863 1810 1896 comitari
1828 1862 1988 1896 videntur.
2034 1863 2131 1901 Quod
2152 1863 2192 1895 iis
2211 1871 2275 1896 usu
2301 1861 2419 1895 accidit
2433 1870 2474 1894 ex

1426 1931 1485 1964 eo,
1500 1922 1588 1963 quod
1606 1932 1668 1955 una
1690 1922 1848 1956 medietas
1860 1946 1869 1964 ‚
1895 1923 1994 1964 atque
2010 1931 2113 1955 unum
2133 1922 2309 1963 punctum,
2335 1921 2386 1954 est
2404 1921 2472 1953 tam

1427 1981 1601 2014 solstitialis
1617 1981 1729 2014 circuli
1742 2006 1750 2021 ‚
1768 1990 1865 2023 quam
1881 1981 2051 2022 quuslibet
2069 1981 2200 2014 alterius
2217 1980 2382 2014 stellarum
2411 1980 2470 2012 ha-

1427 2049 1511 2072 rum.

1469 2101 1552 2132 CIX.
1571 2098 1717 2140 Denique
1729 2098 1916 2131 Heraclides
1935 2097 2111 2139 Ponticus,
2127 2106 2203 2131 cum
2225 2097 2382 2131 circulum
2409 2099 2468 2132 Lu-

1428 2158 1516 2191 ciferi
1536 2158 1748 2198 describeret,
1771 2157 1850 2190 item
1875 2156 1980 2198 Solis,
2005 2158 2038 2189 et
2060 2165 2163 2189 unum
2190 2159 2350 2198 punctum
2376 2158 2475 2200 atque

1429 2229 1525 2252 11113111
1549 2219 1754 2252 13311131313111
1784 2218 1912 2251 1111011113
1937 2217 2028 2250 daret
2045 2217 2193 2259 circulis,
2221 2217 2474 2259 demonstravit,

1428 2280 1464 2312 ut
1479 2278 1641 2312 interdum
1660 2277 1788 2311 Lucifer
1802 2277 1958 2319 superior,
1974 2276 2141 2310 interdum
2157 2276 2301 2318 inferior,
2317 2277 2392 2310 Sole
2404 2276 2470 2310 fiat.

1428 2341 1480 2374 Ait
1495 2340 1593 2380 enim,
1609 2341 1642 2372 et
1664 2340 1792 2380 Solem,
1811 2340 1845 2371 et
1861 2339 2004 2379 Lunam,
2024 2339 2057 2371 et
2081 2337 2281 2379 Luciferum,
2309 2339 2342 2371 et
2362 2345 2476 2373 omnes

1430 2399 1583 2440 planetas,
1603 2397 1658 2431 ubi
1673 2407 1784 2431 eorum
1798 2396 1934 2439 quisque
1950 2397 2011 2437 sit,
2027 2405 2092 2429 una
2107 2396 2194 2435 tinea
2205 2405 2224 2429 a
2243 2398 2364 2439 puncto
2378 2398 2473 2434 131113

1429 2468 1486 2500 per
1502 2458 1656 2501 punctum
1675 2457 1776 2491 stellae
1793 2458 1930 2490 exeunte
1945 2456 2172 2490 demonstrari.
2230 2456 2299 2489 Erit
2318 2465 2393 2499 ergo
2407 2464 2470 2489 1133

1428 2517 1511 2550 linea
1527 2517 1647 2550 directa
1657 2526 1695 2550 ex
1709 2518 1806 2551 terrae
1820 2515 1994 2549 medietate
2011 2515 2116 2549 Solem
2131 2516 2353 2550 demonstrans
2374 2525 2383 2547 :
2401 2518 2476 2548 duae

1428 2586 1506 2610 vero
1528 2576 1600 2609 alia‘.
1622 2576 1737 2609 dextra
1752 2575 1900 2616 laevaque
1919 2575 2129 2608 nihilominus
2159 2575 2291 2608 (11133131
2321 2575 2434 2615 tineae,
2456 2582 2476 2607 a

1400 2649 1404 2687 Ι
1430 2636 1503 2669 5013
1530 2635 1661 2677 quidem
1682 2634 1839 2667 distantes
1857 2635 2088 2676 quinquaginta
2103 2633 2278 2669 momentis
2293 2657 2304 2673 ,
2326 2642 2346 2666 a
2364 2642 2399 2666 se
2416 2642 2475 2666 au-

1429 2697 1495 2728 tem
1530 2695 1689 2734 invicem,
1718 2695 1847 2726 centum
1880 2702 1888 2722 ε
1934 2703 2071 2735 quarum
2111 2693 2212 2726 altera
2251 2692 2335 2726 linea
2359 2693 2476 2728 orienti

1430 2753 1576 2795 proxima
1594 2753 1793 2786 demonstrat
1805 2751 1989 2785 Luciferum
2001 2777 2010 2792 ,
2025 2761 2101 2784 cum
2117 2752 2246 2785 Lucifer
2260 2742 2470 2793 plurimum'a

1432 2812 1506 2845 Sole
1525 2811 1675 2850 distabit,
1691 2811 1794 2844 factus
1813 2810 1940 2843 vicinus
1955 2810 2164 2844 orientalibus
2182 2810 2298 2853 plagis.
2322 2811 2474 2852 Propter-

1430 2880 1531 2912 eaque
1561 2870 1646 2903 idem
1666 2869 1800 2911 Hesperi
1827 2878 1946 2902 nomen
1962 2870 2143 2911 accipiens,
2160 2869 2247 2911 quod
2267 2868 2300 2901 111
2327 2868 2396 2903 eois
2419 2877 2476 2902 ve-

1429 2939 1531 2972 spere,
1546 2931 1681 2971 postque
1697 2937 1848 2961 occasum
1858 2928 1952 2969 solis,
1963 2929 2124 2970 appareat.
2168 2929 2276 2961 Altera
2292 2936 2371 2961 vero
2385 2926 2470 2961 occi·

1430 2989 1517 3021 denti
1536 2988 1701 3030 proxima,
1726 2996 1801 3020 cum
1832 2987 2010 3029 plurimum
2038 2986 2168 3019 distabit
2194 2986 2280 3019 idem
2310 2985 2437 3021 Lucifer
2453 2994 2473 3018 a

1431 3049 1520 3090 Sole,
1551 3049 1654 3081 factus
1686 3047 1812 3081 vicinus
1846 3046 1989 3080 occiduis
2026 3059 2034 3080 z
2083 3047 2316 3088 proptereaque
2349 3045 2475 3079 Lucifer

1400 3133 1404 3139 .
1431 3109 1625 3141 nominatur.
1690 3107 1815 3140 Etenim
1835 3106 2044 3149 perspicuum
2060 3107 2135 3145 est,
2155 3106 2326 3147 hesperum
2344 3105 2474 3146 quidem

1401 3141 1406 3331 ἱ
1431 3167 1494 3199 dici
1510 3170 1596 3208 tunc,
1617 3175 1691 3212 cum
1709 3166 1744 3199 in
1760 3166 1907 3209 partibus
1924 3165 2056 3198 orientis
2076 3164 2222 3206 videtur,
2240 3172 2377 3205 sequens
2392 3163 2475 3197 Solis

1431 3235 1601 3267 occasum·‚
1616 3226 1802 3259 Luciferum
1814 3234 1911 3265 vero,
1931 3233 2006 3258 cum
2029 3226 2103 3257 3313
2124 3223 2232 3257 Solem
2246 3223 2426 3264 mergitur:
2442 3223 2474 3254 31

1433 3295 1566 3326 rursus,
1591 3290 1704 3319 exacta
1722 3285 1961 3327 propemodum
1987 3286 2098 3324 nocte,
2123 3283 2225 3321 oritur
2253 3284 2329 3315 ante
2352 3281 2473 3315 Solem.

1434 3345 1534 3384 (Vide
1553 3345 1701 3386 Figuram
1720 3344 1813 3386 XV).

1475 3405 1543 3436 CX.
1564 3404 1613 3437 Sit
1640 3404 1735 3445 igitur
1755 3407 1910 3445 punctum
1933 3403 2044 3443 terrie,
2066 3401 2222 3443 coelique,
2249 3400 2305 3433 ubi
2321 3403 2368 3433 est
2387 3400 2476 3434 litera

1433 3472 1455 3502 χ
1462 3472 1474 3500 ,-
1497 3461 1653 3495 zodiacus
1670 3471 1748 3496 vero
1767 3462 1907 3496 circulus
1919 3485 1930 3502 ,
1943 3470 2040 3504 super
2054 3469 2151 3503 quem
2167 3462 2244 3494 sunt
2260 3461 2334 3502 αβγ,
2356 3460 2442 3493 notae
2463 3468 2473 3491 ε

2636 628 2638 642 ⁴

2622 741 2628 773 l
