2606 3828
340 237 412 270 224

338 326 416 350 cum
433 316 692 358 spir-ilusmnus
703 315 963 347 elementarium
972 314 1137 352 mutuant,
1153 311 1244 353 quod
1258 310 1377 344 redde-

338 378 438 408 retur
450 384 527 407 cum
544 384 627 415 opus
643 374 731 409 soret
743 398 751 412 ‚
770 376 802 405 et
819 375 956 405 catera.

379 436 519 475 Corpora
542 436 647 465 nostra
672 443 708 465 ex
730 436 864 472 (piatuor
885 431 1026 463 materiis
1042 439 1112 462 esse
1131 430 1328 470 composita,-
1345 429 1378 462 in

338 494 486 534 promptu
511 496 570 524 est.
615 494 668 523 list
687 492 769 522 cuim
798 490 949 531 quiddam
974 490 1158 529 contiguum
1178 488 1211 521 in
1230 488 1269 521 iis
1291 487 1375 530 quod

338 553 435 585 tactui
456 553 590 593 resistit,
608 552 701 592 idque
719 551 786 582 sine
809 552 935 582 terrena
953 549 1111 582 soliditate
1128 558 1191 582 non
1215 550 1276 582 est.
1320 550 1378 582 Est

335 613 429 645 etiarn
450 612 586 644 calidum
606 610 710 650 aliud,
727 610 874 650 idemque
894 608 1019 641 visibile
1037 621 1045 641 ι
1067 617 1182 650 porro,
1202 617 1275 650 quoe
1301 608 1377 640 talia

335 671 430 711 sunt,
451 669 519 702 sinc
544 669 606 709 igni
627 677 696 699 csse
722 677 783 699 non
802 668 945 708 possunt.
990 668 1047 699 Est
1068 668 1221 708 praeterea
1246 666 1375 708 plenum

333 730 483 770 spiritus,
505 731 538 760 ut
557 730 632 759 sunt
661 728 709 758 liae
741 735 851 766 venae,
873 735 947 767 quae
978 727 1104 758 arteriae
1127 730 1368 768 nuncupantur.

330 792 388 823 Est
415 790 509 822 etiam
531 790 655 827 tirmior,
683 792 717 819 ut
747 787 874 827 sanguis
892 790 924 819 ct
942 788 1075 827 caetera,
1091 796 1164 828 quae
1188 789 1319 820 manant
1335 796 1374 820 ex

330 858 477 889 corpore.
525 847 584 879 Sed
600 855 700 885 neque
717 847 833 878 humor·
844 846 912 878 sinc
928 854 1010 887 aqua
1022 870 1031 885 ,
1046 855 1150 887 neque
1162 846 1290 887 spiritus
1305 847 1373 878 sine

329 916 401 939 acre
417 907 569 938 consistet
592 914 746 946 unquam.
790 907 845 937 Est
867 905 965 946 igitur
984 905 1015 937 in
1040 905 1228 946 corporibus
1259 905 1373 938 nostris

328 975 419 1006 aqua·v
434 965 552 1005 portio,
570 966 601 996 et
619 965 692 996 item
710 963 812 1003 aeris,
830 973 889 997 nec
905 972 969 995 non
990 964 1091 1004 ignis,
1113 967 1145 997 et
1162 966 1267 996 terrae.
1281 964 1372 997 Unde

327 1025 439 1064 opinor
453 1023 611 1055 bominem
626 1023 779 1054 mundum
797 1022 926 1055 brevem
942 1031 960 1054 a
974 1023 1135 1055 veteribus
1150 1022 1346 1064 appellatum
1360 1048 1368 1063 ,

327 1091 384 1113 nec
401 1081 570 1113 immerito.
616 1081 697 1118 Quia
712 1082 799 1113 totus
817 1079 977 1120 munduS‚
994 1082 1027 1113 et
1046 1081 1122 1114 item
1143 1081 1238 1113 homo
1263 1082 1369 1121 totus,

325 1152 364 1174 ex
388 1143 499 1174 iisdem
515 1145 589 1174 sunt
613 1141 782 1182 omnibus,
802 1150 935 1182 corpore
956 1141 1085 1182 quidem
1106 1141 1234 1173 easdem
1263 1143 1365 1173 mate-

324 1202 420 1233 t‹=rias
458 1201 614 1241 habente,
646 1201 751 1233 anima
782 1209 911 1242 quoque
945 1200 1039 1232 unius
1072 1199 1281 1241 ejusdemque
1311 1208 1368 1231 na·

325 1263 422 1292 turae.

366 1321 445 1352 cel.
459 1319 650 1352 Invisibiles
663 1328 757 1361 porro
767 1319 1026 1360 conjunctiones
1037 1319 1199 1361 pomphos
1209 1318 1362 1360 appellat;

323 1378 374 1410 vcl
399 1378 559 1410 minorum
589 1378 854 1419 corpusculorum
875 1379 1221 1419 coacervationem‚ut
1248 1378 1367 1410 Diodo-

324 1448 398 1479 rus;
421 1439 471 1471 vel
491 1438 666 1471 eorundem
689 1439 842 1471 similium
860 1439 942 1471 inter
956 1448 989 1471 se
1009 1438 1283 1479 conglobationem
1302 1438 1367 1470 sor·

326 1498 474 1529 mabilcm
488 1523 496 1538 ,
511 1502 545 1529 ut
561 1501 780 1538 Anaxagoras;
795 1498 845 1530 vel
863 1497 1119 1539 supradictorum
1134 1497 1362 1529 multiformem

326 1556 585 1597 implicationem,
603 1560 636 1588 ut
653 1557 870 1595 Democritus,
885 1558 917 1588 et
932 1557 1128 1597 Leucippus;
1142 1557 1192 1588 vel
1206 1556 1365 1588 interdurn

322 1615 568 1655 concretionem,
579 1615 738 1647 interdum
755 1614 990 1653 discretionem,
1001 1617 1037 1647 ut
1051 1614 1278 1656 Empedocles;
1294 1623 1365 1647 con-

321 1674 494 1706 cretionem
513 1674 643 1715 quidem
671 1674 862 1714 amicitiam,
879 1674 1101 1707 discretionem
1129 1683 1241 1715 porro,
1264 1677 1297 1706 et
1315 1683 1365 1706 se-

321 1733 516 1773 parationem
535 1733 731 1765 inimicitiam
747 1742 876 1765 vocans.
920 1733 991 1774 Vel,
1011 1735 1047 1765 nt
1062 1733 1157 1765 Stoici
1170 1756 1179 1774 ,
1194 1742 1364 1774 corporum

320 1791 517 1824 diversorum
540 1800 769 1833 usquequaque
786 1792 1030 1825 concretionem.
1055 1794 1199 1829 Quorum
1220 1792 1364 1824 omnium

321 1851 482 1890 quendam
503 1850 644 1891 nodum,
659 1851 1020 1891 concatenationemque
1033 1875 1041 1890 ‚
1062 1851 1139 1883 dicit
1160 1860 1228 1884 esse
1248 1852 1280 1883 in
1304 1852 1362 1883 mi-

321 1909 406 1940 nutis
422 1908 594 1949 solidisque
605 1909 815 1950 corpusculis,
827 1918 900 1950 quae
913 1909 1051 1951 γόμφους
1066 1911 1276 1950 cognominat.
1296 1910 1364 1943 Tali

319 1967 416 2007 igitur
427 1967 557 1999 liumani
573 1968 714 2008 corporis
733 1967 983 2000 exaedificatione
999 1970 1128 2001 aeternae
1147 1969 1262 2001 animae
1278 1969 1362 2002 duos

318 2027 485 2058 circuitus
503 2026 661 2058 addidisse
674 2026 749 2059 dicit
766 2028 869 2059 Deum
881 2038 890 2068 ;
903 2027 958 2068 qui
972 2027 1122 2060 circuitus
1135 2027 1252 2060 animae
1267 2037 1363 2069 opera

318 2086 411 2124 sunt,
429 2093 567 2125 quorum
586 2085 665 2117 alter
685 2084 891 2125 intelligentia
917 2085 983 2125 est,
1006 2085 1087 2117 alter
1103 2085 1222 2125 opinio.
1267 2087 1363 2117 Porro

319 2152 414 2175 omne
445 2143 528 2183 quod
560 2145 722 2184 operatur,
751 2143 792 2175 sit
821 2151 951 2175 necesse
978 2145 1038 2175 est.
1084 2143 1268 2176 Substantia
1289 2152 1363 2185 ergo

318 2202 434 2234 animae
448 2202 577 2234 minime
588 2203 635 2234 est
645 2203 773 2235 otiosa.>
787 2202 937 2243 Undique
952 2201 1047 2243 igitur
1059 2211 1175 2243 corpus
1188 2203 1361 2235 humanum

319 2262 444 2294 duabus
473 2262 663 2294 immortalis
692 2262 810 2294 animae.
839 2262 1140 2294 circumactionibus
1168 2262 1360 2305 obligatum,

318 2322 423 2352 totum
441 2323 536 2361 atque
556 2330 596 2352 ex
613 2320 763 2353 omnibus
782 2321 964 2362 regionibus
983 2322 1072 2353 vitali
1096 2322 1294 2354 sustentatur
1315 2323 1363 2354 vi-

318 2388 402 2419 gore.
452 2381 636 2419 Irriquum
666 2389 760 2420 porro
781 2379 1011 2422 fluidumque
1039 2389 1156 2421 corpus
1183 2384 1294 2422 vocat,
1320 2381 1362 2414 ob

318 2438 486 2478 praedictas
503 2439 673 2478 egestionis
693 2439 724 2470 et
738 2439 984 2471 exsaturationis
1003 2439 1099 2471 vices.

359 2499 458 2528 ceu.
482 2497 642 2529 Circuitus
658 2506 770 2538 porro,
788 2497 909 2538 inquit,
926 2500 967 2530 uc
985 2500 1135 2542 terrenti
1153 2498 1280 2540 rapido
1301 2499 1358 2532 de-

319 2554 459 2595 sluoque
481 2555 637 2594 obnqatt.
682 2557 868 2588 Torrentem
898 2558 992 2589 vocat
1029 2557 1144 2589 silvam
1173 2567 1359 2599 corpoream

320 2615 487 2653 propterca
506 2613 590 2652 quod
609 2613 748 2646 defluere
763 2623 827 2646 non
843 2615 988 2654 desinat,
1005 2625 1110 2657 neque
1133 2626 1272 2658 unquam
1294 2627 1358 2650 ma-

318 2673 390 2704 neat
402 2672 431 2702 in
446 2674 532 2703 certa
546 2674 577 2703 et
592 2672 622 2703 in
636 2673 740 2704 stabili
752 2675 940 2714 constantia,
953 2684 1012 2708 nec
1028 2678 1184 2709 teneatur.
1228 2677 1359 2710 Animas

318 2730 361 2760 ait
388 2738 522 2769 corpora
545 2739 612 2762 non
641 2733 810 2773 tenuisse,
831 2741 892 2765 nec
918 2742 995 2765 vero
1016 2734 1101 2775 ipsas
1129 2744 1148 2767 a
1173 2736 1360 2776 corporibus

319 2787 460 2826 potuisse
486 2788 638 2820 cohiberi.
683 2790 791 2826 Quare
818 2791 934 2823 animae
952 2800 1085 2833 corpora
1103 2802 1165 2824 non
1184 2794 1358 2834 regebant?

320 2847 393 2887 quia
411 2848 503 2879 nutui
521 2857 578 2879 suo
596 2850 627 2880 et
654 2849 739 2881 velut
760 2850 960 2882 refrenationi
982 2860 1040 2892 pro
1065 2853 1195 2897 arbitrio
1225 2856 1358 2895 corpora

317 2907 394 2937 tunc
407 2915 469 2937 non
483 2906 750 2946 obsequebantur.
764 2909 885 2941 Animae
899 2918 993 2950 porro
1003 2919 1019 2942 a
1032 2912 1217 2952 corporibus
1227 2913 1356 2945 demum

317 2973 381 2996 non
400 2964 600 3004 tenebantur,
619 2966 736 3007 quippe
756 2975 830 2999 cum
853 2967 923 3008 ipsa
946 2978 1080 3010 corpora
1100 2971 1222 3004 ambitu
1241 2972 1358 3005 animae

315 3021 635 3063 circumtenet-entur,
645 3029 676 3055 et
688 3024 755 3057 sine.
765 3026 934 3067 complexu
950 3028 1017 3068 eius
1028 3037 1101 3060 mox
1117 3029 1355 3071 dissiparentur.

316 3081 381 3113 Sed
401 3083 432 3114 υἱ
451 3081 628 3122 serebant,
647 3083 761 3123 inquit,
775 3085 808 3115 et
833 3086 977 3117 invicem
995 3085 1215 3127 serebantur.
1258 3091 1354 3122 Fere-

316 3139 430 3172 bantur
448 3140 578 3180 quidem
597 3140 637 3172 ad
654 3141 729 3173 vitia
740 3144 872 3182 cogente
895 3143 1067 3184 indigentia
1087 3147 1241 3187 corporis.
1258 3139 1355 3181 Fere·

315 3198 392 3230 bant
412 3207 487 3231 vero
508 3199 619 3231 eadem
639 3208 783 3241 corpora,
801 3201 897 3232 vitam
916 3202 1114 3244 salutemque
1140 3205 1251 3238 iisdem
1277 3216 1353 3248 pro-

315 3257 471 3297 curando,
483 3258 566 3298 quod
582 3260 630 3290 est
644 3259 806 3299 proprium
822 3268 940 3292 munus
957 3254 1147 3295 animarum.
1165 3265 1231 3296 Hoc
1246 3267 1352 3298 autem

315 3316 487 3356 utrumque
498 3318 620 3349 nonest
635 3317 702 3349 sine
717 3318 866 3350 violentia
882 3331 889 3350 ι
908 3320 1059 3359 quoniam
1074 3329 1132 3353 nec
1146 3322 1279 3363 animae,
1297 3333 1350 3355 vo-

316 3374 434 3405 luntate
450 3375 572 3415 propria
584 3376 615 3407 in
630 3377 706 3408 vitia
724 3377 925 3410 recidebant:
941 3387 1000 3411 uec
1010 3380 1196 3421 corporibus
1208 3380 1351 3422 placebat

315 3432 473 3464 naturales
489 3433 676 3474 indigentias
702 3435 783 3468 ferre
810 3444 848 3468 ac
873 3437 1027 3471 sustinere
1057 3438 1222 3481 patienter,
1243 3442 1351 3482 utpote

1053 224 1315 272 CllALcmlt
1355 223 1764 264 COMMENTARtUS

1438 321 1511 353 quae
1542 313 1664 345 naturae
1691 321 1760 345 suae
1787 312 2046 354 dissolutionem,
2070 312 2393 355 dissipationemque‚
2418 312 2483 348 ter·

1439 374 1521 404 rent.

1439 490 1510 528 tur,
1533 491 1709 530 praecipici
1735 491 1863 530 tamen,
1883 492 1916 523 et
1941 489 2149 523 inordinata
2159 489 2374 531 Jactanone.
2395 492 2482 524 Pm-

1437 547 1533 580 clare.
1577 550 1686 589 Neque
1716 549 1801 581 enirn
1820 548 1905 590 quod
1925 550 2034 582 movet
2059 549 2126 582 sine
2153 558 2192 581 eo
2217 548 2303 590 quod
2323 550 2481 598 movetur,

1437 606 1561 638 motum
1587 609 1691 648 potest
1719 607 1833 648 edere;
1852 616 1954 649 neque
1972 607 2103 640 demum
2124 608 2211 649 quod
2232 609 2397 649 movetur,
2413 607 2485 642 sine

1436 667 1587 698 movente
1602 676 1610 698 :
1624 666 1679 699 sed
1697 666 1862 708 utriusque
1875 676 1956 708 opus
1969 670 2018 700 est
2032 667 2214 708 praesentia.
2229 668 2271 700 Et
2282 669 2343 707 est,
2354 666 2481 709 opinor,

1435 723 1521 765 quod
1538 724 1667 766 quidem
1683 727 1802 763 movet.
1815 725 1923 758 anima
1938 738 1946 758 :
1961 725 2047 767 quod
2072 734 2150 758 vero
2167 727 2328 766 movetur,
2345 734 2490 767 ωτριιις,

1434 791 1472 815 ex
1485 782 1606 824 quibus
1619 787 1652 817 et
1667 784 1815 817 animalia
1830 786 2030 826 constant,et
2047 788 2152 817 motus
2161 778 2555 854 ωηιηιιῖίῖῖοτῗιιη

1434 841 1504 874 lioec
1519 842 1627 875 omnia
1644 845 1790 885 spectant
1807 852 1857 884 eo,
1870 846 1907 876 ut
1921 844 2118 885 concipiatur
2131 844 2248 877 animoe
2265 843 2338 876 vitoe
2351 843 2482 884 puerilis

1432 901 1571 934 amentia
1589 914 1597 934 z
1614 911 1743 943 quoque
1761 902 1856 935 modo
1872 911 1985 936 sensus
2011 903 2171 936 excitetur
2189 902 2339 936 omnibus
2357 903 2479 935 anima·

1433 959 1514 991 libus
1532 959 1709 992 secundum
1741 961 1888 992 naturam
1916 969 2038 993 eorum.
2062 963 2129 993 Sex
2153 961 2210 993 uli
2235 964 2350 994 motus
2374 960 2479 1003 sanu-

1433 1018 1537 1051 liares
1549 1021 1646 1052 sunt.
1691 1020 1749 1051 Est
1763 1019 1881 1060 quippe
1894 1019 1926 1051 in
1941 1018 1990 1050 liis
2009 1019 2108 1060 ignis3
2120 1019 2216 1060 cujus
2227 1021 2341 1052 natura
2351 1027 2480 1052 summa

1431 1078 1463 1109 et
1478 1077 1542 1110 alta
1561 1085 1687 1119 semper
1702 1077 1848 1119 capessit.
1872 1079 1928 1110 Est
1943 1077 2039 1110 etiam
2058 1079 2154 1110 terrae
2169 1077 2369 1119 aliquantum
2379 1101 2390 1118 ,
2404 1087 2479 1120 qum

1434 1136 1570 1168 mediam
1595 1136 1707 1169 mundi
1727 1136 1836 1169 sedem
1863 1137 1987 1169 obtinet
2009 1146 2018 1168 :
2045 1138 2093 1169 est
2118 1145 2248 1170 aereum
2274 1136 2428 1178 quiddam
2445 1141 2478 1171 et

1431 1194 1637 1235 liurnectum3
1662 1205 1735 1236 quae
1751 1195 1816 1228 duo
1838 1195 1902 1228 buc
1919 1197 2017 1237 atque
2033 1195 2109 1228 illuc
2127 1188 2210 1238 late,
2230 1197 2263 1229 et
2288 1205 2418 1238 prorsus
2432 1196 2473 1230 ad

1429 1254 1537 1286 omnia
1555 1256 1669 1287 natura
1691 1263 1748 1287 sua
1763 1255 1919 1287 teruntur.
1964 1257 2109 1293 Quorum
2124 1257 2274 1288 motuum
2286 1264 2418 1298 compos
2428 1257 2478 1290 est

1429 1312 1557 1346 animal.

1470 1374 1583 1406 CCIV.
1607 1373 1754 1406 Mobilior
1781 1382 1878 1415 porro
1911 1374 2020 1407 anima
2040 1374 2208 1418 puerilis,
2239 1377 2272 1409 et
2308 1374 2493 1424 inquieta„

1429 1433 1571 1465 maxime
1585 1432 1733 1474 quidem,
1750 1433 1792 1466 ob
1806 1433 2053 1467 irrationabilem
2072 1435 2189 1467 mentis
2205 1435 2452 1469 imbecillitatem
2463 1459 2474 1477 ‚

1428 1491 1570 1523 nondum
1586 1492 1709 1524 ratione
1724 1492 1860 1525 firmata.
1904 1493 2026 1526 Deinde
2044 1493 2087 1525 ob
2103 1494 2238 1526 nimium
2251 1494 2403 1536 calorem,
2415 1494 2473 1528 hu·

1428 1559 1615 1592 moremque
1631 1551 1663 1582 in
1679 1551 1732 1583 illa
1745 1553 1840 1584 aetate
1859 1551 2094 1594 abundantem,
2111 1552 2194 1586 sicut
2210 1554 2278 1595 ipse
2289 1554 2334 1588 ait
2352 1554 2385 1586 in
2406 1555 2472 1587 Le-

1427 1610 1531 1650 gibus,
1551 1619 1665 1651 pueros
1692 1610 1791 1642 nimio
1821 1610 1902 1651 ignis
1930 1611 2045 1644 luctari
2069 1613 2174 1645 calore
2203 1626 2212 1646 z
2239 1615 2471 1655 proptereaque

1427 1668 1624 1710 inordinate,
1641 1669 1708 1702 sine
1732 1669 1873 1711 judicio,
1901 1669 2110 1711 improbeque
2139 1669 2288 1710 omnino,
2307 1672 2414 1704 motus
2439 1672 2472 1703 in

1428 1727 1534 1769 pueris
1562 1729 1724 1761 naturales
1753 1728 1918 1762 celebrari.
1941 1735 1946 1753 ⁸
1963 1729 2054 1762 Unde
2071 1730 2136 1769 ait,
2151 1731 2324 1763 Immenso
2343 1733 2473 1772 quippe

1426 1790 1561 1829 ραι-9116
1585 1789 1773 1829 irriqante,
1788 1790 1828 1820 >et
1848 1787 2075 1821 immoderate
2093 1787 2272 1831 effluente.
2315 1789 2472 1831 Irrigante

1426 1847 1567 1888 quidem,
1581 1856 1654 1879 cum
1682 1847 1781 1879 nimio
1799 1848 1904 1880 calore
1920 1847 1982 1880 cito
2001 1849 2167 1881 confectus
2191 1848 2282 1881 cibus
2298 1849 2472 1882 resumitur

1424 1906 1541 1947 saepius
1569 1917 1578 1939 2
1607 1906 1756 1938 estluente
1784 1915 1880 1947 vcro,
1907 1906 2000 1947 juxta
2029 1907 2252 1940 necessitatem
2288 1907 2470 1948 egestionis.

1426 1966 1576 1997 Testatur
1596 1965 1804 2005 Hippocrates
1818 1989 1827 2005 ‚
1843 1965 1916 1998 cibo
1942 1965 2041 1998 nimio
2065 1968 2236 1999 recreanda
2254 1974 2323 1999 esse
2338 1965 2472 2008 puerilia

1425 2023 1568 2055 sanciens
1584 2031 1715 2064 corpora
1725 2047 1734 2062 ,
1747 2032 1788 2055 ne
1805 2025 2034 2056 consumantur
2047 2023 2172 2057 damnis
2184 2024 2364 2066 egestionis.
2408 2025 2483 2058 Sed-

1425 2081 1566 2114 adhibito
1582 2082 1652 2114 cibo
1671 2083 1780 2114 tenera
1801 2084 1879 2115 aetas
1895 2082 2082 2124 delectatur,
2097 2083 2285 2123 imminuto,
2298 2085 2355 2117 aut
2373 2083 2470 2118 dene-

1424 2142 1510 2180 gato,
1525 2140 1622 2173 dolet.
1640 2143 1687 2173 Ex
1703 2150 1768 2182 qno
1780 2141 1826 2182 fit,
1843 2143 1880 2174 ut
1895 2142 2094 2183 voluptatem
2110 2141 2239 2183 quidem
2255 2142 2467 2184 amplexetur,

1424 2199 1588 2239 tamquam
1604 2200 1722 2231 bonum
1735 2210 1746 2241 ;
1759 2199 1939 2232 offendatur
1953 2203 2060 2232 autem
2070 2200 2192 2241 dolore,
2205 2201 2358 2242 tanquam
2371 2200 2469 2236 malo.

1466 2261 1561 2292 CCV.
1576 2261 1694 2292 Etiam
1706 2269 1782 2302 quae
1791 2262 2009 2293 extrinsecus
2026 2261 2204 2302 accidunt,
2222 2261 2333 2303 frigus,
2352 2263 2386 2296 et
2402 2262 2468 2296 sio-

1422 2319 1522 2358 citas;
1554 2319 1704 2360 asperior,
1722 2319 1755 2352 et
1785 2319 1908 2361 durior,
1937 2322 2055 2351 tactus.
2103 2321 2184 2357 Quae
2214 2307 2323 2354 o'mnia
2355 2331 2467 2356 sensus

1422 2378 1562 2410 excitant
1575 2386 1723 2419 asperos;
1743 2386 1878 2419 quaeque
1893 2378 1941 2410 liis
1956 2378 2114 2411 contraria
2126 2381 2220 2419 sunt,
2235 2379 2418 2422 jucundos,
2433 2381 2468 2414 et

1423 2436 1636 2478 voluptarios,
1651 2437 1684 2468 in
1708 2437 1815 2478 tactu,
1835 2437 2042 2478 odoratione,
2059 2439 2200 2479 gustatu.
2224 2440 2315 2477 Quos
2333 2439 2466 2488 quidem

1424 2505 1537 2528 sensus
1547 2496 1593 2528 ait
1605 2497 1636 2528 et
1648 2497 1750 2528 initio
1762 2498 1796 2529 et
1809 2505 1902 2529 nunc
1916 2505 2029 2539 usque
2045 2499 2221 2530 maximos
2243 2500 2278 2532 ee
2299 2498 2467 2535 violentos

1421 2558 1534 2588 motus
1563 2556 1664 2588 ciere.
1721 2555 1847 2596 Quippe
1875 2565 1997 2597 sensus,
2023 2556 2196 2590 auxiliante
2226 2557 2320 2599 silva,
2357 2559 2467 2592 nimio

1421 2614 1692 2656 inordinateque
1713 2613 1822 2656 fluxu
1853 2617 1965 2648 totam
1998 2618 2158 2650 animam
2195 2619 2366 2660 actusque
2389 2617 2465 2659 eius

1420 2684 1533 2708 omues
1545 2676 1697 2709 violenta
1710 2678 1930 2710 concussione
1945 2678 2101 2711 turbare.
2135 2678 2282 2722 Cumque
2294 2678 2337 2712 sit
2348 2664 2465 2712 animai

1424 2743 1498 2776 pars
1524 2736 1622 2768 altera
1651 2735 1790 2768 sanctior
1815 2735 2037 2778 diviniorque‚
2062 2746 2136 2778 quae
2158 2744 2254 2771 mens
2285 2739 2391 2780 atque
2412 2739 2465 2772 tn-

1421 2794 1599 2831 tellectus,
1626 2803 1791 2836 nunquam
1819 2794 2023 2836 exorbitans,
2050 2804 2154 2837 neque
2182 2797 2256 2830 ullis
2278 2796 2463 2839 erroribus,

1418 2853 1546 2887 falsisve
1575 2853 1777 2895 opinionibus
1805 2853 2006 2895 derivabilis;
2037 2854 2142 2896 hujus
2166 2855 2308 2898 quidem
2329 2858 2464 2890 motum

1417 2912 1662 2951 cohibuerunt,
1673 2914 2010 2955 dominationemque
2020 2913 2094 2954 ejus
2107 2916 2143 2947 in
2156 2916 2231 2948 tota
2243 2917 2364 2949 anm
2373 2923 2463 2949 com-

1415 2974 1640 3015 pescuerunt,
1654 2973 1848 3005 contrarios
1865 2974 1979 3005 motus
2000 2975 2141 3014 aqentes
2154 2984 2165 3005 :
2180 2975 2216 3006 ut
2229 2975 2314 3007 esset
2329 2973 2461 3016 quidem

1417 3032 1596 3065 intellectus
1614 3032 1647 3064 in
1663 3032 1768 3064 anima
1780 3056 1789 3071 ‚
1807 3032 1863 3064 sed
1886 3032 1963 3064 nihil
1980 3033 2104 3073 ageret,
2123 3032 2371 3073 impedientibus
2389 3029 2462 3067 sen-

1416 3092 1513 3124 sibus.
1558 3092 1599 3123 At
1634 3099 1710 3123 vero
1734 3091 1822 3123 illam
1849 3091 1982 3123 alteram
2009 3094 2131 3131 partem
2159 3091 2294 3130 anirnoe,
2311 3101 2388 3133 quae
2410 3094 2460 3126 est

1415 3152 1550 3191 opinio,
1575 3150 1706 3191 perdere
1720 3149 1850 3191 quidem
1868 3149 1997 3182 omnino
2013 3158 2077 3182 nou
2108 3151 2255 3190 poterant
2281 3150 2368 3190 (narn
2389 3151 2460 3184 hoee
2516 3188 2522 3189 ⁷

1415 3217 1543 3249 quoque
1562 3209 1629 3241 erat
1641 3207 1775 3250 praedita
1790 3207 1898 3240 divina
1916 3207 2084 3248 potentia),
2099 3216 2159 3239 nec
2177 3207 2270 3246 solvi,
2284 3207 2343 3239 nisi
2357 3207 2402 3240 ab
2419 3217 2460 3242 ω

1415 3267 1499 3307 solo,
1518 3268 1572 3308 qni
1590 3268 1829 3308 connexuerat,
1851 3267 1977 3300 valebat
1995 3269 2068 3299 ante
2087 3266 2180 3298 fatale
2203 3266 2321 3298 animae
2344 3275 2457 3308 corpo-

1423 3326 1532 3366 risque
1548 3326 1703 3367 dijugium
1716 3352 1724 3366 ,
1742 3328 1923 3368 coeyeremt
1945 3328 2061 3360 tamen
2076 3325 2259 3358 adversum
2288 3328 2458 3359 naturam

1412 3393 1514 3417 suam
1541 3388 1619 3426 niti,
1634 3390 1731 3427 atque
1747 3395 1839 3428 agere
1863 3388 1954 3419 actus
1976 3385 2178 3426 incongruos,
2195 3387 2344 3425 cogentes
2367 3385 2455 3421 falsis

1414 3443 1615 3484 opinionibus
1633 3443 1772 3479 credere.

1479 430 1590 462 cClll.
1618 430 1838 472 conctnqebat
1854 439 1952 473 erqo,
1969 433 2010 464 ut
2034 433 2146 465 totum
2170 431 2307 465 animal
2328 439 2478 467 movere-
2510 415 2606 487 „⁷33⁴
