2606 3828
336 283 409 315 394
1068 272 1376 313 CYNICORUM
1406 274 1746 316 FRAGMENTA.

335 359 425 411 ἔχειν
445 357 660 410 παρέχεσθαι
680 356 793 400 λύσεις
813 359 872 393 τοῦ
891 355 1028 406 ἔχοντος
1046 354 1177 404 νόμου,
1199 355 1244 398 ὡς
1265 356 1283 392 ὂ
1307 355 1368 393 ἀν·

331 417 458 460 τίδικος
477 415 594 467 λέγει,
612 417 649 453 οὖ
669 414 850 467 βούλεσθαι
871 412 905 450 δὲ
930 411 1155 450 ἀνθίστασθαι
1175 414 1285 465 αὐτῷ,
1307 412 1369 459 τὴν

332 476 473 527 γνώμην
494 474 529 513 δὲ
543 474 706 519 ἐξετάζειν
727 488 785 510 του
803 471 916 515 θέντος
935 471 992 510 τὸν
1021 470 1126 522 νόμον
1148 473 1280 522 μᾶλλον
1315 473 1369 510 αἱ·

335 538 466 588 ρεῖσθαι
494 536 562 571 τῶν
582 531 765 570 συλλαὸῶν
790 533 859 569 τῶν
891 531 925 567 ἐν
948 531 1042 582 αὐτῷ
1072 546 1121 582 τῳ
1159 530 1268 602 νόμῳη
1282 532 1371 569 ὑπε-

331 593 473 635 ναντίως
505 593 655 644 ἐχουσῶν
678 605 752 638 σοι,
781 605 826 632 ως
850 590 868 626 ὃ
903 587 1128 638 Δημοσθένης
1156 589 1191 626 ἐν
1222 590 1272 626 τῶ
1293 603 1372 640 περι

333 651 500 704 στεφάνου
521 649 722 695 πεποίηκεν.
779 648 832 687 Οὔ
867 646 1055 698 δυνάμενος
1082 646 1150 699 γὰρ
1184 646 1292 692 δεῖξαι
1319 647 1372 686 ὅτι

332 709 441 755 ἔξεστι
461 708 537 752 τοὺς
552 706 756 750 ὑπευθύνους
779 705 1081 758 ἀνακηρύττεσθαι
1102 707 1137 744 ἐν
1156 708 1205 759 τῷ
1220 706 1370 759 θεάτρῳ,

332 770 450 808 τούτου
477 767 539 819 μὲν
570 767 591 804 ἀ
621 766 779 813 ίσταται,
797 765 860 813 τὴν
879 764 1024 817 γνώμην
1041 764 1077 803 δὲ
1097 768 1157 804 τοῦ
1187 764 1371 814 νομοθέτου

333 828 419 880 ὑπὲρ
440 828 544 864 αὐτοῦ
565 840 670 865 ουσαν
698 823 870 872 ἐξετάζει,
899 823 990 875 μετὰ
1014 827 1074 863 τοῦ
1098 825 1209 863 δοκεῖν
1234 823 1373 870 πλείους

333 888 372 927 ἂν
391 887 606 939 παρέχεσθαι
628 884 743 928 λύσεις
761 884 848 937 πρὸς
867 883 907 923 τὸ
923 883 1041 937 ῥητόν,
1057 885 1087 922 εἷ
1107 882 1282 924 ἐὸούλετο.
1302 882 1373 922 Καὶ

332 947 400 999 μὴν
424 946 503 998 περί
518 960 558 997 γε
572 947 632 983 τοῦ
648 945 682 982 ἐν
704 946 755 996 τῷ
772 943 907 997 θεάτρῳ
928 942 1232 996 ἀνακηρύττεσθαι
1251 941 1290 981 τὸ
1311 940 1373 992 μὲν

332 1005 489 1058 μυριάκις
509 1003 650 1057 μυρίους
672 1006 886 1055 κεκηρῦχθαι
915 1001 1139 1055 παραλείπω,
1160 1001 1219 1039 καὶ
1236 1001 1275 1039 τὸ
1291 1002 1376 1039 πολ-

330 1065 426 1109 λάκις
462 1064 565 1107 αυτὸς
597 1064 860 1123 ἕστεφανωσθαι
892 1061 1076 1115 πρότερον.
1148 1059 1256 1099 Ἀλλὰ
1290 1059 1375 1113 πρὸς

333 1127 431 1169 θεῶν,
453 1122 545 1161 ούτω
577 1121 696 1164 σκαιὸς
717 1124 746 1158 εἰ
767 1120 828 1159 καὶ
847 1120 1085 1168 ἀναίσθητος,
1099 1117 1307 1171 Αἷσχίνη,”
1283 1133 1374 1156 ωστε

330 1184 367 1221 οὐ
402 1182 548 1221 δύνασαι
584 1179 821 1231 λογίσασθαι,
852 1180 904 1217 ὅτι
933 1181 982 1232 τῷ
1010 1177 1074 1227 μὲν
1106 1177 1373 1231 στεφανουμένῳ

329 1241 386 1280 τὸν
407 1238 509 1278 αὐτὸν
537 1239 610 1291 ἔχει
631 1239 748 1287 ζῆλον,
770 1237 856 1277 ὅπου
882 1237 923 1276 ἂν
940 1237 1128 1290 ἀναρρηθῇ,
1147 1238 1164 1274 ὃ
1197 1235 1375 1289 στέφανος·

329 1302 388 1337 τοῦ
419 1299 455 1336 δὲ
489 1314 557 1336 των
589 1295 848 1349 στεφανούντων
869 1294 973 1334 ἕνεκα
1005 1293 1250 1368 συμφέροντος
1267 1296 1302 1333 εν
1326 1310 1375 1347 τῳ

330 1357 460 1409 Οεατρῳ
497 1355 652 1407 γίγνε*αῑ
698 1371 737 1394 το
770 1354 959 1416 χηρυγμα;
999 1355 1030 1392 Οἱ
1059 1352 1127 1406 γὰρ
1167 1354 1396 1398 ἀκουσαντξς,

331 1415 480 1459 ἅπαντες
498 1416 544 1458 εἷς
561 1414 601 1452 τὸ
626 1415 735 1451 ποιεῖν
756 1417 792 1451 εὖ
813 1412 876 1461 τὴν
895 1411 996 1451 πόλιν
1017 1411 1297 1465 προτρέπονται,
1316 1412 1376 1451 καὶ

332 1491 409 1518 τους
445 1472 671 1516 ἀποδιδόντας
703 1471 765 1519 τὴν
794 1472 897 1525 χάριν
928 1472 1061 1522 μᾶλλον
1101 1472 1282 1509 ἐπαινοῦσι
1316 1474 1375 1509 τοῦ

331 1531 623 1585 στεφανουμένου.
694 1529 805 1575 Δόξας
825 1530 893 1583 γὰρ
922 1528 1063 1574 πλείους
1091 1528 1184 1582 ἔχειν
1206 1528 1248 1567 ἂν
1269 1529 1378 1582 παρέ-

331 1595 455 1643 χεσθαι
473 1590 589 1633 λύσεις
604 1590 633 1626 εἷ
654 1589 818 1627 ἐὸούλετο
831 1619 842 1638 ,
865 1589 997 1633 ἐκείνας
1018 1588 1079 1640 μὲν
1102 1587 1292 1639 παρέλιπε,
1314 1588 1376 1635 τὴν

331 1649 475 1701 γνώμην
496 1648 532 1687 δὲ
563 1647 726 1693 ἐξετάσας
757 1646 834 1685 καθ’
854 1647 895 1694 ἣν
923 1646 1092 1700 συμφέρει
1119 1648 1252 1696 μᾶλλον
1272 1649 1305 1686 ἐν
1328 1649 1384 1700 τῷ

332 1708 464 1762 θεάτρῳ
496 1706 819 1759 ἀνακηρύττεσθαι,
851 1705 1050 1756 μεθώδευσε
1074 1705 1132 1744 τὸν
1153 1705 1278 1757 νόμον,
1299 1707 1377 1744 κατ’

333 1768 439 1806 αὐτοῦ
460 1766 522 1818 μὲν
541 1765 645 1816 ὄντα,
663 1764 787 1817 ἔχοντα
805 1764 841 1803 δὲ
863 1764 983 1810 οὕτως.

387 1826 447 1870 ις’.
478 1825 564 1864 Ἐὰν
585 1825 621 1863 δὲ
640 1825 806 1869 ἰσάζωσιν
838 1826 874 1862 αἱ
901 1823 1111 1872 ἀντιθέσεις,
1145 1825 1184 1862 ἐκ
1213 1823 1378 1871 διαὸολῆς

335 1884 396 1935 μὲν
414 1887 473 1923 τοῦ
493 1883 690 1933 ἀντιδίκου,
721 1882 920 1926 συστάσεως
939 1882 974 1921 δὲ
994 1885 1057 1930 τῆς
1076 1884 1202 1920 ἑαυτοῦ
1213 1912 1223 1930 ,
1250 1897 1378 1934 κρατυ-

333 1950 399 1987 νεῖς
418 1942 428 1965 ¹
446 1943 469 1981 ἃ
490 1941 554 1981 οἴει
583 1958 637 1981 σοι
659 1941 865 1995 συμφέρειν,
897 1943 943 1986 ὡς
971 1945 989 1981 ὁ
1017 1940 1244 1991 Δημοσθένης
1265 1943 1299 1979 ἐν
1326 1943 1377 1993 τῷ

333 2001 422 2040 κατὰ
440 2000 600 2045 Κόνωνος
613 2000 816 2048 πεποίηκεν.
833 1999 961 2044 Ὀντος
977 1999 1044 2052 γὰρ
1056 1998 1179 2037 τούτου
1194 2003 1254 2038 τοῦ
1273 1999 1378 2047 ζητή-

334 2076 462 2113 ματος,
487 2059 614 2111 ὄμοσον
632 2058 687 2099 σύ.
704 2058 811 2111 Οὐχί.
840 2057 932 2098 Ἀλλ’
950 2056 1018 2110 ἐγὼ
1034 2057 1164 2108 ὀμνύω.
1224 2058 1296 2097 Καὶ
1319 2061 1377 2096 τοῦ

333 2118 423 2158 κατὰ
446 2119 504 2157 τὸν
523 2120 624 2171 ὅρκον
654 2117 830 2163 ἷσάζοντος
843 2147 855 2165 ,
890 2116 1035 2169 πότερον
1058 2117 1187 2167 ὀμόσαι
1207 2117 1280 2163 δεῖ,
1301 2117 1379 2154 δια-

334 2178 450 2217 ἕαλὼν
466 2177 523 2217 τὸν
533 2179 657 2230 ἐχθρὸν
668 2177 729 2216 καὶ
739 2175 858 2224 εἰπὼν,
873 2175 924 2214 ὅτι
939 2175 983 2214 τὰ
995 2174 1175 2214 Ἑκαταῖα
1191 2174 1374 2225 κατήσθιε,

335 2237 394 2276 καὶ
413 2236 534 2283 ἠσέὸει
564 2235 646 2289 περὶ
666 2235 745 2279 τοὺς
764 2235 858 2278 θεοὺς
881 2234 960 2286 ἀεί,
988 2233 1134 2281 εὖσεὸὴς
1160 2234 1197 2272 δὲ
1225 2233 1294 2287 ἐγὼ
1320 2234 1379 2273 καὶ

334 2298 497 2334 πλεῖστον
516 2298 586 2334 τῶν
614 2294 821 2348 κρειττόνων
849 2293 1054 2345 ποιούμενος
1080 2292 1196 2346 λόγον.
1273 2292 1380 2333 Οὕτω

334 2354 395 2402 τὴν
414 2354 602 2399 ἷσάζουσαν
624 2353 794 2393 ἀντίθεσιν
819 2355 865 2397 ὥς
890 2353 981 2404 ᾤετο
1001 2352 1191 2405 συμφέρειν
1211 2352 1274 2403 μὲν
1298 2354 1379 2390 ἑαυ-

334 2416 383 2465 τῷ
397 2443 407 2462 ,
429 2415 550 2452 λυπεῖν
570 2413 606 2452 δὲ
625 2413 683 2452 τὸν
704 2412 876 2451 ἀντίδικον
890 2443 901 2464 ,
924 2411 1123 2464 ἓκράτυνεν,
1146 2410 1264 2459 εἰπών,
1285 2410 1381 2462 Ἐγὼ

335 2472 446 2511 τοίνυν
476 2471 595 2523 ὀμνύω
615 2473 661 2516 ὡς
683 2472 830 2522 νόμιμον
856 2472 934 2510 κατ’
955 2468 1116 2515 ἐξωλείας
1150 2472 1257 2508 αὖτοῧ
1276 2478 1297 2491 '²'
1316 2469 1377 2508 καὶ

335 2532 449 2582 γένους
464 2531 524 2571 καὶ
544 2531 677 2579 οἰκίας,
715 2529 993 2581 ἀξιοπιστότερος
1022 2530 1041 2566 ὁ
1060 2530 1128 2566 τῶν
1156 2530 1242 2567 θεῶν
1271 2529 1381 2566 πλείω

337 2589 538 2640 ποιούμενος
558 2590 673 2640 λόγον.

392 2648 444 2692 ιζ’.
464 2646 547 2686 Ἔτι
563 2646 644 2701 περὶ
664 2649 732 2686 τῶν
748 2647 898 2686 εὐλύτων
913 2645 973 2685 καὶ
993 2647 1062 2684 τῶν
1079 2645 1258 2684 δυσλύτων
1278 2649 1380 2684 ἀντι-

339 2708 478 2747 θέσεων.

392 2765 466 2810 Τὰς
487 2764 674 2809 ἀντιθέσεις
709 2765 793 2810 ὅσαι,
815 2764 931 2808 λύσεις
952 2763 1193 2816 ἐπιδέχονται,
1221 2763 1279 2802 ἐὰν
1317 2763 1380 2814 μὲν

339 2817 424 2862 ὦσιν
454 2823 612 2872 εὔλυτοι,
644 2823 913 2877 προηγουμένως
947 2823 1014 2866 θείς
1028 2852 1039 2870 ,
1072 2824 1132 2862 καὶ
1164 2822 1383 2861 κατασκευά-

341 2898 404 2926 σας
425 2881 482 2920 ἃ
466 2898 506 2920 αν
523 2884 541 2921 ὁ
562 2882 732 2926 ἀντίδικος
749 2881 831 2934 εἴπῃ
844 2887 875 2930 ¹¹,
896 2881 953 2920 διά
973 2898 1010 2920 τε
1031 2880 1248 2929 ἀξιοπιστίαν
1266 2881 1327 2920 καὶ
1344 2881 1382 2919 τὸ

340 2940 514 2980 πιστεύειν
533 2956 583 2994 τῳ
602 2941 727 2987 πλήθει
743 2943 810 2979 τῶν
830 2940 984 2989 λύσεων,
1003 2941 1112 2985 ούτως
1132 2940 1246 2992 ύπαγε
1265 2955 1281 2974 ⁰
1299 2940 1383 2992 πρὸς

341 3000 405 3047 τὴν
433 2999 620 3039 ἀντίθεσιν.
680 2998 768 3038 Ἐαν
799 2993 890 3037 δὲῗ
867 3015 889 3051 ῃ
917 2999 1104 3048 δύσλυτος,
1134 2999 1381 3073 προδιαὸαλὼν

342 3058 401 3096 καὶ
421 3057 629 3111 σαθροτέραν
649 3072 798 3103 ποιησας
823 3060 901 3101 ταῖς
925 3058 1125 3106 διαὸολαῖς,
1150 3058 1240 3097 ούτω
1268 3058 1383 3103 λύσεις

343 3115 491 3168 πρόφερε
505 3121 535 3156 ¹³.
552 3116 732 3167 Εἰσάγαγε
750 3115 786 3153 δὲ
799 3115 861 3159 τὰς
878 3115 1118 3168 ἀνθυποφορᾶς
1131 3115 1309 3159 ποικίλως.
1329 3115 1379 3155 Ἢ

343 3175 410 3226 γὰρ
433 3176 478 3218 ὡς
495 3173 646 3219 ἀκούσας
670 3173 737 3224 ὅ,τι
765 3172 884 3224 μέλλει
906 3173 1020 3225 λέγειν
1040 3177 1058 3211 ὁ
1079 3173 1268 3222 ἀντίδικος,
1288 3174 1310 3220 ἢ
1331 3174 1384 3212 ὅτι

343 3234 428 3284 πρὸς
446 3232 522 3271 τόδε
543 3234 595 3271 δεῖ
614 3235 751 3285 πρῶτον
771 3234 983 3278 ἀπαντῆσαι·
1005 3231 1027 3278 ἢ
1053 3232 1106 3269 ὅτι
1131 3232 1286 3278 ἀκήκοας
1306 3232 1382 3270 τόδε

344 3306 377 3328 τι
396 3291 532 3341 μέλλειν
553 3291 660 3336 λέξειν
682 3290 796 3329 αὒτόν·
813 3288 836 3337 ἢ
856 3289 908 3328 ὅτι
925 3289 1015 3342 ἅπερ
1034 3289 1200 3328 πέπεισαι
1216 3290 1296 3328 τάδε
1319 3291 1383 3327 αὖ-

345 3364 402 3388 τον
421 3348 541 3393 λέξειν·
572 3349 594 3396 ἢ
625 3349 676 3387 ὅτι
711 3348 814 3387 αὐτὸν
835 3347 905 3401 χρὴ
925 3349 1033 3386 τῶνδε
1053 3350 1120 3385 τῶν
1148 3347 1260 3397 λόγων
1297 3349 1382 3386 ἀπο·

347 3407 532 3445 κλείεσθαι·
555 3405 577 3453 ἢ
599 3407 652 3445 ὅτι
671 3409 738 3459 οὐχ
754 3406 857 3456 δ’μοια
879 3422 948 3449 τοις
968 3405 1085 3448 ἄλλοις
1110 3404 1301 3458 ἀνθρώποις
1316 3405 1383 3443 λέ-

348 3478 412 3517 γει·
429 3466 460 3502 οἳ
474 3463 534 3514 μὲν
549 3464 616 3517 γὰρ
636 3464 736 3513 τάδε,
757 3467 855 3508 ουτος
874 3463 908 3502 δὲ
926 3464 1023 3504 τάδε.
1078 3461 1131 3503 Ἢ
1151 3462 1271 3512 ουτως,
1295 3464 1383 3507 εἰκὸς

1430 356 1593 390 contineat
1606 357 1671 398 lex,
1696 360 1730 391 ut
1752 358 1797 391 ait
1812 359 2019 392 adversarius
2030 382 2040 401 ,
2054 359 2139 393 nolle
2151 363 2258 393 autem
2274 364 2305 394 te
2322 360 2472 395 adversus

1430 414 1516 447 illam
1531 415 1597 455 jam
1615 417 1790 458 disputare,
1810 417 1866 450 sed
1891 417 2060 451 consilium
2086 418 2192 460 potius
2205 419 2275 460 eius
2294 418 2349 462 qui
2370 419 2473 461 legem

1431 472 1514 515 tulit,
1533 483 1629 516 quam
1646 476 1784 517 syllabas
1800 479 1832 509 et
1845 477 1944 509 verba
1967 476 2062 518 legis,
2085 486 2160 519 quae
2174 477 2233 512 tibi
2251 477 2472 520 adversantur,

1435 534 1571 566 scrutari
1591 535 1696 576 malle,
1718 536 1989 576 quemadmodum
2017 537 2251 571 Demosthenes
2273 537 2306 570 in
2321 537 2476 571 Oratione

1431 591 1470 625 de
1489 601 1605 627 corona
1625 594 1708 628 lecit.
1765 597 1873 633 Quum
1895 595 1982 628 enim
2006 604 2070 628 non
2097 598 2205 636 posset
2233 595 2476 639 demonstrare,

1431 651 1526 685 licere
1539 653 1571 685 in
1590 654 1714 687 theatro
1730 655 1843 687 rationi
1863 654 2034 688 reddendae
2049 655 2207 688 obnoxios
2227 655 2385 697 praeconis
2397 664 2479 689 voce

1433 714 1621 757 praedicari,
1639 716 1701 749 boc
1717 716 1848 758 quidem
1871 716 2044 760 relinquit,
2062 717 2118 750 sed
2134 717 2306 751 consilium
2325 717 2479 760 legislato-

1433 778 1476 810 ris
1498 778 1539 811 de
1565 778 1618 811 illa
1639 788 1674 812 re
1689 780 1840 820 exquirit,
1867 782 1955 814 ratus
1978 780 2069 820 plura
2091 781 2165 822 sibi,
2186 781 2212 814 si
2234 780 2352 823 vellet,
2383 780 2482 815 etiam

1433 842 1588 875 adversus
1616 842 1718 883 legem
1737 842 1891 884 scriptam
1919 852 2073 885 responsa
2095 843 2182 876 baud
2203 844 2327 878 deesse.
2383 845 2482 887 Atqui

1433 903 1519 945 quod
1539 904 1654 937 attinet
1668 904 1709 936 ad
1724 904 1986 946 praedicationem
2000 906 2033 938 in
2053 896 2179 939 theatro
2196 905 2394 948 faciendam,
2407 914 2482 939 sex-

1434 967 1555 999 centies
1574 966 1706 1007 quidem
1726 969 1896 1000 sexcentos
1913 968 2102 1009 praedicatos
2130 973 2220 1003 taceo
2238 977 2358 1011 meque
2374 969 2483 1011 ipsum

1436 1038 1661 1071 saepenumero
1684 1030 1819 1064 antehac
1837 1030 1958 1064 ibidem
1983 1033 2184 1065 coronatum.
2227 1032 2290 1066 Sed
2307 1040 2363 1074 per
2383 1031 2481 1074 deos,

1434 1094 1519 1125 itane
1543 1101 1654 1125 vecors
1669 1101 1707 1125 ac
1721 1092 1854 1126 demens
1870 1102 1918 1135 es,
1933 1093 2103 1135 AEscbine‚
2118 1095 2156 1127 ut
2167 1096 2316 1134 reputare
2328 1102 2394 1128 non
2410 1102 2486 1136 pos-

1436 1155 1491 1193 sis,
1513 1155 1582 1188 viro
1613 1156 1668 1197 qui
1694 1157 1865 1189 coronatur
1890 1166 1986 1198 aeque
2013 1156 2188 1198 gloriosam
2212 1165 2284 1190 esse
2305 1164 2483 1198 coronam,

1437 1217 1621 1259 ubicunque
1649 1219 1702 1251 illa
1731 1219 1937 1260 praedicetur,
1973 1220 2027 1252 sed
2051 1219 2093 1252 ob
2110 1228 2224 1253 eornm
2250 1219 2308 1261 qni
2331 1226 2486 1253 coronam

1435 1279 1514 1313 dant
1542 1281 1797 1314 emolumentum
1834 1282 1868 1314 in
1898 1281 2026 1315 theatro
2055 1282 2123 1315 lieri
2158 1282 2344 1323 praeconiai’
2367 1285 2486 1316 omnes

1436 1344 1533 1384 enim,
1553 1345 1714 1385 quotquot
1739 1344 1924 1385 audierunt,
1945 1344 1985 1376 ad
2011 1344 2094 1378 bene
2118 1344 2310 1378 merendum
2328 1344 2371 1378 de
2393 1353 2486 1386 repu-

1439 1405 1522 1438 blica
1539 1406 1726 1448 incitantur,
1759 1415 1880 1448 eosque
1898 1407 1955 1448 qui
1981 1407 2116 1448 gratiam
2150 1406 2293 1440 referunt
2308 1405 2487 1447 majoribus

1438 1468 1588 1500 laudibus
1607 1470 1734 1510 ornant,
1755 1477 1853 1510 quam
1867 1477 1941 1502 eum
1958 1468 2012 1510 qui
2028 1477 2149 1502 corona
2165 1467 2345 1502 redimitur.
2377 1469 2486 1506 Quum

1438 1530 1523 1562 enim
1555 1530 1655 1562 videri
1683 1531 1792 1572 posset
1820 1531 1926 1571 plures
1961 1530 2079 1562 babere
2117 1531 2246 1571 paratas
2283 1528 2486 1569 solutiones,

1438 1592 1464 1624 si
1485 1592 1582 1625 vellet
1596 1592 1642 1625 illi
1658 1593 1705 1625 uti
1716 1617 1725 1633 ,
1743 1593 1794 1625 bis
1811 1592 2038 1634 praetermissis
2054 1590 2228 1624 consilium
2241 1590 2401 1632 excussit,
2417 1599 2487 1633 qno

1439 1654 1539 1695 magis
1561 1654 1714 1696 expedire
1732 1654 1873 1687 creditur
1890 1653 1971 1686 bene
1985 1653 2116 1687 meritos
2133 1653 2167 1686 in
2180 1653 2308 1686 theatro
2329 1653 2488 1695 praeconis

1439 1724 1518 1748 voce
1535 1716 1733 1758 renuntiari,
1761 1716 1859 1757 atque
1875 1715 1919 1748 ita
1943 1715 2046 1756 legem
2071 1714 2168 1748 elusit
2188 1713 2250 1756 ipsi
2276 1712 2408 1755 quidem
2432 1711 2489 1745 ad-

1439 1778 1635 1818 versantem,
1655 1777 1711 1810 sed
1727 1786 1765 1810 eo
1784 1777 1892 1810 datam
1913 1776 2061 1809 consilio.

1485 1840 1532 1869 16.
1556 1837 1590 1870 Si
1608 1837 1695 1878 paria
1712 1837 1876 1877 utrimque
1901 1835 1967 1868 sint
1991 1835 2246 1876 objectationum
2263 1836 2428 1867 momenta
2445 1835 2488 1866 e'x

1439 1896 1663 1928 criminatione
1678 1894 1859 1928 adversarii
1873 1895 1905 1927 et
1927 1894 1977 1927 tui
1990 1894 2090 1935 ipsius
2103 1893 2395 1933 commendatione,
2413 1883 2488 1926 con·
2540 1887 2543 1889 ’

1441 1955 1583 1988 firmabis
1604 1964 1641 1988 ea
1659 1963 1734 1996 quae
1753 1963 1859 1987 causae
1879 1955 1944 1987 tuae
1966 1953 2114 1994 prodesse
2131 1952 2281 1995 duxeris,
2301 1953 2339 1985 ut
2364 1953 2484 1986 Demo-

1439 2014 1568 2047 sthenes
1587 2014 1660 2046 fecit
1677 2014 1710 2046 in
1732 2013 1878 2046 oratione
1895 2013 2054 2045 adversus
2081 2013 2260 2045 Cononem.
2319 2012 2388 2044 Hac
2403 2010 2488 2044 enim

1439 2073 1618 2115 quaestione
1639 2073 1807 2112 instituta,
1829 2073 1909 2104 Jura
1925 2074 1971 2105 tu.
2016 2073 2100 2104 Non.
2139 2070 2203 2103 Sed
2219 2078 2279 2111 ego
2294 2069 2421 2111 iurabo.
2443 2072 2491 2103 Ac

1441 2134 1572 2174 paribus
1594 2132 1760 2166 hincinde
1777 2133 1847 2165 uter
1873 2132 1980 2173 jurare
2003 2130 2134 2164 deberet
2156 2129 2353 2172 argumentis
2370 2129 2488 2169 allatis,

1441 2192 1631 2225 criminatus
1652 2191 1821 2224 inimicum
1850 2191 1988 2224 Hecates
2024 2198 2134 2222 coenas
2159 2197 2306 2222 comesse
2331 2189 2364 2221 et
2390 2187 2490 2231 impie

1440 2260 1565 2293 semper
1587 2259 1662 2292 erga
1680 2250 1759 2283 deos
1774 2258 1809 2283 se
1825 2249 1974 2290 gessisse,
1991 2257 2049 2289 ego
2063 2249 2192 2284 autem,
2217 2246 2343 2289 inquit,
2362 2254 2489 2289 semper

1441 2311 1514 2351 pius
1536 2319 1574 2343 ac
1591 2309 1725 2342 deorum
1748 2317 1900 2342 reverens
1914 2308 1970 2340 tui.
2014 2307 2068 2339 Sic
2090 2309 2355 2347 argumentorum
2375 2307 2489 2347 aequa*-

1442 2371 1560 2404 litatem
1572 2396 1583 2412 ,
1596 2372 1633 2403 ut
1653 2379 1720 2403 suae
1736 2378 1842 2403 causac
1857 2369 2027 2411 prodesse,
2046 2368 2230 2401 adversario
2245 2369 2355 2401 autem
2374 2368 2490 2400 obesse

1442 2430 1586 2472 putabat,
1607 2429 1818 2469 confirmans,
1836 2430 1901 2470 Ego
1926 2428 2036 2469 igitur,
2061 2426 2179 2469 inquit,
2208 2426 2326 2467 jurabo
2345 2426 2490 2460 solemne

1439 2488 1686 2529 jusjurandum,
1714 2489 1784 2520 tum
1812 2487 1890 2519 milri
1919 2486 2000 2527 ipsi,
2033 2487 2101 2518 tum
2128 2485 2234 2526 genti,
2263 2487 2334 2518 tum
2362 2483 2489 2517 familiae

1442 2556 1522 2591 meae
1538 2547 1686 2587 exitium,
1711 2546 1739 2579 si
1757 2545 1916 2586 fefellero,
1946 2545 2142 2586 imprecatus
2173 2543 2332 2586 longeque
2346 2552 2402 2577 ero
2424 2541 2487 2576 fide

1441 2607 1573 2647 dignior,
1591 2606 1648 2647 qui
1665 2605 1743 2638 deos
1765 2604 1940 2645 religiosius
1954 2603 2049 2636 colui.

1486 2667 1535 2697 17.
1561 2665 1607 2696 De
1617 2662 1884 2704 obiectationibus
1897 2664 1969 2695 tum
1986 2661 2135 2709 facilibus
2150 2661 2191 2694 ad
2207 2660 2397 2695 solvendum
2415 2662 2484 2694 tum

1441 2723 1634 2756 difficilibus.

1484 2785 1531 2815 Ex
1551 2781 1819 2823 obiectationibus
1842 2781 2034 2813 solutionem
2064 2780 2309 2813 admittentibus
2337 2788 2392 2813 eas
2415 2788 2489 2822 qum

1443 2837 1532 2869 facile
1551 2836 1686 2877 possunt
1709 2834 1805 2875 solvi,
1834 2833 1952 2866 diserte
1967 2842 2112 2874 expone,
2134 2834 2167 2866 et
2183 2833 2337 2866 enarratis
2366 2832 2490 2874 perspi-

1442 2899 1504 2923 cue
1537 2889 1576 2921 iis
1602 2897 1675 2930 quae
1698 2887 1739 2920 ab
1759 2886 1940 2919 adversario
1969 2886 2131 2926 dicuutur,
2156 2888 2193 2918 ut
2218 2885 2282 2918 fide
2299 2885 2414 2927 dignus
2437 2885 2487 2917 vi-

1442 2943 1545 2976 dearis
1570 2943 1668 2982 atque
1693 2942 1731 2974 ut
1753 2939 1954 2972 multitudini
1967 2939 2165 2971 solutionum
2179 2939 2309 2971 tuarum
2324 2938 2488 2980 credatur,

1443 2995 1486 3027 ita
1509 2993 1698 3035 progredere
1721 2993 1764 3025 ad
1792 2991 2058 3024 confutationem.
2109 2991 2167 3023 Sin
2184 2992 2292 3023 autem
2314 2990 2488 3030 objectatio

1445 3047 1586 3079 difficilis
1621 3046 1663 3079 sit
1684 3046 1723 3078 ad
1760 3044 1963 3084 solvendum,
1998 3044 2086 3085 prius
2116 3052 2187 3076 eam
2223 3042 2423 3075 criminando
2456 3044 2489 3075 et

1443 3098 1719 3131 criminationibus
1775 3096 1994 3129 labefactando
2038 3096 2084 3128 ita
2136 3094 2330 3128 solutionem
2370 3094 2487 3135 profer.

1443 3153 1603 3184 Caeterum
1633 3150 1802 3183 relationes
1821 3149 1907 3182 varie
1930 3149 2044 3181 afferre
2070 3148 2129 3181 tibi
2155 3147 2273 3180 licebit.
2316 3146 2378 3180 Vel
2397 3146 2488 3188 quasi

1443 3204 1623 3244 audiveris,
1653 3202 1731 3244 quid
1759 3202 1906 3235 dicturus
1928 3201 1970 3233 sit
1996 3200 2217 3238 adversarius3
2247 3198 2298 3232 vel
2318 3198 2405 3238 prius
2427 3206 2486 3230 oc-

1444 3264 1573 3287 currere
1607 3257 1735 3295 oportet
1766 3254 1841 3286 huic
1874 3252 2102 3293 objectationi;
2135 3251 2185 3283 vel
2213 3241 2304 3282 fama
2330 3252 2363 3281 et
2395 3248 2487 3281 audi-

1442 3306 1529 3338 tione
1558 3307 1591 3337 te
1633 3305 1819 3346 accepisse,
1844 3305 1906 3336 boc
1943 3303 2161 3336 adversarium
2195 3310 2266 3334 esse
2303 3301 2486 3341 dicturum;

1444 3361 1493 3392 vel
1518 3360 1559 3392 de
1584 3359 1702 3401 quibus
1730 3359 1787 3392 tibi
1808 3368 1997 3400 persuasum
2022 3359 2073 3400 sit,
2116 3367 2152 3391 ea
2167 3355 2388 3389 adversarium
2416 3362 2488 3387 esse

1442 3414 1624 3454 dicturum;
1642 3414 1694 3447 vel
1709 3414 1759 3446 his
1773 3414 1951 3446 rationibus
1968 3422 2043 3446 eum
2062 3410 2321 3451 excludendum3
2342 3410 2395 3443 vel
2417 3417 2485 3442 non

1443 3470 1557 3502 similia
1572 3479 1645 3503 eum
1668 3478 1705 3501 ac
1721 3471 1854 3504 caeteros
1874 3469 1961 3510 loqui
1985 3469 2149 3508 homines3
2170 3466 2245 3509 quia
2274 3466 2401 3499 illorum
2422 3465 2483 3497 bu-

2586 616 2598 670 ἐ

2591 675 2598 702 ι
