2606 3828
287 270 360 303 232
1010 255 1271 296 CHALClDII
1300 255 1713 297 COMMENTARIUS

284 352 468 384 contineant
480 350 553 383 duoe
570 349 672 383 lineae.
689 350 773 389 Una,
792 356 864 389 quae
882 345 923 378 ab
942 345 1035 377 oculo
1054 344 1194 386 protecta
1209 352 1323 385 perve-

286 412 333 444 nit
351 410 391 443 ad
413 410 591 451 speculum.
635 409 741 441 Altera
753 431 761 446 ,
776 415 847 446 quae
863 414 880 436 a
898 403 1027 445 speculo
1045 403 1180 435 recurrit
1196 403 1235 434 ad
1250 403 1324 435 vul-

284 473 371 503 tum.
420 469 485 508 Qui
511 468 640 509 qurdem
657 467 808 506 angulus,
827 473 901 496 cum
918 463 978 495 erit
1004 464 1133 503 uenturi,
1153 462 1323 502 imaginem

284 529 432 562 vultuum
452 531 634 560 nostrorum
663 525 736 557 l‘acit
755 525 786 556 in
805 522 935 564 speculo
953 521 1072 560 videri,
1095 522 1260 553 remeante
1282 520 1322 552 ad

286 588 407 620 vultum
426 586 493 619 acie
518 587 614 626 atquc
630 584 702 616 inde
723 581 848 614 occulte
865 580 1085 622 praecipitante
1112 579 1321 612 simulacrum

286 646 316 678 in
335 645 455 687 speculi
475 645 591 676 sinum.
635 645 683 675 Ex
703 650 767 682 quo
786 642 839 678 sit,
861 643 894 672 ut
916 638 1025 671 vultus
1043 641 1151 670 noster
1172 637 1324 671 transisse

286 705 325 736 ad
345 704 509 746 specuium
531 703 670 743 putetur.
715 698 948 739 Quomodoque
967 697 1195 737 simulacrum,
1211 705 1230 729 e
1251 705 1323 737 spe-

282 764 354 795 culo
375 763 546 800 resultans,
564 770 602 793 ex
625 760 760 791 adverso
778 758 905 790 videtur
921 756 1119 789 consistere:
1138 756 1268 797 perinde
1286 764 1325 788 ac

284 823 309 854 si
329 822 392 853 duo
420 822 530 853 contra
560 820 679 851 stantes
709 818 837 849 dextras
866 817 972 857 partes
1001 815 1159 854 sinistris,
1180 815 1325 847 sinistras

284 881 359 912 item
380 878 501 911 dextris
521 878 631 910 obvias
650 876 786 908 babeant
805 888 812 908 ι
841 875 887 908 sic
904 874 1075 907 adversum
1095 883 1154 906 nos
1173 874 1325 914 imagines

284 941 417 976 nostrae,
434 937 562 969 dextras
584 939 616 968 et
631 935 774 966 sinistras
793 936 899 975 partes
923 942 998 965 cum
1023 933 1249 966 immutatione
1268 933 1326 965 de-

284 997 469 1028 monstrant.
515 994 603 1027 idem
635 993 771 1034 angulus
793 994 926 1032 acutus,
946 993 973 1024 si
991 1000 1031 1024 ex
1053 991 1161 1032 aliqua
1188 1000 1324 1024 conver-

282 1057 387 1094 sione,
407 1055 454 1086 vel
482 1054 649 1085 immutata
674 1052 828 1093 qualitate
854 1051 1046 1092 positionis,
1071 1050 1131 1083 erit
1149 1051 1272 1083 acutior
1294 1052 1326 1084 et

282 1114 442 1156 procerior
461 1113 580 1153 tactus,
600 1111 724 1152 longius
741 1111 894 1151 evagatus
905 1134 914 1151 ,
928 1111 1044 1143 cuncta
1058 1133 1068 1150 ,
1084 1118 1158 1151 quae
1177 1112 1250 1151 post
1267 1114 1326 1143 ter-

281 1182 354 1214 gum
384 1172 474 1204 nobis
501 1172 593 1211 sunt,
629 1171 662 1202 in
695 1170 827 1211 speculo
851 1169 953 1202 videri
980 1169 1066 1202 t'acit.
1112 1169 1234 1207 Quodsi
1263 1179 1326 1202 non

280 1233 410 1271 acutuS,
431 1230 486 1263 sed
508 1234 632 1269 rectus,
655 1229 714 1261 erit
732 1228 884 1269 angulus3
916 1231 992 1261 tunc
1015 1237 1071 1268 ea,
1093 1237 1166 1270 quoe
1187 1228 1226 1260 ad
1244 1228 1323 1261 dire·

281 1295 367 1323 ctum
400 1292 533 1331 rigorem
562 1298 659 1330 supra
674 1297 733 1321 nos
764 1289 859 1320 erunt
871 1312 881 1328 ,
910 1287 1115 1320 videbuntur.
1158 1288 1213 1321 Sin
1247 1296 1325 1321 vero

281 1350 395 1390 hebes,
413 1351 446 1382 et
464 1349 577 1388 lati0r;
596 1357 632 1380 ea
644 1371 653 1389 ‚
673 1356 746 1389 quae
763 1349 874 1380 contra
891 1355 951 1379 nos
967 1347 1141 1380 excelsiora
1157 1348 1234 1380 sunt
1246 1372 1255 1388 ,
1270 1355 1326 1389 ap-

283 1407 447 1449 parebunt.

326 1468 559 1499 ccxxxvni.
585 1465 680 1498 Nullo
707 1474 801 1506 porro
825 1465 942 1506 angulo
962 1464 1063 1506 lacto,
1084 1473 1143 1498 nec
1158 1465 1262 1498 fracto
1278 1473 1325 1497 ra-

284 1526 356 1566 dio,
378 1525 464 1558 nulla
491 1525 524 1557 in
547 1525 685 1565 speculis
707 1523 867 1557 duntaxat
894 1525 1000 1565 imago
1029 1525 1214 1566 proveniet,
1233 1526 1269 1557 ut
1294 1525 1327 1557 in

284 1583 440 1627 globosis,
466 1586 498 1616 et
527 1584 663 1624 sphaerae
693 1583 873 1623 similibus,
901 1583 997 1615 vasis.
1042 1586 1084 1615 At
1104 1592 1180 1616 vero
1205 1583 1232 1616 si
1256 1583 1328 1616 talis

283 1643 345 1676 erit
362 1642 482 1684 speculi
506 1642 624 1683 figura,
644 1643 679 1674 ut
699 1642 740 1674 sit
755 1642 824 1683 ejus
840 1651 980 1674 concava
995 1642 1178 1683 superficies
1191 1666 1199 1682 ,
1217 1645 1248 1674 et
1264 1644 1327 1676 tor·

284 1703 357 1735 nata
386 1701 417 1734 in
437 1701 569 1733 modum
597 1701 719 1742 scaphii
739 1700 906 1742 quadrati,
929 1702 979 1733 vel
1015 1701 1177 1742 imbricis,
1211 1701 1327 1734 debinc

284 1761 467 1793 intueamur
487 1760 548 1792 boc
576 1759 660 1792 idem
678 1759 844 1801 speculum
863 1759 908 1792 ita
930 1769 1123 1792 conversum
1135 1784 1144 1801 ,
1163 1764 1198 1792 ut
1222 1762 1328 1793 rectus

283 1821 430 1853 cernatur
464 1819 605 1859 imbrex,
636 1819 794 1859 margines
820 1828 914 1860 porro
946 1819 1034 1860 ejus,
1066 1828 1122 1852 seu
1144 1820 1327 1860 supercilia,

286 1879 360 1911 ilinc
378 1880 409 1911 et
425 1878 512 1911 illinc
531 1887 588 1920 pro
607 1878 762 1910 lateribus
776 1878 945 1918 assistant;
960 1880 1037 1910 tunc
1049 1903 1058 1918 ‚
1072 1879 1198 1919 opinor,
1219 1878 1329 1911 radius

284 1937 447 1977 incidens,
467 1939 499 1970 et
520 1937 674 1970 infractus
686 1961 695 1977 ,
712 1937 754 1969 ob
768 1937 882 1969 loevem
902 1938 1024 1978 speculi
1040 1938 1237 1979 rigidamque
1255 1939 1327 1970 soli·

284 1994 415 2028 dilatem
430 2018 438 2034 ‚
459 1994 491 2026 in
515 1994 700 2036 proximum
726 1994 811 2026 latus
833 1994 902 2035 ejus
919 1994 1090 2035 delabitur,
1108 1995 1141 2027 in
1159 1995 1329 2028 decumani

286 2053 384 2095 apicis
403 2053 550 2093 effigiem.
584 2053 634 2084 Ita
661 2051 765 2083 dextri
788 2052 896 2084 lateris
918 2052 1055 2092 imagine
1085 2053 1119 2086 in
1146 2053 1329 2095 sinistrum,

286 2114 403 2146 sinistri
417 2114 512 2145 etiam
532 2113 563 2144 in
581 2112 744 2151 dextrum,
764 2112 806 2144 ob
825 2112 1031 2145 eminentiam
1049 2114 1197 2154 marginis
1210 2114 1329 2147 utrius-

285 2181 369 2214 que,
391 2171 523 2210 directa,
552 2171 673 2203 dextrae
699 2172 804 2212 partes
834 2172 977 2211 nostrae,
998 2171 1096 2204 etiam
1119 2172 1153 2204 in
1178 2173 1329 2214 speculo,

288 2231 428 2270 dextrae,
445 2231 646 2271 sinistraeque
664 2230 742 2263 item
758 2231 896 2263 sinistrae
909 2231 1113 2270 videbuntur,
1129 2232 1234 2265 eterit
1248 2232 1331 2265 ima·

289 2289 370 2330 ginis
392 2288 479 2321 salsae
496 2288 671 2321 remedium
694 2289 798 2328 imago
821 2289 910 2321 salsa.
956 2291 1025 2322 Hoc
1042 2289 1125 2322 idem
1147 2291 1331 2331 speculum,

288 2348 314 2380 si
332 2347 459 2380 demum
479 2347 522 2379 ita
541 2347 601 2380 erit
619 2347 789 2379 adversum
805 2357 861 2380 nos
878 2348 1020 2380 locatum
1033 2373 1041 2388 ,
1063 2351 1100 2381 ut
1119 2350 1333 2383 eminentium

290 2406 467 2447 marginum
493 2407 572 2439 aiter
599 2407 745 2448 superior
763 2407 822 2447 sit,
844 2407 924 2440 alter
946 2408 1096 2449 inferior3
1122 2417 1180 2441 nec
1207 2410 1332 2451 rectus,

290 2465 346 2498 sed
361 2465 509 2506 obliquus
521 2489 530 2506 ‚
548 2468 697 2497 cernatur
716 2466 862 2507 imbrex;
881 2467 1046 2508 resupiuas
1065 2469 1206 2501 ostentat
1220 2468 1333 2509 imagi·

292 2533 366 2566 nes,
385 2525 417 2557 et
437 2524 609 2557 simulacra
627 2527 821 2566 praepostera
834 2549 844 2565 ,
868 2525 909 2557 ob
933 2526 1070 2559 similem
1099 2527 1224 2569 lapsum
1244 2528 1334 2561 fracti

292 2583 371 2616 radii
380 2592 436 2624 per
444 2584 585 2615 acclivia.
595 2584 741 2616 Directus
750 2585 866 2626 quippe
874 2585 963 2618 visus
971 2586 1012 2618 ad
1020 2587 1140 2628 speculi
1150 2587 1333 2630 supercilia,

293 2651 367 2676 cum
387 2642 514 2683 quidem
532 2643 729 2684 superiorem
748 2644 949 2684 conspexerit
967 2645 1170 2678 eminentiam
1183 2671 1193 2686 ‚
1224 2646 1333 2687 dejici-

294 2702 347 2733 tur
363 2700 585 2741 simulacrum,
599 2700 638 2732 ad
660 2701 723 2733 ima
738 2701 923 2742 resupinum
935 2714 944 2743 ;
958 2712 1032 2735 cum
1047 2713 1123 2736 vero
1140 2705 1333 2746 inferiorem,

297 2759 372 2791 tacit
392 2759 508 2791 saltum
531 2758 640 2791 vultus
662 2760 700 2790 ad
722 2759 890 2800 imaginem
907 2762 1114 2802 superiorem.

338 2819 536 2851 CCXXXIX.
560 2817 684 2850 Iudicat
701 2827 794 2858 porro
807 2827 936 2851 causam
953 2829 1059 2862 pravae
1074 2822 1250 2855 intuitionis
1266 2833 1337 2856 esse

297 2879 328 2909 in
353 2876 431 2909 radii
452 2877 605 2916 fragmine
623 2880 842 2909 commentum
866 2878 940 2911 tale.
985 2880 1109 2912 Etenim
1131 2881 1158 2913 si
1177 2881 1242 2914 duo
1263 2891 1334 2924 spe-

297 2936 378 2976 culaj
399 2935 446 2967 sic
463 2938 536 2967 ante
556 2935 703 2975 vultum,
732 2936 868 2968 alterum
886 2945 912 2970 a
934 2939 1020 2978 tergo
1050 2938 1270 2982 obliquatum,
1296 2951 1336 2974 ne

299 2994 490 3038 impediatur
508 2993 635 3035 objectu
659 2994 798 3035 corporis
810 2994 900 3027 visus
922 2996 1001 3028 radii
1015 2999 1243 3036 commeantis,
1259 3002 1338 3033 tunc

301 3053 483 3094 occipitium
508 3053 654 3086 nostrum
676 3052 792 3086 interni
812 3053 957 3087 videmus
976 3055 1008 3088 in
1026 3057 1151 3097 speculo
1175 3059 1259 3099 quod
1280 3060 1336 3091 lia-

302 3112 396 3144 betur
423 3119 443 3143 a
463 3111 563 3150 tergo.
607 3110 703 3148 Quod
731 3119 794 3143 non
815 3111 904 3144 tieret
925 3113 985 3145 nisi
1011 3114 1117 3148 radius
1135 3116 1267 3149 visualis
1285 3126 1339 3158 ap-

301 3169 422 3211 plicans
437 3176 471 3201 se
489 3167 528 3200 ad
547 3168 708 3209 speculam
726 3168 896 3202 adversum
907 3193 916 3207 ,
934 3170 1115 3213 tractusque
1131 3173 1200 3213 ejus
1213 3174 1338 3215 objectu

301 3228 420 3262 faceret
438 3227 612 3268 angulum,
639 3236 678 3259 ex
703 3237 767 3269 quo
788 3237 916 3261 rursum
936 3238 1101 3263 recurrens
1127 3232 1159 3265 in
1182 3234 1340 3274 posterius

278 3320 280 3323 ,
304 3295 339 3318 sc
357 3285 523 3327 speculum
541 3285 711 3325 arietaret,
730 3295 919 3327 rursumque
942 3287 1007 3321 illic
1021 3290 1135 3331 angulo
1152 3290 1235 3324 facto
1255 3292 1340 3325 desi-

304 3346 394 3377 neret
415 3344 445 3376 in
470 3345 606 3385 occipitii
627 3344 748 3378 sedem.
793 3348 900 3387 Atque
926 3347 966 3379 ita
982 3348 1069 3389 quod
1095 3358 1170 3383 vero
1189 3351 1257 3383 visu
1278 3362 1342 3385 non

307 3402 452 3441 sentitur,
478 3403 685 3436 discursantis
722 3404 789 3437 acei
822 3405 940 3439 iumine
976 3408 1133 3448 proditur.
1190 3411 1343 3444 Similiter

310 3469 383 3494 curn
411 3462 442 3493 in
464 3462 595 3495 modum
624 3465 719 3497 seclae
749 3472 899 3498 concavae
933 3467 1067 3508 sphaerae.
1088 3469 1259 3503 formatum
1286 3471 1344 3505 erit

1384 346 1565 387 speculum,
1582 346 1722 387 maiores
1740 345 1826 378 veris
1843 344 1952 378 vultus
1967 345 2131 388 apparent.
2175 345 2251 379 Ideo
2268 344 2356 388 qnod
2369 338 2431 379 uri·

1385 404 1481 446 dique
1505 415 1539 438 se
1566 405 1719 438 fundente
1746 404 1827 437 radii
1851 403 1971 437 lumine
1995 403 2086 438 velut
2117 405 2299 438 exaestuans
2325 405 2432 447 imago

1384 463 1563 505 porrigitur.

1427 523 1544 555 CCXL.
1569 524 1650 561 Quae
1669 522 1776 554 autem
1790 521 1970 563 παράφασις
1987 521 2029 554 ab
2047 521 2096 554 liis
2112 521 2302 564 appellatur,
2321 523 2434 564 prove·

1386 582 1431 614 nit
1452 583 1577 624 quoties
1590 591 1654 614 non
1673 582 1704 614 in
1721 582 1795 614 cute
1810 581 1950 622 speculi,
1968 580 2025 614 sed
2046 581 2221 614 introrsum
2234 582 2267 614 et
2279 582 2433 623 tauquam

1386 641 1417 674 in
1434 641 1650 683 penetralibus
1670 640 1877 673 simulacrum
1897 640 2071 681 invenitur,
2089 638 2308 673 obumbrante
2326 639 2434 682 aliqua

1385 699 1566 739 nigredine,
1593 701 1630 730 ut
1647 697 1678 730 in
1695 697 1848 739 perlucidi
1865 698 1994 740 quidem
2008 723 2018 739 ,
2037 698 2094 731 sed
2110 698 2191 732 susci
2211 698 2285 731 vitri
2301 697 2432 739 lamina,

1385 758 1437 791 vel
1459 757 1580 798 stagnis
1601 757 1680 789 atris
1705 766 1744 790 ex
1767 758 1837 790 atro
1870 757 2041 799 profundo.
2085 759 2177 791 Tunc
2203 758 2321 801 quippe
2344 757 2435 791 visua

1385 818 1563 858 ingreditur
1582 826 1647 849 non
1677 817 1758 850 adeo
1788 817 1921 850 densam
1948 821 2075 858 cutem,
2100 820 2134 851 et
2154 817 2242 852 videt
2259 817 2434 859 interiora,

1385 875 1440 907 sed
1459 884 1524 908 non
1540 875 1619 908 adeo
1635 875 1728 908 clare.
1773 874 1957 917 1nsringitur
1972 877 2080 909 tamen
2100 875 2228 917 radius,
2245 876 2288 909 ob
2313 877 2433 924 tersarn

1387 934 1555 976 perlucidae
1582 934 1726 967 materiae
1753 934 1974 976 superficiem,
2003 939 2036 968 et
2065 935 2349 969 obumbrationem
2370 934 2433 968 atri

1387 994 1503 1027 coloris
1515 1018 1524 1034 ,
1541 1002 1643 1035 usque
1661 993 1742 1026 adeo
1763 995 1799 1026 ut
1816 994 1875 1035 ipsi
1898 994 1995 1027 etiam
2019 998 2148 1028 nosmet
2165 994 2328 1034 videntes,
2347 994 2433 1027 intra

1388 1052 1551 1094 speculam
1573 1054 1701 1086 nosmet
1730 1055 1880 1094 putemus
1902 1054 2095 1094 consistere,
2111 1062 2172 1086 nec
2189 1061 2227 1086 os
2247 1055 2393 1086 nostrum
2416 1060 2436 1086 e

1386 1112 1516 1154 speculo
1530 1137 1540 1153 ,
1554 1112 1609 1144 sed
1626 1112 1710 1144 intra
1727 1112 1895 1153 speculum
1920 1112 2046 1146 videre.
2093 1115 2175 1151 Quae
2191 1120 2288 1145 causa
2306 1113 2376 1152 est,
2398 1113 2436 1144 ut

1386 1179 1460 1203 cum
1477 1170 1664 1203 accedimus
1681 1170 1722 1202 ad
1739 1171 1905 1212 speculum
1917 1195 1927 1211 ,
1944 1170 2049 1212 imago
2066 1170 2162 1204 etiam
2180 1169 2362 1210 proximare
2373 1193 2383 1210 ,
2403 1171 2437 1202 et

1387 1237 1461 1260 cnm
1477 1228 1633 1269 redimus,
1651 1228 1704 1261 ilia
1723 1228 1984 1271 etiamrvideatur
2001 1218 2062 1261 una
2079 1227 2239 1262 recedere.

1429 1289 1565 1320 CCXLI.
1589 1287 1692 1320 Iidem
1709 1296 1809 1319 unum
1826 1295 1896 1320 esse
1907 1287 2052 1328 radium,
2068 1287 2175 1329 quiex
2189 1289 2327 1328 utroque
2341 1285 2439 1318 oculo

1388 1347 1572 1388 porrigitur,
1597 1349 1863 1388 argumentantur
1883 1355 1921 1379 ex
1943 1355 1980 1379 ea
2003 1346 2154 1388 passione
2178 1353 2254 1388 qum
2281 1344 2438 1387 ὑπόχυσις

1388 1405 1508 1438 dicitur
1529 1418 1537 1439 ε
1560 1407 1591 1438 et
1606 1414 1644 1438 ex
1662 1405 1734 1437 visu
1750 1414 1862 1438 eorum
1873 1429 1883 1446 ,
1901 1405 1957 1446 qui
1970 1405 2110 1447 duplicia
2126 1405 2235 1438 videre
2249 1403 2436 1447 creduntur,

1388 1467 1421 1499 et
1441 1465 1557 1498 babere
1587 1465 1724 1506 pupulas
1752 1464 1854 1498 binas.
1913 1465 2038 1498 Etenim
2067 1473 2142 1497 cum
2170 1473 2298 1497 crassus
2321 1463 2439 1496 bumor

1388 1524 1432 1557 ita
1446 1524 1557 1557 oculos
1575 1523 1754 1564 obsederit,
1770 1526 1809 1557 ut
1825 1533 1890 1557 non
1912 1533 2042 1556 omnem
2059 1533 2171 1557 eorum
2189 1522 2395 1565 occupaverit
2406 1523 2440 1555 et

1389 1583 1552 1616 obtexerit
1576 1583 1756 1625 ambitum,
1775 1583 1883 1617 sedin
1910 1583 2079 1617 medietate
2106 1582 2304 1623 constiterit,
2329 1580 2440 1614 liberis

1390 1644 1465 1676 binc
1481 1643 1555 1677 inde
1572 1644 1718 1685 partibus
1743 1644 1812 1677 suis
1830 1657 1838 1678 ε
1854 1645 1934 1677 tunc
1955 1644 2057 1677 scisso
2073 1643 2163 1676 radio
2182 1642 2338 1676 dividitur
2358 1642 2439 1676 bit'a·

1392 1703 1472 1735 riam
1491 1703 1581 1735 visus
1593 1727 1603 1742 ‚
1620 1704 1652 1736 et
1672 1703 1728 1744 qui
1746 1703 1808 1735 boc
1830 1703 1911 1735 vitio
1929 1702 2099 1742 laborant,
2116 1702 2258 1743 duplicia
2280 1700 2388 1734 videre
2405 1709 2442 1734 se

1390 1763 1532 1795 censent.
1575 1764 1659 1803 Ergo
1679 1762 1776 1795 etiam
1786 1761 1820 1804 in
1835 1762 1969 1804 geminis
1992 1760 2121 1803 pupulis
2137 1761 2222 1794 idem
2241 1760 2356 1794 vitium
2371 1769 2441 1793 me-

1391 1821 1537 1853 dicorum
1568 1821 1686 1862 detegit
1713 1821 1923 1863 experientia.
1967 1823 2113 1862 Namque
2146 1819 2271 1853 bicorni
2301 1819 2441 1852 naturali

1391 1880 1522 1922 quidem
1543 1881 1664 1921 pupula
1680 1883 1767 1912 recte
1778 1904 1788 1921 ‚
1805 1888 1878 1920 quae
1895 1880 1970 1912 sunt
1982 1903 1990 1918 ,
2010 1878 2160 1911 videntur
2176 1890 2184 1911 z
2201 1876 2256 1911 illa
2273 1885 2352 1910 vero
2366 1875 2441 1919 alia,

1392 1940 1567 1972 simulacra
1594 1948 1714 1972 rerum.
1759 1939 1964 1980 Quapropter
1986 1936 2124 1978 medici,
2157 1935 2246 1979 quod
2272 1935 2346 1977 plus
2370 1935 2443 1977 est,

1392 2007 1491 2040 quam
1509 2001 1623 2031 natura
1638 1997 1820 2038 desiderat,
1841 1997 1960 2030 tollunt
1979 2009 1988 2028 ε
2005 1998 2038 2029 et
2055 1995 2143 2028 illam
2159 1996 2276 2037 proeter
2291 1996 2443 2028 naturam

1393 2061 1547 2103 pupulam
1569 2060 1768 2101 interimunt,
1786 2059 1937 2100 imposita
1953 2058 2110 2091 cicatrice.
2154 2059 2228 2096 Quo
2247 2057 2331 2093 tacto
2347 2065 2444 2090 revo-

1393 2121 1484 2152 catur
1499 2119 1588 2152 visus
1604 2119 1757 2152 naturalis
1774 2118 1950 2158 integritas.
1996 2119 2054 2150 Hae
2069 2118 2146 2150 sunt
2159 2117 2200 2150 de
2216 2116 2289 2150 visu
2301 2115 2444 2158 probatae

1394 2179 1560 2212 sententiae
1575 2179 1732 2219 veterum,
1748 2177 1803 2218 qui
1811 2177 1888 2209 milii
1903 2177 2054 2209 videntur
2066 2175 2208 2218 acceptis
2219 2173 2444 2208 occasionibus

1395 2248 1414 2271 a
1437 2238 1573 2271 Platone
1589 2246 1684 2270 suum
1709 2236 1874 2278 proprium
1891 2235 2004 2268 recisse
2018 2235 2145 2276 dogma.
2189 2236 2272 2268 Nam
2290 2241 2367 2266 cum
2389 2231 2445 2266 ille

1397 2297 1569 2339 perfectam
1587 2297 1743 2329 rationem
1762 2294 1904 2327 attulerit
1920 2293 2129 2335 docueritque
2150 2293 2217 2326 tam
2243 2292 2346 2334 ipsam
2364 2299 2444 2324 cau·

1394 2365 1464 2388 sam
1481 2355 1634 2395 videndi,
1649 2363 1745 2396 quam
1762 2356 1878 2387 caetera
1889 2378 1899 2395 ,
1911 2363 1984 2396 quae
1998 2362 2128 2386 causam
2140 2353 2332 2395 sequuntur,
2345 2355 2444 2394 atque

1394 2414 1560 2455 adjuvant,
1581 2415 1614 2447 et
1628 2413 1697 2446 sine
1711 2413 1829 2455 quibus
1850 2413 1936 2446 visus
1952 2422 2017 2445 non
2033 2413 2137 2455 potest
2150 2411 2326 2453 exsistere,
2339 2410 2444 2452 junio·

1397 2483 1448 2507 res
1466 2474 1604 2515 sumptis
1620 2483 1658 2506 ex
1678 2473 1772 2515 plena
1794 2473 1951 2505 sententia
1970 2472 2133 2514 partibus3
2155 2471 2196 2505 de
2213 2470 2328 2505 iisdem
2343 2468 2446 2513 parti-

1397 2533 1458 2566 bus
1471 2558 1481 2574 ,
1498 2534 1651 2574 tanquam
1672 2532 1712 2565 de
1733 2532 1961 2572 universitate,
1975 2533 2143 2565 senserunt
2162 2541 2172 2564 :
2191 2533 2444 2574 proptereaque,

1398 2593 1436 2624 ut
1454 2592 1509 2632 qui
1527 2600 1605 2624 vera
1626 2591 1757 2631 dicant,
1774 2591 1888 2624 merito
1905 2593 2045 2625 movent.
2090 2590 2150 2623 Sed
2169 2590 2248 2632 quia
2265 2589 2353 2623 nulla
2367 2599 2445 2632 par·

1397 2650 1439 2683 tis
1459 2650 1610 2692 perfectio
1632 2651 1700 2690 est,
1722 2649 1923 2691 aliquatenus
1942 2649 2131 2690 succidunt,
2156 2650 2193 2682 ut
2208 2648 2352 2691 exposita
2374 2647 2445 2682 Pla-

1396 2709 1483 2743 tonis
1502 2709 1658 2742 sententia
1670 2733 1680 2750 ,
1698 2717 1749 2741 res
1774 2710 1843 2749 ipsa
1861 2708 2104 2742 demonstrabit.

1439 2769 1491 2801 CC
1503 2770 1606 2801 XLII.
1631 2769 1748 2800 Censet
1771 2767 1857 2799 enim
1881 2765 1972 2800 Plato
1990 2767 2100 2799 lumen
2118 2775 2159 2799 ex
2175 2767 2446 2809 oculisprot'undi

1401 2836 1515 2868 purum
1531 2852 1540 2868 ,
1563 2828 1596 2860 et
1615 2826 1792 2868 liquatum,
1826 2826 1914 2868 quod
1944 2826 1984 2859 sit
2010 2826 2100 2859 velut
2125 2826 2196 2860 t'ons
2214 2827 2348 2869 quidam
2365 2828 2447 2870 ignis

1398 2886 1503 2918 intimi
1519 2886 1642 2927 nostri,
1656 2885 1778 2918 habens
1795 2894 1869 2918 cum
1885 2885 2044 2918 solstitiali
2068 2885 2190 2919 lumine
2203 2886 2444 2928 cognationem.

1397 2945 1478 2978 Solis
1495 2954 1590 2986 porro
1606 2945 1714 2978 iumen
1732 2945 1984 2978 instrumentum
2001 2945 2118 2978 animae
2134 2945 2202 2978 tore
2217 2946 2256 2978 ad
2273 2945 2445 2981 visibilium

1398 3004 1576 3045 specierum
1600 3004 1902 3045 contemplationem
1928 3017 1936 3037 z
1955 3004 2114 3045 siquidem
2133 3004 2172 3036 ad
2198 3005 2310 3038 oculos
2327 3005 2446 3039 seratur

1397 3072 1534 3104 quorum
1561 3062 1708 3104 laevigata
1735 3063 1904 3103 soliditas,
1937 3066 1969 3095 et
1995 3065 2081 3095 tersa
2114 3063 2311 3104 rotunditas,
2333 3066 2446 3106 utpote

1398 3122 1519 3154 munita
1549 3122 1667 3154 tunicis
1693 3122 1792 3155 textis
1821 3122 1910 3155 tenui
1940 3130 2112 3155 nervorum
2143 3122 2362 3163 subtegmine,
2384 3123 2446 3157 lert

1398 3179 1489 3213 facile
1513 3181 1643 3213 obviam
1663 3181 1787 3215 iucem.
1814 3181 1968 3214 Medietas
1987 3190 2087 3222 vero,
2103 3181 2140 3213 in
2158 3189 2222 3223 qua
2240 3181 2446 3215 constituitur

1399 3239 1528 3271 videndi
1552 3241 1621 3282 vis,
1644 3240 1771 3273 delicati
1789 3241 1948 3282 corporis,
1968 3242 2000 3273 et
2024 3241 2174 3280 sincerae,
2192 3240 2444 3281 propemodum-

1400 3306 1462 3338 que
1488 3298 1708 3341 incorporeae,
1736 3299 1905 3341 puritatis,
1927 3299 2068 3332 admittit
2094 3298 2375 3340 contemplationis
2394 3300 2444 3333 in·

1402 3366 1558 3397 gressum.
1603 3361 1776 3400 Causaque
1801 3359 1983 3400 principalis
2012 3358 2142 3390 videndi
2170 3357 2278 3390 lumen
2298 3359 2347 3391 est
2372 3359 2444 3392 inti-

1402 3425 1510 3459 mum,
1527 3427 1586 3451 nec
1607 3419 1716 3452 tamen
1743 3428 1976 3462 usquequaque
1990 3419 2130 3461 perfecta
2141 3442 2152 3459 ,
2170 3420 2202 3452 et
2224 3418 2386 3452 sufficiens
2401 3419 2444 3452 ad

1404 3477 1544 3510 muneris
1570 3479 1780 3520 competentis
1818 3478 2084 3520 perfunctionem.
2130 3481 2221 3520 Opus
2246 3481 2294 3512 est
2325 3481 2443 3520 quippe
