2638 3840
347 272 395 305 96
1181 261 1642 302 PYTHAGOREORUM

347 357 455 392 ταῦτα
478 351 600 405 ἢπρὸς
619 351 754 399 ἄλληλα
771 350 936 403 ὑπάρχειν
957 349 980 396 ἢ
1000 349 1083 402 πρὸς
1103 351 1218 399 ἡμᾶς,
1242 350 1276 387 ἐν
1293 355 1381 388 πᾶσι

346 411 381 450 δὲ
412 412 451 451 τὸ
481 411 585 462 μέσον
604 410 642 449 τὸ
671 411 756 464 πρὸς
778 413 868 460 ἡμᾶς
895 408 1093 460 βέλτιστον,
1118 411 1218 446 τοῦτο
1248 407 1315 461 γάρ
1343 410 1379 447 ἐ-

346 487 421 511 στιν
444 470 529 523 ὅπερ
548 468 596 494 ²⁶¹
617 473 639 517 ἡ
663 470 839 519 ἐπιστήμη
856 468 987 506 κελεύει
1006 467 1066 505 καὶ
1085 469 1103 504 ὁ
1116 467 1215 518 λόγος
1239 467 1381 520 (τὸγὰρ

346 530 450 579 μέσον
467 531 504 567 οὐ
519 528 573 567 τὸν
591 532 649 566 τοῦ
670 532 776 565 ποσοῦ
797 526 900 564 τόπον
915 526 1036 577 ὁρίζειν
1051 555 1061 572 ,
1078 524 1168 563 ἀλλὰ
1187 524 1244 563 τὸν
1265 529 1379 573 ποιοῦ,

346 588 389 625 δι’
410 586 428 626 ὃ
448 587 507 625 καὶ
533 588 660 625 τέλειον
688 580 773 623 εἶναι
794 587 843 636 τῷ
875 584 963 622 οὕτω
992 583 1052 622 καὶ
1073 584 1187 635 ἄκρως
1209 583 1315 635 ἔχειν·
1338 585 1382 629 τὰ

345 646 373 683 δ’
390 645 526 684 ἐναντία
546 662 619 689 πως
638 645 696 682 καὶ
715 643 877 690 ἀλλήλοις
895 645 1106 682 ἀντικεῖσθαι
1129 643 1188 681 καὶ
1206 646 1256 697 τῷ
1274 643 1382 696 μέσῳ·

346 704 484 741 ἐναντία
505 704 532 741 δ’
550 698 636 741 εἶναι
652 703 713 748 τήν
731 702 759 739 τ’
776 701 927 755 ἔλλειψιν
948 702 1007 740 καὶ
1026 701 1088 749 τὴν
1109 701 1323 754 ὑπερὸολήν,
1343 702 1383 742 τὸ

345 762 381 799 δὲ
403 761 507 811 μέσον
538 762 621 813 πρὸς
649 761 809 813 ἑκάτερον
831 759 943 812 ἔχειν,
963 759 1048 813 ὅπερ
1076 760 1116 798 τὸ
1138 759 1215 799 ἴσον
1239 761 1325 813 πρὸς
1343 762 1382 799 τὸ

346 819 460 859 ἄνισον
479 820 624 859 πέπονθε
637 850 646 867 ,
667 823 729 857 τοῦ
753 819 814 869 μὲν
836 820 1014 863 ἐλάττονος
1042 821 1161 859 πλεῖον
1181 819 1238 867 ὅν,
1259 822 1319 859 τοῧ
1346 819 1382 858 δὲ

346 877 498 921 πλείονος
518 876 692 928 ἔλαττον).
723 878 773 916 Τὸ
797 871 855 916 οὖν
876 877 960 930 πρὸς
975 881 1070 927 ἡμᾶς
1091 876 1196 928 μέσον
1217 876 1380 930 ἄριστον,

344 930 412 974 οἶόν
427 951 529 989 φησιν
543 938 560 973 ὁ
575 935 795 988 Θεόφραστος
805 937 839 974 ἐν
857 941 926 979 τοῖς
941 936 1020 987 περὶ
1040 934 1231 987 Εὐτυχίας,
1253 935 1304 973 ὁδὶ
1319 933 1381 985 μὲν

344 996 456 1033 πολλὰ
480 994 620 1033 διελθὼν
635 994 695 1032 καὶ
718 997 860 1045 μακρῶς
882 994 1137 1046 ἀδολεσχήσας,
1158 994 1209 1033 ὁδὶ
1229 995 1260 1032 δ’
1281 993 1382 1045 ὀλίγα

344 1056 406 1106 μὲν
426 1055 502 1094 οὐδὲ
519 1058 732 1106 τάναγκαῖα,
755 1050 849 1099 οὗτος
883 1056 917 1094 δὲ
939 1055 1028 1094 αὐτὸ
1050 1056 1071 1094 ἃ
1097 1055 1190 1105 ἔδει,
1213 1054 1301 1107 μηδὲ
1325 1055 1382 1093 τὸν

342 1114 461 1166 καιρὸν
477 1114 607 1154 λαὸών.
682 1114 780 1161 Αὕτη
800 1114 948 1165 μεσότης
968 1115 1052 1167 πρὸς
1070 1118 1182 1164 ἡμᾶς,
1203 1114 1291 1162 αὕτη
1313 1114 1381 1166 γὰρ

342 1173 397 1227 ὑφ’
418 1176 518 1223 ἡμῶν
533 1172 679 1223 ὥρισται
700 1176 749 1225 τῷ
769 1173 877 1225 λόγῳ.
934 1175 988 1212 Δι’
1005 1173 1025 1211 ὅ
1041 1174 1132 1211 ἐστιν
1153 1177 1174 1220 ἠ
1194 1173 1298 1224 ἀρετὴ
1317 1172 1383 1217 ἕξις

342 1231 588 1283 προαιρετική,
619 1233 653 1270 ἐν
683 1231 848 1282 μεσότητι
881 1225 967 1269 οῧσα
987 1234 1031 1283 τῇ
1051 1231 1137 1283 πρὸς
1156 1234 1272 1281 ἡμᾶς,
1293 1233 1383 1283 ὡρι-

344 1291 452 1341 σμένη
473 1290 587 1342 λόγῳ,
609 1290 668 1329 καὶ
684 1292 730 1334 ὡς
753 1290 793 1329 ἂν
807 1290 859 1313 ²⁰²
879 1292 896 1327 ὃ
918 1290 1079 1342 φρόνιμος
1099 1290 1255 1343 ὁρίσειεν.
1292 1284 1382 1328 Εἶτα

342 1349 580 1400 παραθέμενος
600 1348 692 1391 τινὰς
710 1348 891 1398 συζυγίας,
907 1349 1102 1392 ἀκολούθως
1123 1353 1173 1400 τῷ
1191 1350 1351 1401 ὑφηγητῇ
1366 1376 1378 1397 ,

343 1412 483 1446 σκοπεῖν
517 1407 637 1445 ἔπειτα
679 1406 755 1445 καθ’
791 1405 923 1445 ἕκαστα
959 1407 1096 1458 ἐπάγων
1128 1408 1291 1460 ἐπειράθη
1322 1406 1380 1444 τὸν

341 1466 466 1518 τρόπον
482 1470 614 1505 τοῦτον.
669 1466 895 1518 Ἐλήφθησαν
916 1465 952 1504 δὲ
969 1467 1261 1519 παραδειγμάτων
1278 1466 1380 1519 χάριν

343 1526 428 1564 αἵδε·
461 1525 688 1579 σωφροσύνη,
722 1525 915 1573 ἀκολασία,
946 1526 1165 1572 ἀναισθησία·
1195 1526 1378 1578 πραότης,

342 1584 542 1636 ὀργιλότης,
573 1583 782 1635 ἀναλγησία·
823 1584 985 1636 ἀνδρεία,
1021 1583 1214 1635 θρασύτης,
1252 1583 1377 1622 δειλία·

343 1642 544 1688 δικαιοσύνη
572 1642 637 1690 ²⁰³,
670 1641 920 1694 ἐλευθεριότης,
952 1642 1107 1690 ἀσωτία,
1145 1643 1376 1694 ἀνελευθερία·

342 1701 607 1753 μεγαλοψυχία,
629 1701 862 1753 μικροψυχία,
882 1701 1064 1752 χαυνότης·
1082 1701 1379 1753 μεγαλοπρέπεια,

342 1759 612 1812 μικροπρέπεια,
629 1759 845 1798 σαλακωνία.
903 1760 1044 1799 Τούτων
1068 1759 1109 1806 δὴ
1136 1763 1202 1798 τῶν
1220 1758 1322 1804 ἕξεων
1344 1761 1379 1797 αἱ

345 1889 560 1930 perhibemur,
578 1891 614 1921 ut
629 1890 718 1922 verbi
741 1891 841 1931 gratia
869 1890 1043 1922 irascamur
1065 1891 1115 1922 vel
1141 1890 1311 1922 timeamus
1333 1890 1384 1922 vel

344 1948 546 1987 aemulemur,
560 1948 610 1980 vel
632 1948 728 1980 simili
754 1948 893 1989 quodam
914 1948 1012 1980 modo
1037 1948 1235 1988 afficiamur-3
1259 1948 1385 1980 habitus

288 2016 290 2018 ·
343 2014 440 2045 vero,
459 2015 595 2047 quorum
623 2015 683 2047 ope
707 2006 746 2038 ad
770 2006 1027 2048 perturbationes
1055 2006 1290 2048 quodammodo
1311 2015 1384 2047 pro·

343 2063 431 2105 pensi
445 2073 556 2097 sumus
573 2068 605 2097 et
617 2074 671 2105 per
686 2074 767 2106 quos
789 2065 903 2097 harum
927 2065 1046 2097 functio
1060 2065 1140 2097 bene
1158 2065 1210 2097 vel
1231 2065 1316 2097 male
1332 2074 1383 2097 cc-

343 2123 403 2154 dit.
447 2125 552 2161 Quare
565 2123 591 2154 si
616 2123 690 2164 quis
707 2126 774 2155 tam
800 2132 940 2164 praeceps
957 2124 990 2155 in
1011 2124 1091 2155 iram
1108 2124 1170 2163 sit,
1188 2125 1224 2156 ut
1243 2123 1385 2164 qualibet

343 2190 436 2213 causa
455 2184 487 2213 et
508 2182 600 2222 plane
628 2182 788 2223 irritetur,
812 2191 886 2214 eum
911 2182 1086 2214 iracundiae
1110 2182 1258 2215 habitum
1278 2191 1384 2223 gerere

343 2242 509 2280 appareat;
528 2240 578 2272 sin
598 2240 643 2272 ita
663 2240 703 2273 sit
719 2241 873 2281 affectus,
892 2242 928 2272 ut
957 2249 1059 2281 neque
1075 2241 1207 2272 omnino
1229 2241 1384 2273 irascatur

342 2308 446 2339 neque
482 2299 543 2331 ulla
592 2307 687 2330 causa
718 2299 872 2338 irritetur,
901 2299 933 2330 in
965 2308 1003 2331 eo
1046 2299 1200 2331 socordiae
1235 2299 1380 2332 habiturn

342 2356 466 2397 inesse;
496 2366 659 2397 quumque
690 2358 864 2398 utrumque
899 2357 940 2389 sit
965 2357 1236 2398 vituperandum,
1258 2357 1384 2389 laudari

344 2415 599 2447 mansuetudinis
626 2416 793 2456 habitum,
825 2417 875 2447 cui
897 2417 1122 2448 convenienter
1138 2417 1224 2456 justo
1243 2417 1276 2448 et
1301 2420 1382 2448 tem-

344 2484 419 2515 pore
436 2476 468 2506 et
484 2475 578 2506 modo
597 2478 629 2506 et
648 2475 699 2506 cui
719 2484 910 2507 succensere
930 2477 1055 2516 oportet
1076 2476 1254 2508 irascimur.
1284 2475 1383 2507 Habi-

346 2534 399 2565 tus
421 2533 515 2573 igitur
545 2542 615 2565 esse
635 2527 787 2573 virtutes,
807 2543 944 2574 quarum
968 2534 1123 2566 beneficio
1143 2535 1323 2566 functiones
1351 2535 1382 2566 in

344 2591 511 2623 affectibus
531 2591 651 2623 laudari
669 2594 803 2623 constat.
850 2594 959 2629 Quum
977 2593 1072 2633 igitur
1091 2593 1192 2625 virtus
1210 2593 1242 2624 in
1258 2589 1381 2634 agendo

344 2650 504 2689 cernatur,
528 2650 684 2681 actionem
700 2652 806 2682 autem
830 2659 961 2683 omnem
977 2651 1160 2683 continuam
1177 2661 1246 2684 esse
1265 2661 1383 2684 conve-

344 2708 431 2747 niat,
451 2716 578 2739 omnem
592 2717 668 2739 vero
690 2709 931 2740 continuitatem
946 2718 1038 2750 aeque
1066 2719 1103 2742 ac
1131 2711 1382 2751 magnitudinem

345 2765 477 2796 nimium
490 2788 498 2803 ,
516 2774 627 2805 parum
646 2769 677 2797 et
693 2766 834 2798 medium
862 2767 979 2800 habere
997 2777 1053 2808 par
1069 2769 1128 2808 sit,
1147 2778 1220 2810 quae
1233 2770 1282 2801 vel
1301 2770 1383 2801 inter

344 2830 377 2853 se
390 2824 612 2861 comparentur
632 2822 682 2854 vel
695 2823 736 2854 ad
756 2832 812 2855 uos
833 2825 1021 2865 referantur,
1043 2826 1185 2858 medium
1205 2827 1244 2859 ad
1265 2836 1323 2859 nos
1338 2837 1384 2859 re·

345 2880 445 2911 latum
465 2880 497 2911 in
512 2881 663 2912 omnibus
682 2890 751 2913 esse
769 2883 926 2922 optimum
951 2885 1082 2917 scientia
1101 2888 1132 2918 et
1144 2887 1227 2918 ratio
1246 2888 1383 2919 statuere

346 2947 404 2969 nos
420 2938 504 2979 cogit
516 2949 526 2978 ;
538 2939 621 2978 quod
639 2939 723 2970 enim
736 2940 826 2972 nobis
843 2941 981 2973 medium
998 2946 1056 2980 est,
1070 2943 1100 2973 id
1116 2952 1178 2974 non
1196 2945 1382 2983 quantitatis

345 2996 399 3028 sed
419 2995 580 3037 qualitatis
608 2996 713 3029 locum
736 2998 892 3039 obtinere,
918 3008 1016 3039 quare
1040 2994 1072 3032 et
1099 3001 1274 3040 perfectum
1292 3012 1379 3043 esse,

345 3054 433 3094 quod
455 3054 500 3086 sic
527 3055 622 3086 etiam
652 3057 945 3095 praestantissimum
973 3058 1026 3090 sit.
1068 3061 1110 3092 At
1131 3061 1288 3092 contraria
1306 3071 1382 3101 quo-

345 3113 517 3145 dammodo
533 3115 567 3145 et
582 3113 663 3146 inter
683 3123 716 3146 se
731 3116 762 3146 et
779 3124 852 3146 cum
878 3116 983 3148 medio
1007 3126 1165 3158 pugnare,
1193 3127 1261 3150 esse
1275 3123 1382 3151 autem

346 3170 502 3202 contraria
519 3179 630 3210 parum
659 3179 695 3202 ac
710 3172 843 3204 nimium
857 3197 865 3211 ,
890 3173 1030 3205 medium
1060 3183 1135 3205 vero
1151 3174 1191 3206 ad
1210 3179 1383 3216 utrumque

345 3228 476 3261 eandem
501 3229 617 3261 habere
647 3229 824 3269 rationem,
850 3240 947 3271 quam
976 3232 1100 3272 aequale
1138 3232 1177 3264 ad
1205 3233 1384 3274 inaequale,

346 3295 446 3326 quum
461 3287 502 3318 sit
520 3291 591 3334 tum
605 3288 727 3320 minore
753 3288 877 3329 majus,
903 3292 968 3320 tum
989 3290 1108 3330 maiore
1124 3292 1240 3323 minus.
1290 3293 1383 3330 Quod

347 3345 439 3384 igitur
451 3345 542 3377 nobis
568 3345 708 3378 medium
735 3348 797 3387 est,
823 3346 855 3378 id
881 3348 1039 3388 optimum
1057 3357 1123 3381 esse
1152 3349 1271 3390 liquet,
1291 3352 1383 3391 quale

347 3403 441 3435 etiam
465 3404 700 3445 Theophrastus
717 3413 785 3437 esse
804 3405 874 3438 vult
899 3406 931 3437 in
949 3406 1029 3438 libro
1045 3408 1085 3439 de
1105 3409 1267 3448 Fortuna,
1287 3409 1382 3441 homo

348 3462 464 3501 partim
480 3462 632 3496 verbosus
650 3466 683 3496 et
697 3463 817 3504 loquax
827 3487 838 3506 ,
855 3465 970 3506 partim
985 3465 1090 3500 brevis
1103 3467 1271 3509 minusque
1287 3478 1383 3509 quam

1442 350 1505 401 μὲν
1538 353 1587 403 τῷ
1619 350 1846 404 ὓπερὸάλλειν
1877 349 1899 397 ἢ
1923 350 2090 389 ἐλλείπειν
2119 350 2200 404 περὶ
2227 351 2322 399 πάθη
2350 350 2482 405 φαῦλαί

1443 410 1546 453 εἰσιν,
1574 410 1610 447 αἱ
1633 408 1668 447 δὲ
1689 409 1898 458 σπουδαῖαι,
1917 411 1967 461 τῷ
1993 408 2179 459 μεσότητες
2197 403 2286 448 εἶναι
2303 409 2478 456 δηλονότι.

1442 466 1612 520 Σώφρονά
1630 484 1670 506 τε
1688 467 1755 520 γὰρ
1770 462 1877 515 εἶναι,
1897 466 1973 505 οὔτε
1998 466 2055 505 τὸν
2075 466 2237 512 καθάπαξ
2257 467 2482 518 ἀνεπιθύμη-

1442 542 1499 565 τον
1512 557 1522 574 ,
1545 527 1625 566 οὔτε
1641 526 1698 564 τὸν
1721 525 1982 577 ἐπιθυμητικόν·
2003 525 2080 576 (τὸν
2096 524 2159 575 μὲν
2178 526 2246 580 γὰρ
2267 526 2363 566 λίθου
2383 526 2482 575 δίκην

1443 585 1530 636 μηδὲ
1551 588 1619 624 τῶν
1641 585 1731 624 κατὰ
1748 583 1848 638 φύσιν
1868 584 2069 637 ὀρέγεσθαι,
2086 584 2146 622 τὸν
2169 584 2204 623 δὲ
2229 587 2280 639 τῷ
2302 585 2482 639 ὕπερὸάλ-

1441 646 1512 683 λειν
1543 650 1617 688 ταῖς
1651 643 1849 694 ἐπιθυμίαις
1880 643 2073 682 ἀκόλαστον
2102 636 2202 681 εἶναι·
2225 642 2283 682 τὸν
2313 643 2350 682 δὲ
2377 642 2484 694 μέσον

1441 702 1571 742 τούτων
1587 703 1604 742 ὃ
1624 703 1674 741 δεῖ
1693 702 1744 730 ²⁰4
1762 733 1771 748 ‚
1792 703 1852 741 καὶ
1865 701 1967 740 ὁπότε
1983 730 1994 748 ,
2015 701 2075 739 καὶ
2088 703 2213 740 ὁπόσον
2235 703 2483 752 ἐπιθυμοῦντα,

1441 762 1501 801 καὶ
1519 765 1568 815 τῷ
1588 761 1681 814 λόγῳ
1700 760 1791 800 κατὰ
1809 761 1849 799 τὸ
1869 763 2046 813 προσῆκον
2066 759 2222 811 ὁρίζοντα
2241 760 2400 811 καθάπερ
2418 774 2484 798 κα-

1441 819 1511 858 νόνι
1524 849 1535 866 ,
1565 819 1724 874 σώφρονα
1754 819 1917 870 λέγεσθαί
1947 834 1985 856 τε
2017 818 2077 856 καὶ
2108 818 2200 857 κατὰ
2226 818 2326 871 φύσιν
2358 812 2484 870 εἶναι’)

1441 879 1552 932 πρᾶόν
1572 894 1608 916 τε
1622 909 1632 928 ,
1652 878 1729 916 οὔτε
1750 879 1809 917 τὸν
1833 879 1891 916 ἐπὶ
1915 877 2021 915 παντὶ
2042 876 2261 929 ὀργιζόμενον
2282 876 2347 915 κᾶν
2364 875 2486 928 μικρό·

1440 953 1542 976 τατον
1574 932 1683 988 ἧ265,
1711 936 1789 975 οὔτε
1818 936 1876 974 τὸν
1903 936 1961 974 ἐπὶ
1982 936 2105 985 μηδενὶ
2127 934 2365 989 ὀργιζόμενον,
2394 934 2488 975 ἀλλὰ

1441 997 1499 1035 τὸν
1518 999 1580 1042 τὴν
1604 995 1712 1046 μέσην
1728 995 1853 1048 ἔχοντα
1871 994 1951 1039 ἕξιν·
1967 993 2121 1047 ἀνδρεῖόν
2134 1009 2190 1042 τε,
2211 994 2287 1033 οὔτε
2304 993 2363 1033 τὸν
2379 992 2487 1044 μηδὲν

1442 1053 1670 1106 φοὸούμενον,
1685 1053 1750 1091 κᾶν
1772 1047 1794 1106 ᾗ
1811 1052 1883 1096 θεὸς
1902 1055 1919 1090 ὁ
1935 1051 2041 1090 ἐπιών
2055 1081 2066 1099 ,
2091 1051 2170 1091 οὔτε
2186 1052 2246 1091 τὸν
2271 1052 2408 1099 πάντα,
2425 1050 2487 1091 καὶ

1441 1112 1479 1150 τὸ
1499 1112 1540 1158 δὴ
1560 1111 1746 1163 λεγόμενον
1767 1111 1830 1159 τὴν
1860 1110 1974 1150 σκιάν·
2008 1111 2141 1150 δίκαιον
2171 1111 2227 1159 δέ,
2260 1109 2340 1149 οὔτε
2358 1109 2417 1149 τὸν
2444 1110 2485 1149 τὸ

1441 1172 1558 1210 πλεῖον
1593 1173 1706 1223 ἑαυτῷ
1737 1170 1909 1221 νέμοντα,
1946 1169 2024 1208 οὔτε
2043 1169 2101 1208 τὸν
2120 1169 2160 1208 τὸ
2189 1168 2361 1216 ἔλαττον,
2396 1168 2488 1209 ἀλλὰ

1440 1230 1497 1268 τὸν
1518 1230 1556 1269 τὸ
1577 1228 1664 1268 ἴσον·
1687 1229 1725 1267 τὸ
1757 1229 1785 1267 δ’
1805 1229 1878 1266 ἴσον
1898 1229 1938 1267 τὸ
1957 1227 2049 1267 κατὰ
2068 1228 2108 1267 τὸ
2130 1228 2313 1280 ἀνάλογον,
2344 1228 2383 1266 οὗ
2409 1230 2488 1267 κατ’

1443 1289 1599 1340 ἀριθμόν·
1617 1287 1807 1340 ἐλευθέριόν
1824 1304 1862 1326 τε
1874 1318 1884 1335 ,
1902 1287 1980 1325 οὔτε
2010 1287 2066 1325 τὸν
2089 1287 2268 1340 προετικὸν
2293 1284 2387 1331 ὅπως
2406 1285 2484 1325 ἔτυ-

1440 1362 1500 1399 χεν
1513 1378 1522 1396 ,
1551 1347 1628 1386 οὔτε
1663 1346 1721 1385 τὸν
1752 1346 1860 1398 μηδὲν
1892 1347 2102 1385 δαπανῶντα
2114 1375 2124 1395 ,
2166 1344 2258 1385 ἀλλὰ
2287 1345 2346 1385 τὸν
2379 1345 2488 1396 μηδὲν

1445 1406 1682 1458 ἀπροαιρέτως
1701 1403 1769 1429 ²⁶⁶·
1796 1404 2041 1458 μεγαλόψυχόν
2059 1420 2096 1442 τε
2110 1434 2120 1454 ,
2142 1403 2221 1442 οὔτε
2239 1403 2297 1443 τὸν
2326 1403 2489 1456 μεγάλων

1445 1463 1583 1502 πάντων
1603 1464 1765 1507 ἀξιοῦντα
1785 1463 1906 1501 ἑαυτόν
1917 1493 1926 1510 ,
1942 1462 2021 1502 οὔτε
2043 1463 2101 1501 τὸν
2119 1462 2263 1514 μηδενὸς
2275 1462 2382 1514 ὅμως,
2397 1461 2490 1501 ἀλλὰ

1440 1525 1497 1562 τὸν
1527 1523 1566 1562 τὸ
1583 1523 1657 1561 δέον
1677 1523 1735 1576 ἀφ’
1752 1523 1900 1562 ἑκάστου
1918 1522 2144 1572 λαμὸάνοντα
2159 1551 2170 1570 ,
2190 1521 2250 1561 καὶ
2270 1523 2319 1566 εἷς
2344 1521 2384 1560 τὸ
2403 1522 2482 1560 κατ’

1443 1582 1551 1626 ἀξίαν·
1581 1583 1832 1633 μεγαλοπρεπῆ
1853 1597 1908 1629 τε,
1925 1581 2002 1620 οὔτε
2020 1581 2079 1620 τὸν
2097 1581 2244 1620 πάντοτε
2261 1580 2322 1619 καὶ
2334 1579 2416 1620 ἔνθα
2436 1579 2488 1631 μὴ

1441 1642 1491 1679 δεῖ
1511 1640 1696 1693 λαμπρόν,
1718 1639 1795 1679 οὔτε
1814 1641 1872 1679 τὸν
1896 1641 2060 1691 μηδαμοῦ
2074 1669 2084 1687 ,
2106 1639 2198 1679 ἀλλὰ
2216 1639 2275 1678 τὸν
2298 1639 2391 1678 κατὰ
2411 1654 2490 1678 και·

1444 1700 1499 1751 pov
1521 1699 1736 1751 ἁρμόττοντα
1751 1701 1796 1742 εἷς
1817 1697 1976 1738 ἕκαστον.
2022 1700 2168 1738 Τοιοῦτο
2188 1697 2251 1749 μὲν
2267 1698 2307 1737 τὸ
2322 1701 2391 1738 τῶν
2413 1700 2490 1746 ἠθι·

1441 1761 1511 1797 κῶν
1533 1760 1663 1811 ἀρετῶν
1685 1752 1771 1801 εἶδος
1786 1757 1994 1806 παθητικόν,
2012 1757 2073 1796 καὶ
2091 1757 2185 1796 κατὰ
2205 1756 2382 1808 μεσότητα
2399 1761 2487 1796 θεω-

1446 1886 1657 1919 necessarium
1668 1887 1715 1918 est
1731 1886 1866 1918 dicendo
1879 1886 2051 1925 obscurus,
2069 1894 2170 1927 quum
2186 1886 2372 1918 Aristoteles
2384 1885 2488 1920 alieno

1445 1946 1516 1978 loco
1529 1954 1566 1978 ea
1582 1954 1655 1986 quae
1675 1945 1807 1978 dicenda
1823 1947 1914 1977 erant
1929 1945 2057 1977 dixerit.
2101 1946 2152 1977 Ita
2166 1945 2228 1977 hoc
2242 1944 2336 1977 nobis
2347 1944 2491 1978 medium

1445 2005 1494 2036 est
1514 2004 1601 2045 quod
1618 2005 1683 2044 iam
1705 2003 1919 2036 definivimus.
1993 2003 2212 2040 Quamobrem
2235 2005 2340 2036 virtus
2355 2004 2489 2036 vocatur

1447 2063 1573 2096 habitus
1590 2064 1751 2096 electionis
1763 2089 1772 2104 ,
1785 2064 1819 2096 in
1835 2073 1872 2096 eo
1890 2063 1978 2105 quod
1992 2064 2086 2096 nobis
2105 2063 2248 2097 medium
2271 2065 2321 2096 est
2346 2064 2425 2105 sita,
2442 2063 2487 2096 si·

1446 2122 1511 2154 mul
1540 2122 1694 2164 superiori
1709 2123 1926 2163 disputatione
1941 2125 2062 2162 nostra,
2079 2123 2195 2162 simul,
2211 2122 2486 2164 quemadmodum

1447 2180 1496 2212 vir
1510 2181 1648 2221 prudens
1662 2182 1803 2214 statuere
1824 2182 1941 2222 potest,
1962 2181 2105 2214 definita.
2147 2182 2231 2213 Tum
2247 2181 2488 2222 Theophrastus

1446 2239 1557 2279 positis
1581 2240 1703 2280 aliquot
1721 2240 1978 2281 copulationibus
2003 2240 2042 2272 ad
2062 2240 2206 2280 magistri
2230 2240 2409 2272 doctrinam
2431 2248 2485 2273 ac-

1445 2298 1644 2330 commodate
1666 2298 1814 2339 deinceps
1839 2298 1960 2339 singula
1981 2307 2054 2339 quae
2070 2297 2179 2339 adjicit
2203 2298 2264 2330 hoc
2288 2298 2386 2330 modo
2414 2307 2489 2339 spe·

1444 2358 1529 2388 ctare
1542 2356 1689 2388 tentavit.
1703 2357 1864 2388 Caeterum
1883 2356 2028 2396 exempla
2042 2356 2082 2387 ab
2097 2365 2136 2388 eo
2149 2356 2246 2388 allata
2256 2357 2333 2388 sunt
2352 2355 2459 2388 hoecce
2475 2363 2484 2384 ε

1443 2416 1654 2457 temperantia
1666 2439 1675 2454 ,
1707 2415 1972 2456 intemperantia,
2002 2418 2131 2456 torp0r;
2164 2415 2396 2455 mansuetudo,
2423 2415 2488 2448 ira·

1444 2475 1571 2514 cundia,
1592 2476 1721 2515 stupor;
1748 2474 1900 2506 tortitudo
1914 2499 1923 2513 ‚
1944 2474 2096 2514 audacia,
2114 2474 2292 2515 timiditas;
2310 2474 2488 2517 [iustitia]‚
2509 2497 2512 2499 -

1444 2534 1633 2573 liberalitas,
1654 2533 1810 2574 profusio,
1839 2533 1968 2572 sordes;
2001 2533 2264 2573 magnanimitas,
2293 2534 2391 2566 animi
2410 2542 2488 2566 con-

1447 2593 1558 2624 tractio
1570 2617 1578 2633 ,
1597 2593 1719 2631 fastus3
1746 2592 1980 2631 magnificentia
1992 2616 2002 2632 ,
2019 2592 2193 2631 tenacitas,
2212 2591 2424 2633 prodigalitas.
2439 2594 2489 2626 Ex
2521 2594 2523 2596 ’

1444 2653 1493 2684 his
1516 2654 1610 2694 igitur
1627 2652 1791 2698 habitibus
1812 2652 1865 2684 alii
1886 2654 2013 2693 propter
2028 2652 2258 2684 abundantiam
2282 2652 2332 2685 vel
2349 2652 2488 2694 inopiam

1443 2713 1528 2744 circa
1543 2712 1676 2744 affectus
1688 2711 1793 2743 vitiosi
1811 2712 1905 2750 sunt,
1924 2711 1976 2743 alii
2003 2711 2110 2751 probi,
2145 2711 2232 2752 quod
2261 2710 2408 2744 videlicet
2423 2720 2488 2745 mc·

1443 2771 1624 2803 diocritates
1638 2770 1831 2810 judicentur.
1876 2771 1989 2810 Neque
2006 2770 2091 2801 enim
2103 2771 2332 2811 temperantem
2345 2779 2415 2803 esse
2427 2770 2486 2812 qui

1444 2839 1573 2871 prorsus
1591 2838 1710 2862 vacuus
1729 2829 1903 2870 cupiditate
1925 2830 1983 2868 sit,
2001 2837 2107 2869 neque
2123 2828 2176 2869 qui
2197 2828 2237 2860 ad
2257 2828 2484 2869 concupiscen-

1443 2889 1520 2920 dum
1535 2888 1576 2920 sit
1598 2896 1791 2928 propensus,
1815 2895 1918 2927 quum
1931 2887 2009 2919 alter
2026 2887 2138 2927 lapidis
2161 2887 2258 2919 instar
2274 2895 2314 2919 ne
2329 2886 2493 2919 naturalia>

1443 2947 1573 2989 quidem
1601 2948 1750 2988 appetat,
1779 2945 1859 2977 alter
1880 2945 1978 2977 nimia
2000 2945 2173 2986 cupiditate
2201 2945 2352 2977 reddatur
2370 2945 2486 2978 intem·

1444 3014 1576 3047 perans;
1603 3004 1657 3037 sed
1677 3005 1731 3046 qni
1757 3004 2011 3037 mediocritatem
2031 3013 2104 3044 qum
2123 3005 2171 3036 est
2195 3004 2279 3037 inter
2297 3005 2432 3037 nimium
2453 3005 2487 3037 et

1443 3074 1554 3105 parum
1571 3064 1709 3096 tenendo
1722 3063 1753 3095 id
1770 3063 1855 3104 quod
1876 3063 1969 3095 decet
1981 3064 2013 3094 et
2029 3063 2157 3103 quando
2172 3063 2263 3095 decet
2278 3066 2310 3096 et
2329 3064 2485 3104 quantum

1442 3122 1534 3154 decet
1546 3121 1761 3162 concupiscit,
1781 3129 1818 3152 ac
1837 3121 1957 3152 ratione
1973 3120 2062 3152 velut
2077 3121 2182 3160 regula
2201 3122 2287 3153 rccte
2302 3121 2410 3153 omnia
2427 3120 2486 3153 de-

1443 3179 1511 3211 finit
1522 3203 1531 3220 ,
1548 3181 1778 3221 temperantem
1795 3179 1879 3211 hunc
1894 3179 1957 3210 dici
1976 3180 2007 3210 et
2025 3188 2095 3210 esse
2117 3179 2291 3210 secundum
2308 3181 2482 3219 naturam5
2519 3177 2522 3179 ’

1444 3239 1646 3269 mansuetum
1671 3246 1764 3277 porro
1781 3245 1838 3268 nec
1853 3237 1907 3276 qui
1920 3237 2007 3268 omni
2022 3261 2031 3276 ‚
2052 3237 2176 3268 etiamsi
2196 3238 2328 3269 minima
2351 3237 2405 3277 sit,
2425 3246 2485 3269 nec

1443 3297 1498 3336 qui
1515 3297 1603 3329 nulla
1621 3297 1661 3330 de
1680 3306 1776 3329 causa
1801 3297 1972 3336 irascatur,
2004 3296 2059 3328 sed
2087 3297 2141 3337 qui
2165 3298 2304 3328 medium
2335 3297 2482 3329 habitum

1442 3359 1546 3395 ger-au
1563 3357 1714 3396 praeterea
1727 3356 1841 3388 sortem
1852 3364 1956 3396 neque
1965 3363 2038 3387 eum
2050 3355 2103 3395 qui
2116 3354 2196 3387 nihil
2212 3356 2341 3396 timent,
2357 3355 2483 3388 etiamsi

1443 3412 1522 3445 deus
1550 3414 1655 3454 ipsum
1686 3415 1904 3455 aggrediatur,
1926 3423 2028 3455 neque
2043 3413 2099 3454 qui
2122 3415 2228 3446 omnia
2257 3419 2288 3446 vt
2311 3414 2394 3455 qnod
2421 3414 2482 3448 dici

1444 3471 1525 3504 solet
1543 3472 1637 3504 etiam
1671 3472 1817 3504 umbram
1841 3471 2106 3512 timeut3justuin
2125 3479 2201 3503 vero
2227 3481 2328 3512 neque
2352 3472 2407 3513 qui
2434 3472 2480 3504 ni-
