2606 3828
314 262 389 295 230

311 342 426 375 habeat
452 340 609 374 rationem
639 338 849 381 generationis
881 334 1101 374 intelligibilis,
1119 334 1154 365 ut
1172 333 1346 374 sphaeram.

309 402 408 443 Igitur
425 410 499 434 cum
515 399 593 432 dicit
618 399 706 431 Plato
726 399 831 430 natam
859 395 995 427 animam
1007 418 1016 434 ‚
1033 394 1065 425 et
1086 392 1128 424 ab
1144 392 1258 433 opifice
1281 394 1350 425 Deo

312 461 446 501 factam,
473 458 765 500 compositamque;
795 463 857 487 non
883 462 920 486 ex
949 453 1034 484 certo
1055 453 1199 492 ternpore
1223 450 1348 483 initium

312 518 500 551 substantiis
520 517 597 549 dicit
615 516 759 554 trahere,
778 522 836 546 nec
862 515 918 553 ut,
943 519 1015 551 quae
1040 511 1113 542 ante
1140 518 1204 542 non
1231 509 1348 549 suerit,

311 579 473 619 postesse
501 575 633 616 emperit
662 586 671 606 ι
696 573 751 605 sed
780 571 866 613 quod
892 570 1008 602 haimai
1034 569 1189 601 rationem
1208 570 1298 600 ortus
1317 568 1349 601 et

312 635 562 677 compositionis,
608 635 690 666 Cum
709 639 786 664 vero
804 630 871 662 sine
888 628 1053 669 genitura,
1067 628 1099 660 et
1114 627 1182 660 sine
1194 627 1349 669 compost·

311 695 416 734 tione,
431 693 525 733 dicit;
545 694 652 733 aperte
671 689 794 723 nullum
811 688 839 720 ei
857 688 911 720 dat
928 687 1074 727 initium,
1090 695 1150 720 nee
1168 685 1266 719 ullam
1285 685 1350 718 ori·

309 752 414 793 ginem
434 749 683 792 compositionis.

349 812 529 845 ccxxvn.
554 809 622 842 Alia
639 809 732 848 igitur
746 806 978 848 significatione
996 806 1210 847 diversaque,
1229 814 1280 838 res
1297 815 1346 847 ge·

308 871 433 909 nerata,
456 870 486 901 et
505 869 579 900 item
607 867 667 899 alia
692 866 884 908 diversaque
910 865 980 898 sine
1007 865 1212 906 generatione
1239 866 1347 898 anima

307 937 375 962 esse
390 927 504 960 dieitur
518 935 536 958 a
554 926 683 958 Platone
694 950 704 967 ,
717 924 810 967 cujus
822 924 1048 958 diversissima>
1065 924 1149 957 vires
1169 924 1245 957 sint.
1288 926 1346 958 Est

306 987 389 1020 enim
410 986 555 1028 quaedam
584 985 687 1017 virtus
706 984 776 1024 ejus
796 985 828 1017 in
848 983 1086 1025 ratiocinando;
1110 987 1143 1017 et
1163 984 1241 1017 item
1262 985 1344 1026 alia,

305 1054 378 1087 quae
394 1044 510 1077 dicitur
523 1045 611 1085 vigor
625 1043 816 1084 iracundiae,
833 1044 866 1077 et
880 1043 959 1077 item
973 1052 1046 1086 quae
1062 1043 1172 1085 cupit:
1188 1052 1262 1085 quae
1279 1052 1346 1085 spe·

307 1105 371 1137 cies
387 1105 459 1136 sunt
474 1103 648 1144 appetitus,
663 1111 736 1144 quae
746 1103 855 1136 tamen
867 1103 984 1135 rationi
999 1103 1185 1136 naturaliter
1202 1104 1344 1143 pareant.

304 1162 370 1195 Erit
388 1163 483 1203 igitur
500 1162 623 1203 optima
643 1162 745 1194 virtus
764 1161 849 1202 ejus,
866 1170 940 1203 quae
958 1161 1170 1194 ratiocinatur
1192 1173 1201 1194 ε
1222 1163 1346 1194 caeterae

302 1221 452 1254 secundae
469 1230 506 1253 ac
522 1221 624 1254 tertiae
642 1220 816 1262 potestatis.
860 1221 939 1254 Haec
965 1220 1057 1253 Plato
1084 1220 1123 1253 de
1145 1220 1252 1253 anima
1270 1229 1345 1254 sen-

300 1280 351 1320 tit,
369 1288 442 1320 quae
458 1279 612 1320 strictim,
629 1278 852 1321 breviterque,
865 1286 884 1311 a
899 1278 992 1311 nobis
1013 1278 1157 1311 discussa
1177 1280 1262 1312 sunt.

342 1339 548 1371 ccxxvm.
575 1339 692 1370 Censet
713 1346 791 1371 vero
809 1346 882 1370 eam
902 1346 958 1379 per
974 1346 1086 1370 omnes
1108 1339 1215 1378 artus,
1236 1347 1274 1371 ae
1290 1339 1342 1371 to-

300 1399 368 1430 tum
394 1406 529 1439 eorpus,
553 1406 682 1437 meare;
701 1400 733 1430 et
758 1406 815 1438 per
837 1397 961 1438 singula
992 1396 1154 1438 membra,
1174 1397 1263 1430 velut
1289 1407 1342 1430 or-

300 1457 480 1498 gana,vim
511 1465 601 1489 suam
621 1457 783 1489 ostentare
814 1464 824 1484 2
847 1455 981 1498 proinde
1005 1457 1037 1489 et
1060 1455 1094 1488 in
1116 1456 1283 1489 sentiendo
1303 1456 1344 1489 ad

299 1525 369 1549 eam
389 1517 519 1558 quidem
547 1516 655 1548 reterri
673 1516 797 1558 omnia,
816 1524 890 1557 quae
909 1516 1055 1548 sensibus
1081 1518 1254 1549 occurrant
1274 1529 1282 1549 :
1306 1525 1344 1550 ea

302 1583 398 1615 vero,
429 1583 502 1616 quae
530 1583 643 1607 sensus
663 1575 820 1616 reserant,
847 1583 918 1608 esse
941 1574 1084 1608 diversa.
1131 1575 1215 1612 Quia
1246 1575 1343 1616 igitur

300 1632 489 1674 principales
503 1633 587 1665 vires
604 1633 719 1665 animae
734 1632 808 1665 duae
825 1633 912 1672 sunt,
922 1641 987 1664 una
997 1632 1216 1673 deliberativa,
1231 1632 1341 1673 altera,

301 1700 376 1733 quae
400 1691 438 1723 ad
461 1692 675 1734 appetendum
694 1691 770 1733 quid
791 1691 966 1733 impellitur
986 1705 993 1724 ι
1014 1692 1046 1724 et
1070 1692 1119 1724 est
1137 1690 1343 1724 deliberativa

301 1751 429 1791 quidem
444 1751 546 1783 virtus
567 1751 692 1793 propria
711 1750 907 1783 rationabilis
922 1764 930 1783 :
948 1750 1002 1782 illa
1019 1759 1096 1783 vero
1115 1750 1177 1782 alia
1192 1750 1223 1782 id
1236 1751 1343 1792 ipsum

299 1810 467 1842 animantis
488 1820 496 1842 ε
520 1811 752 1851 consequenter
779 1810 992 1851 competentia
1014 1809 1155 1850 viribus,
1177 1811 1209 1842 et
1243 1810 1341 1851 apta,

299 1869 443 1901 membra
463 1869 590 1902 diversa
603 1871 688 1902 sunt.

339 1929 509 1961 CCXXIX.
537 1928 749 1969 Rationabili‚
779 1929 870 1961 velut
895 1936 952 1960 arx
980 1928 1144 1970 corporis,
1175 1931 1206 1961 et
1233 1928 1339 1969 regia,

297 1987 411 2027 utpote
432 1985 563 2026 virtuti,
581 1995 656 2028 qnae
675 1987 771 2027 regali
794 1987 933 2028 quadam
949 1987 1122 2019 eminentia
1140 1987 1288 2028 praestet,
1308 1986 1341 2018 id

297 2048 347 2079 est
371 2046 566 2079 domicilium
586 2047 719 2088 capitis,
737 2048 769 2079 in
789 2057 853 2089 quo
878 2048 999 2080 habitet
1019 2048 1136 2081 animae
1153 2048 1339 2089 principale,

298 2105 385 2146 quod
411 2105 450 2137 ad
475 2106 713 2139 similitudinem
735 2106 847 2139 mundi
875 2107 916 2139 sit
933 2106 1167 2139 exaedificatum
1189 2108 1292 2148 teres,
1307 2108 1341 2140 et

296 2164 483 2206 globosum,
502 2173 637 2206 purum,
663 2166 911 2207 separatumque
935 2165 976 2197 ab
1002 2175 1059 2206 ea,
1084 2174 1158 2207 quae
1184 2165 1256 2198 cibo
1279 2166 1339 2198 ali-

297 2223 477 2264 mentisque
506 2227 670 2266 nascatur,
699 2224 819 2258 illuvie.
865 2214 902 2257 In
932 2233 998 2266 quo
1024 2225 1154 2266 quidem
1178 2225 1340 2258 domicilio

297 2291 411 2315 sensus
426 2292 553 2324 quoque
569 2283 732 2316 habitent:
753 2284 808 2325 qui
826 2288 902 2316 sunt
915 2285 1071 2325 tanquam
1093 2284 1228 2317 comites
1242 2284 1338 2317 ratio·

296 2342 368 2382 nis,
393 2351 411 2374 e
426 2342 520 2383 signis
537 2343 659 2375 scilicet
677 2343 713 2375 ut
729 2343 769 2374 de
786 2343 932 2384 proximo
948 2343 1096 2376 sensibus
1108 2343 1339 2384 interpellanti·

297 2401 360 2434 bus
376 2404 535 2435 statuatur
554 2412 650 2444 super
668 2403 707 2436 iis
719 2413 793 2445 quae
815 2403 1008 2436 sentiuntur.
1052 2406 1157 2445 Atque
1174 2404 1271 2437 etiam
1289 2404 1339 2437 in·

297 2460 441 2492 tellectus
473 2469 492 2492 a
518 2461 639 2494 ratione
663 2462 838 2494 advocatus
857 2462 948 2494 facile
973 2462 1015 2494 ab
1043 2471 1079 2495 ea
1112 2463 1340 2496 commonetiat

299 2528 410 2551 corum
429 2520 592 2560 omnium,
607 2530 679 2561 quae
698 2521 861 2560 quondam
876 2521 979 2562 vidit,
995 2523 1027 2554 et
1040 2522 1215 2563 imaginum
1235 2532 1338 2555 recor-

300 2578 427 2611 datione
442 2578 482 2610 ad
501 2579 569 2610 veri
582 2580 756 2619 spectaculi
775 2580 1119 2614 commemorationem
1134 2583 1337 2616 retractatus.

300 2635 381 2673 Quis
408 2637 491 2668 enim
515 2637 658 2678 nesciat,
678 2638 764 2679 quod
793 2647 887 2679 quam
916 2639 1072 2672 rationem
1098 2640 1198 2673 habet
1223 2650 1338 2674 sensus

298 2694 451 2727 adversus
469 2695 741 2736 deliberationem,
758 2696 855 2729 habet
874 2697 1055 2731 deliberatio
1072 2699 1226 2732 adversus
1245 2700 1338 2733 intel-

300 2755 441 2787 lectum?
462 2757 507 2786 Ex
529 2755 712 2795 conjectura
732 2756 889 2797 siquidem
906 2758 1045 2791 nascitur
1064 2759 1191 2800 opinio,
1208 2769 1246 2793 ex
1264 2761 1335 2802 opi-

299 2814 397 2847 nione
413 2815 591 2847 intellectus
604 2840 613 2855 ,
631 2817 665 2848 ut
683 2816 765 2848 idem
785 2817 874 2849 Plato
890 2817 999 2850 docuit
1016 2819 1048 2851 in
1062 2820 1187 2853 Politia.
1231 2822 1338 2854 Facile

301 2874 353 2906 est
370 2874 495 2914 assequi
516 2875 673 2906 naturalia
687 2883 802 2907 arcana
818 2885 857 2908 ex
875 2876 924 2908 liis
937 2901 945 2916 ‚
963 2886 1036 2918 quae
1054 2878 1234 2919 frequenter
1249 2881 1333 2912 acci-

299 2932 394 2963 dunt.
439 2933 558 2964 Omnes
582 2933 701 2974 quippe
719 2920 891 2974 passiones'
906 2943 1085 2977 corporeae,
1102 2945 1176 2977 quae
1193 2939 1333 2970 mentem

299 2992 628 3034 deliberationemque
649 2993 717 3034 ejus
730 2994 928 3036 impediunt,
944 3004 1009 3027 non
1027 2996 1088 3028 nisi
1103 2997 1135 3029 in
1150 2998 1251 3039 capite
1265 3008 1335 3039 pro·

299 3050 447 3083 veniunt.
495 3051 666 3083 Phrenesis
695 3052 799 3092 enim,
823 3052 959 3093 oblivio,
990 3054 1098 3095 lapsus
1127 3056 1335 3098 epilepticus,

299 3109 397 3148 furor,
415 3110 513 3150 atque
539 3109 599 3142 atri
620 3109 700 3142 sellis
726 3110 890 3152 incendia,
912 3121 953 3144 ex
977 3121 1050 3145 arce
1072 3114 1182 3155 capitis
1205 3116 1338 3149 trahunt

299 3167 409 3208 initia,
424 3177 490 3200 non
516 3167 602 3208 quod
629 3177 720 3200 mens
742 3169 992 3211 deliberatioque
1008 3170 1076 3212 ejus
1095 3171 1242 3214 laedatur,
1263 3183 1334 3214 pro-

301 3227 472 3268 ptereaque
498 3227 553 3259 fiat
571 3226 728 3266 obtusior,
745 3227 802 3260 sed
821 3228 906 3268 quod
931 3238 1085 3270 organum
1103 3230 1217 3263 morbo
1234 3232 1335 3273 impe-

301 3285 402 3317 ditum
414 3310 422 3325 ‚
444 3285 586 3318 osticium
603 3294 700 3318 suum
713 3285 806 3327 juxta
821 3289 966 3319 naturam
985 3289 1116 3330 implere
1131 3297 1196 3321 non
1217 3291 1332 3333 possit,

298 3352 357 3376 nec
385 3344 502 3377 animae
525 3345 621 3385 iussis
648 3354 826 3378 occurrere.
871 3347 1063 3388 cerebrique
1084 3348 1176 3381 sedes
1193 3350 1333 3391 nullam,

299 3401 424 3442 opinor,
441 3403 500 3435 fert
520 3404 699 3444 passionem
711 3428 721 3444 ,
734 3406 883 3446 provenit
895 3406 980 3438 enirn
993 3407 1148 3447 passionis
1164 3417 1260 3440 sensu
1276 3409 1335 3441 lio·

300 3459 394 3492 minis
420 3461 577 3493 interitus.
643 3462 765 3499 Quodsi
792 3464 824 3496 et
852 3465 930 3496 ratio
952 3465 990 3497 iis
1015 3474 1090 3506 quae
1120 3466 1276 3507 videntur,
1301 3469 1333 3500 et
1364 3505 1369 3508 ,

1026 245 1288 287 CHALctDIt
1320 244 1733 286 COMMENTARIUS

1409 342 1483 375 quae
1497 333 1648 366 videntur
1667 331 1781 366 rationi
1799 332 2019 366 testimonium
2032 332 2172 368 invicem
2188 335 2354 380 proebent,
2367 337 2454 374 utno-=

1410 402 1472 434 que
1488 401 1605 434 genere
1630 401 1745 426 verum
1766 392 1901 425 sincerae
1918 392 1991 426 tidei
2006 401 2079 427 ease
2094 394 2210 437 dogma
2226 396 2367 430 Platonis
2378 405 2455 439 pm.

1408 452 1516 494 batur,
1548 452 1635 494 quod
1669 452 1786 485 animae
1821 452 1872 485 vis
1907 452 2094 496 principalis
2128 448 2163 494 in
2194 456 2319 490 cerebri
2347 457 2453 492 locata

1408 513 1449 546 sit
1463 512 1551 545 sede.

1449 571 1601 605 ccxxx.
1623 570 1708 605 Illud
1737 580 1816 604 vero
1848 570 1936 604 aliud
1966 571 2165 615 principale,
2189 575 2276 616 quod
2302 576 2454 611 mundo

1408 630 1573 672 dignitatis
1600 638 1673 663 esse
1705 629 1935 672 praediximus,
1955 639 2023 664 non
2040 631 2238 666 rationabilis
2261 634 2454 676 animantis,

1408 691 1464 724 sed
1493 691 1599 733 ipsum
1628 690 1812 723 animantis.
1856 691 2039 725 Gommune
2062 700 2140 734 ergo
2167 694 2204 726 ut
2230 683 2399 739 ammata,
2421 694 2455 729 in

1407 750 1503 783 eorde
1530 759 1568 783 ac
1595 749 1787 790 medietate,
1819 750 1858 784 ut
1879 758 1956 784 vero
1986 750 2183 785 rationabilis
2205 753 2397 796 animantia,
2419 755 2454 789 in

1407 809 1549 842 cerebro.
1593 808 1686 842 Unde
1699 808 1817 842 caetera
1830 808 1960 850 quidem
1972 809 2121 843 animalia
2134 818 2200 844 uno
2215 811 2351 845 utuntur
2366 811 2455 854 prin·

1407 869 1520 910 cipali,
1546 868 1632 909 quod
1656 868 1689 900 in
1715 868 1813 901 corde
1826 870 1895 902 est.
1941 869 1984 902 At
2007 877 2087 902 vero
2109 869 2207 903 bomo
2223 869 2371 914 duobus,
2388 880 2455 906 uno

1406 927 1440 960 in
1457 927 1576 968 corde,
1604 927 1707 960 altero
1733 927 1767 959 in
1790 927 1905 969 eapite.
1950 928 2046 962 certe
2070 928 2211 962 bominis
2233 927 2380 964 nemrim
2400 939 2453 965 se·

1406 988 1550 1029 quuutur
1565 986 1800 1020 ordinationem
1818 986 1977 1020 mundani
1992 987 2150 1030 corporis.
2192 989 2301 1027 Quare
2315 988 2343 1022 al
2355 997 2453 1023 mun·

1406 1047 1467 1079 dus
1477 1069 1488 1088 ,
1506 1046 1676 1087 animaque
1691 1046 1827 1087 mundi,
1851 1046 1950 1088 huius
1965 1046 2006 1080 sit
2020 1047 2248 1089 ordinationis,
2262 1048 2299 1082 ut
2314 1048 2453 1084 summi-

1405 1106 1454 1138 tas
1468 1105 1601 1146 quidem
1617 1105 1658 1138 sit
1674 1104 1820 1138 dimensa
1836 1105 2046 1148 coelestibus‚
2060 1105 2164 1148 iisque
2174 1105 2322 1147 subiecta
2334 1105 2454 1143 divinis

1406 1164 1638 1206 potestatibus,
1665 1173 1740 1206 quae
1771 1164 1974 1206 appellantur
1996 1164 2120 1206 angeli,
2147 1165 2182 1198 et
2208 1164 2394 1206 doemonesz
2419 1165 2453 1200 in

1404 1224 1488 1257 terra
1515 1232 1592 1256 vero
1612 1222 1823 1256 terrestribus
1853 1232 1863 1256 τ
1889 1225 1924 1256 et
1953 1223 2114 1265 imperant
2132 1222 2264 1265 quidem
2290 1223 2449 1265 eoetsaua,

1404 1283 1629 1326 exsequuntur
1645 1291 1722 1316 vero
1735 1283 1888 1324 angelicae
1902 1283 2096 1324 potestaten
2110 1285 2266 1324 reguntur
2283 1291 2380 1325 porro
2392 1285 2453 1317 ter·

1405 1351 1503 1383 rena,
1523 1342 1627 1384 prima
1640 1350 1808 1375 summum
1827 1342 1935 1375 locum
1951 1341 2147 1382 obtinentia,
2168 1341 2310 1376 secunda
2332 1340 2452 1376 medie-

1405 1403 1505 1434 tatem
1523 1410 1532 1433 ε
1550 1409 1588 1434 ea
1608 1409 1705 1442 vero,
1719 1409 1794 1442 quae
1812 1400 1959 1441 subjecta
1975 1403 2071 1442 sunt,
2089 1400 2202 1434 imum.
2245 1401 2453 1443 consequen·

1407 1464 1456 1494 ter
1473 1462 1571 1494 etiam
1588 1461 1621 1494 in
1639 1463 1756 1494 natura
1771 1460 1914 1493 hominis
1931 1461 1981 1493 est
1997 1460 2153 1502 quiddam
2163 1460 2286 1502 regale,
2297 1461 2350 1494 est
2363 1460 2451 1494 aliud

1402 1531 1529 1564 quoque
1549 1522 1582 1554 in
1599 1521 1706 1555 medio
1728 1521 1888 1563 positum,
1907 1522 1956 1554 est
1974 1520 2105 1554 tertium
2122 1521 2156 1553 in
2178 1521 2258 1554 imo.
2275 1508 2450 1554 Summum

1403 1580 1490 1622 quod
1519 1581 1675 1622 imperat,
1694 1579 1836 1614 medium
1854 1579 1941 1622 quod
1957 1580 2036 1621 agit,
2055 1579 2187 1613 tertium
2207 1579 2296 1622 quod
2315 1579 2448 1622 regitur,

1403 1641 1436 1673 et
1459 1639 1711 1673 administratur.
1755 1641 1897 1680 Imperat
1912 1638 2008 1680 igitur
2028 1638 2155 1679 anima,
2171 1633 2450 1681 exsequitur-‘eins

1403 1699 1493 1742 vigor
1524 1700 1558 1732 in
1578 1699 1705 1742 pectore
1729 1698 1947 1739 constitutus,
1966 1700 2132 1739 reguntur,
2154 1701 2186 1731 et
2213 1698 2451 1740 dispensanmr,

1401 1760 1520 1792 caetera
1538 1760 1623 1801 pube
1639 1759 1755 1798 tenus,
1777 1759 1811 1791 et
1827 1757 1924 1791 int'ra.

1443 1819 1620 1852 ccxxxt.
1647 1819 1753 1859 Atque
1775 1808 1858 1850 lianc
1875 1817 2011 1850 eandem
2023 1816 2255 1850 ordinationem
2266 1816 2451 1851 invenimus

1404 1877 1500 1911 etiam
1517 1878 1549 1910 in
1567 1877 1658 1910 libris
1676 1876 1809 1910 politiae.
1853 1878 1891 1910 In
1908 1875 2025 1918 quibus
2040 1884 2116 1908 cum
2130 1884 2168 1909 ea
2188 1875 2311 1917 iustitia
2324 1884 2448 1918 quero-

1400 1938 1503 1978 retur,
1518 1945 1581 1978 qua
1596 1936 1744 1969 homines
1761 1935 1931 1968 adversum
1949 1943 1984 1968 se
2003 1935 2149 1976 utuntur,
2163 1935 2236 1968 baec
2249 1943 2346 1977 porro
2364 1935 2446 1969 tune

1402 1995 1614 2036 convalescit,
1645 2003 1719 2027 cum
1750 1994 1868 2028 animae
1890 1994 2066 2036 potestates
2086 1993 2191 2027 officia
2214 2001 2274 2027 sua
2293 2002 2448 2036 recogno·

1403 2056 1519 2096 scunt,
1541 2063 1601 2087 nee
1617 2054 1723 2086 aliena
1743 2055 1918 2095 appetunt,
1938 2061 1978 2086 ex
1994 2053 2090 2086 unius
2106 2052 2245 2086 hominis
2258 2052 2384 2094 ingenio
2406 2052 2447 2085 ad

1401 2114 1523 2147 illustre
1546 2113 1688 2146 civitatis
1703 2116 1736 2146 et
1754 2113 1861 2155 populi
1884 2112 2031 2154 confugit
2051 2112 2255 2154 exemplum,
2273 2111 2363 2145 etde
2374 2120 2451 2153 gen»-

1400 2172 1481 2205 tium
1511 2171 1654 2213 disputat
1682 2171 1821 2212 iustitia.
1866 2169 2064 2212 principales
2086 2169 2217 2211 quidem
2244 2168 2336 2202 urbis
2362 2168 2448 2202 iltius

1401 2230 1508 2272 viros,
1537 2233 1574 2262 ut
1607 2229 1893 2271 prudentissimos,
1922 2227 2262 2269 sapientissimosque,
2293 2226 2445 2260 editiores

1401 2289 1490 2322 urbis
1505 2289 1591 2322 locos
1606 2289 1750 2321 habitare
1766 2287 1875 2328 jussit.
1919 2288 1998 2320 Post
2014 2287 2076 2320 hos
2093 2286 2284 2327 militarem,
2300 2287 2397 2327 atque
2414 2286 2447 2319 in

1401 2348 1498 2381 armis
1522 2348 1681 2389 positam,
1706 2347 1926 2388 iuventutem,
1949 2345 2069 2387 quibus
2090 2345 2228 2386 subiecit
2245 2344 2448 2386 sellularios,

1400 2409 1499 2449 atque
1517 2407 1677 2448 vulgares.
1721 2407 1767 2440 Ut
1784 2406 1828 2439 illi
1855 2405 2006 2447 quidem,
2026 2406 2063 2438 ut
2083 2404 2268 2446 sapientes,
2284 2406 2447 2448 praecept·

1399 2467 1494 2507 dent;
1517 2466 1671 2498 militares
1693 2466 1810 2507 agant,
1826 2466 1924 2506 atque
1942 2458 2180 2506 e'xsequantur3
2197 2463 2348 2506 vulgares
2366 2472 2445 2497 vero

1401 2527 1604 2566 competens,
1625 2525 1658 2557 et
1678 2523 1776 2566 utile,
1795 2523 1962 2565 praebeant
1980 2523 2207 2557 ministerium.
2230 2522 2284 2556 Sic
2301 2522 2442 2556 animam

1401 2592 1531 2625 quoque
1557 2583 1738 2616 ordinatam
1758 2583 1921 2616 videmus.
1965 2581 2200 2616 Rationabilem
2223 2581 2354 2623 quidem
2374 2589 2447 2624 par-

1402 2644 1466 2676 tem
1485 2643 1571 2685 eJus,
1591 2644 1626 2676 ut
1640 2642 1923 2685 sapientissimam,
1949 2641 2127 2684 principem
2149 2644 2274 2683 partem
2299 2640 2447 2676 ontinen-

1399 2703 1464 2736 tem
1474 2727 1484 2744 ,
1507 2704 1660 2744 tanquam
1674 2702 1774 2735 totius
1788 2701 1932 2743 eorporis
1942 2699 2139 2742 capitolium.
2183 2699 2337 2740 Vigor-em
2351 2708 2444 2741 vero,

1398 2763 1457 2804 qui
1485 2765 1535 2795 est
1554 2761 1728 2794 iracundiae
1750 2761 1883 2802 similis,
1902 2761 1939 2793 ut
1965 2760 2139 2792 militarem
2162 2759 2390 2800 iuventutem,
2413 2759 2447 2792 in

1400 2822 1506 2855 cordis
1523 2822 1636 2854 castris
1664 2822 1861 2854 manentem.
1905 2819 2046 2861 Vulgare
2070 2822 2104 2852 et
2119 2818 2335 2860 sellularium,
2357 2817 2446 2860 quod

1401 2883 1450 2915 est
1473 2881 1635 2923 cupiditas
1653 2889 1712 2914 seu
1739 2879 1861 2920 libido,
1880 2878 2082 2912 inferioribus
2110 2877 2278 2920 abditum,
2300 2876 2445 2911 occulta-

1399 2944 1536 2983 tumque
1550 2941 1676 2974 natura.

1441 3001 1631 3033 ccxxxlt.
1655 3000 1738 3032 cum
1751 2997 1848 3039 igitur
1863 2997 1999 3038 horum,
2014 2997 2135 3038 inquit,
2154 2995 2298 3031 omnium
2312 3003 2445 3029 eonsen-

1397 3068 1451 3091 sus
1470 3059 1544 3092 talis
1569 3059 1648 3099 erit,
1667 3059 1700 3091 et
1721 3055 1992 3099 quasissquaedam
2012 3055 2204 3097 conspiratio
2231 3067 2242 3088 ε
2270 3058 2330 3095 ut,
2354 3054 2443 3096 quod

1398 3118 1526 3159 oportet
1555 3117 1748 3159 praecipere,
1767 3117 1851 3149 recte
1874 3115 2015 3147 officium
2042 3123 2138 3147 suum
2164 3113 2324 3155 compleat
2338 3123 2350 3154 ;
2366 3113 2442 3145 huic

1397 3179 1517 3218 pareat,
1538 3176 1626 3219 quod
1654 3177 1704 3209 est
1722 3175 1887 3217 dignitatis
1908 3174 2060 3207 secundae
2084 3183 2095 3206 ι
2117 3176 2317 3215 postremum
2341 3180 2440 3212 vero,

1396 3240 1492 3277 atque
1509 3236 1658 3269 ultimum
1669 3260 1681 3276 ‚
1696 3243 1820 3268 morem
1834 3234 1924 3275 gerat
1940 3233 2126 3267 melioribus
2138 3256 2149 3274 ,
2162 3235 2239 3264 tunc
2251 3239 2314 3264 non
2331 3231 2440 3264 sotum

1396 3295 1565 3327 hominum
1581 3295 1665 3336 vita,
1682 3294 1738 3327 sed
1758 3293 1855 3327 etiam
1873 3293 2058 3332 civitatum,
2076 3294 2108 3324 et
2120 3291 2280 3332 gentium,
2294 3289 2355 3322 erit
2373 3290 2438 3322 lau-

1396 3354 1529 3395 dabilis,
1560 3355 1593 3387 et
1616 3354 1758 3396 apprime
1791 3353 1895 3386 beata.
1940 3354 1990 3384 Ex
2014 3351 2131 3393 quibus
2158 3349 2298 3382 ostendit
2327 3349 2437 3390 Plato,

1397 3421 1506 3444 veram
1522 3413 1661 3445 hominis
1677 3412 1904 3454 proprietatem
1929 3410 1962 3443 in
1988 3410 2092 3451 capite
2121 3408 2316 3448 consistere,
2345 3408 2438 3448 eujus

1388 3471 1518 3511 species
1532 3471 1574 3503 sit
1594 3469 1704 3502 mundi
1727 3469 1838 3502 formae
1855 3468 2016 3502 simillima
2027 3491 2038 3509 ,
2052 3467 2086 3516 et
2105 3466 2192 3508 quod
2213 3472 2363 3507 germana
2380 3473 2436 3498 su-
