2638 3840
1006 282 1221 324 TtMAEns
1257 281 1525 325 PLATONIS.

185 375 276 418 iis,in
288 374 407 419 quibus
419 371 626 407 deestdivina
635 371 876 415 prospicientia.
901 373 994 406 Nunc
1009 379 1086 419 vero
1096 371 1231 414 singuiis

186 434 260 469 luce
285 442 325 467 ae
348 432 457 475 specie
492 431 630 473 tributa,
657 439 813 465 numerus
841 440 970 473 quoque
1003 430 1235 464 illustratorum

184 492 329 526 onmium
345 491 524 534 minum
540 489 752 532 sequebatur,
770 489 915 531 pulchris
938 489 1093 523 omnibus
1110 499 1149 523 ex
1168 499 1234 523 non

185 549 301 585 talibus
317 549 481 593 quondam
494 549 661 583 institutis.
716 550 810 582 Nunc
823 549 890 590 iam
906 549 1139 583 ordinationem
1150 574 1160 590 ,
1178 559 1229 591 ge-

182 610 400 651 nituramqne,
409 617 522 642 eorum
534 607 719 649 singillatim
732 607 945 641 demonstrari
960 609 1132 647 convenita
1147 618 1233 641 novo

182 667 331 712 quidem,
357 670 391 701 et
421 666 594 708 inusitato,
625 675 744 709 genere
777 666 1060 701 demonstrationis
1081 681 1091 701 ι
1121 676 1234 700 verum

182 726 295 768 vobis,
307 726 364 770 qui
380 725 698 760 omnesseruditionis
716 726 863 767 ingenuae
887 725 956 759 vias
975 727 1232 770 peragraverttis,

181 795 286 831 neque
299 786 463 828 incognito
479 787 513 820 et
531 794 573 819 ex
594 785 657 819 ieri
675 785 893 820 admonitione
906 785 1086 832 perspicuo.
1165 778 1180 790 ⁸

474 911 766 959 CHALClDll
803 910 858 958 V.
897 912 944 958 C.

378 1011 435 1052 ΙΝ
469 1010 759 1052 PLATONIS
793 1011 1039 1052 TlMAEUM

538 1100 880 1133 communimus.

225 1269 253 1302 l.
273 1266 415 1301 Timaeus
426 1266 570 1299 Platonis
581 1274 600 1299 a
611 1266 774 1300 veteribus
786 1265 924 1299 difficilis
936 1265 1065 1299 habitus
1077 1267 1126 1300 est
1138 1269 1235 1309 atque

184 1325 389 1360 existimatus
405 1324 446 1358 ad
469 1324 709 1366 intelligendum
738 1338 747 1358 ε
767 1334 832 1357 nou
856 1334 896 1358 ex
922 1323 1138 1358 imbecillitate
1165 1333 1230 1359 ser-

185 1385 292 1419 monis
306 1383 504 1418 obscuritate
520 1385 616 1425 nata,
635 1383 727 1425 (quid
751 1383 837 1417 enirn
857 1383 913 1416 illo
932 1384 1002 1416 viro
1020 1384 1233 1426 promptum)

184 1444 241 1478 sed
267 1444 345 1487 quia
371 1443 515 1485 legentes
538 1443 722 1476 artiticiosae
751 1442 899 1483 rationis,
918 1451 994 1485 quae
1023 1445 1175 1485 operatur
1201 1443 1233 1476 iu

182 1500 382 1544 explicandis
410 1510 520 1535 rerum
554 1501 806 1543 questionibus,
833 1510 927 1534 usum
955 1510 1020 1534 non
1044 1501 1203 1534 habebant
1224 1514 1232 1533 :

182 1561 247 1595 stili
268 1568 387 1603 genere
401 1560 448 1593 sic
473 1560 634 1600 instituto,
649 1560 687 1593 ut
709 1568 774 1592 non
790 1559 997 1601 alienigenis,
1019 1561 1075 1593 sed
1094 1560 1235 1603 propriis

182 1618 402 1662 questionum
419 1618 676 1661 probationibus,
691 1618 724 1651 id
744 1618 831 1661 quod
851 1619 883 1651 in
902 1620 1074 1652 tractatum
1088 1623 1233 1661 venerat,

182 1672 416 1708 onenderetur.
462 1671 519 1706 llla
537 1672 624 1706 enirn
642 1671 777 1706 demum
795 1675 884 1706 oerta
905 1674 957 1706 est
974 1673 1122 1714 probatio
1134 1698 1144 1715 ‚
1158 1683 1233 1716 qum

182 1731 333 1775 confluis
358 1730 672 1774 accommodatisque
691 1732 867 1765 rationibus
886 1733 1084 1775 questiones
1103 1733 1232 1767 revelat.

183 1790 243 1832 Ut,
257 1789 285 1823 sl
310 1789 353 1824 de
370 1793 460 1823 motu
476 1789 641 1823 stellarum
666 1789 772 1832 aliqua
795 1790 919 1823 oriatur
934 1792 1120 1831 cunctatio,
1135 1801 1173 1825 ex
1197 1800 1234 1824 ea

181 1847 371 1890 disciplina,
390 1855 466 1889 qua
488 1846 659 1890 astrologia
680 1847 810 1889 dicitur,
827 1849 977 1882 demanet
1002 1850 1152 1884 assertio.
1200 1851 1234 1884 Si

182 1906 226 1941 de
246 1906 358 1940 tillium
391 1906 558 1948 varietate,
584 1910 618 1940 et
640 1906 682 1940 de
701 1916 763 1947 eo,
788 1909 903 1949 quiex
932 1907 1069 1942 diversis
1096 1910 1234 1943 vocibus

183 1965 340 2008 sonisque
357 1965 514 2008 nascitur,
530 1968 700 2006 concentu,
717 1967 873 2000 tractatus
893 1967 1050 2001 habeatur
1067 1981 1076 2001 ι
1102 1970 1234 2003 musicae

183 2024 333 2059 reniediis
353 2025 516 2058 cunctatio
534 2025 691 2067 sopiatur.
735 2026 775 2059 Et
797 2034 928 2067 prorsus
954 2027 1104 2061 teneatur
1125 2028 1157 2061 id
1183 2028 1233 2062 iu-

183 2084 347 2125 stitutum,
363 2083 451 2126 quod
464 2093 483 2116 a
499 2084 703 2126 peritissimis
719 2084 851 2117 medicis
869 2094 1101 2129 usquequaque
1121 2087 1234 2122 obser·

183 2142 253 2178 vari
269 2143 364 2183 solet,
381 2151 457 2176 cnm
474 2152 534 2183 pro
557 2146 674 2176 natura
693 2144 863 2177 vulnerum
878 2145 998 2178 auxilia
1016 2146 1232 2180 medicamen-

181 2205 289 2238 torum
311 2201 466 2237 adhibent
484 2203 516 2235 in
536 2202 706 2236 medendo.

222 2264 267 2299 ll.
290 2265 328 2301 ln
351 2263 414 2297 boc
441 2272 538 2305 porro
561 2262 643 2296 libro
668 2271 745 2295 cum
767 2262 808 2296 ‹te
828 2265 915 2296 statu
940 2265 1054 2305 agatur
1073 2265 1232 2300 unis-ma

179 2322 246 2364 τά.
263 2323 477 2365 omniumque
491 2331 604 2356 eorum
614 2347 624 2362 ,
638 2331 712 2364 quse
729 2321 871 2355 mundus
887 2323 1124 2367 complectitur,
1138 2333 1233 2358 causa

179 2381 214 2417 et
225 2381 308 2416 rulo
320 2382 492 2426 prnstetur
507 2390 657 2429 :necesse
670 2382 730 2415 suit
744 2380 877 2422 multas,
891 2383 923 2415 et
944 2383 1062 2423 varias,
1076 2384 1233 2418 exsistere

178 2439 397 2484 quastionesg
422 2438 464 2473 de
488 2439 591 2483 planis
616 2440 744 2482 liguris,
763 2440 804 2474 de
827 2439 939 2473 solidis
967 2441 1175 2483 corporibus,
1192 2442 1234 2476 de

181 2498 444 2543 incorporatione
461 2498 579 2532 animai
607 2498 802 2532 vivificantis
822 2498 972 2533 seruilem
995 2499 1176 2542 mundum;
1193 2500 1234 2534 de

181 2562 273 2592 motu
292 2557 386 2600 eiua,
402 2558 436 2592 et
456 2557 630 2600 agitatione
656 2560 831 2600 perpetu-3
850 2558 891 2593 de
919 2559 1084 2594 stellarum
1111 2559 1231 2594 discur-

181 2617 272 2651 sibus
281 2639 293 2657 ,
302 2616 382 2652 ratis
392 2619 425 2652 et
434 2617 628 2651 mantibus.
672 2618 808 2652 cunctis
819 2619 978 2651 certarum
991 2618 1231 2661 disciplinarum

181 2674 404 2710 artilrtalibns
441 2674 592 2709 remediis
627 2674 864 2709 occurrendum
888 2678 975 2717 erat,
1001 2678 1231 2717 arithmeticis,

179 2734 640 2777 utmonlemneometrieia
651 2735 879 2778 musiciszquo
896 2736 1032 2778 singulm
1051 2746 1101 2770 res
1117 2737 1231 2771 dorne·

181 2793 285 2834 stieis,
293 2795 327 2828 et
334 2793 582 2835 consanguineis
588 2794 766 2828 rationibus
774 2795 1023 2837 explicarentur.
1033 2796 1171 2838 ideoque
1180 2797 1230 2837 iis,

179 2852 238 2895 qul
251 2852 287 2887 ta
300 2852 515 2886 artificialium
526 2861 588 2886 usu
606 2861 672 2887 non
686 2853 812 2887 inerant
823 2878 834 2894 ,
847 2856 1002 2897 tanquam
1015 2854 1230 2895 alienigenum

178 2921 362 2949 armonem
374 2913 598 2955 morantibus
610 2914 744 2948 minime
757 2914 985 2957 probabantur.
1032 2917 1131 2948 i‘orro
1147 2916 1230 2957 aliis,

178 2971 350 3014 qiilunana
365 2971 507 3015 aliquam
531 2980 571 3006 es
597 2972 778 3015 disciplinis
804 2976 1032 3016 perceperant,
1047 2973 1077 3007 id
1103 2974 1228 3016 solum,

177 3030 268 3072 quod
282 3029 444 3070 sdabant,
460 3032 761 3073 recognoscentibus
779 3032 975 3075 probabatur
984 3044 994 3074 3
1009 3035 1125 3067 cat-tera
1144 3034 1230 3076 igno·

179 3088 313 3122 rationis
329 3089 468 3135 obscuro
486 3089 640 3124 latebant.

223 3149 279 3183 ill.
303 3149 351 3182 lx
369 3157 436 3192 quo
455 3153 600 3190 apparet.
621 3149 683 3183 boc
701 3159 784 3192 opus
806 3150 867 3183 illis
890 3151 1126 3193 propemodum
1150 3153 1229 3186 solis

178 3208 378 3242 elaboratum
394 3217 483 3249 esse,
500 3216 538 3243 ac
557 3209 676 3250 videri,
690 3210 745 3251 qui
763 3209 880 3243 luerint
905 3210 938 3243 in
957 3211 1104 3245 omnium
1119 3211 1227 3253 tetrius-

179 3266 268 3300 modi
296 3266 516 3301 seh-tiariuni
551 3277 631 3309 usu,
655 3270 753 3311 atque
783 3269 1035 3309 exercitatione.
1068 3271 1185 3305 versati
1217 3282 1226 3305 :

178 3333 260 3368 quoa
280 3333 355 3359 cum
382 3327 547 3369 oporteret
567 3330 689 3360 tantam
719 3327 862 3360 aetenum
887 3327 1111 3363 claritudinem
1137 3338 1227 3365 eom·

180 3384 344 3419 monime
360 3393 436 3419 cum
450 3386 594 3425 coieris,
611 3385 748 3419 intelicis
768 3385 899 3419 invidio
920 3386 1099 3421 detestabili
1121 3389 1228 3423 mirl-

179 3444 304 3485 etiose.
336 3443 431 3486 targa:
464 3443 674 3478 beatitudinis
700 3444 858 3479 tia-ionem
894 3446 1227 3484 incommunicabilem

181 3510 278 3544 penes
292 3510 327 3536 se
345 3502 554 3538 retinuerunt.

2271 287 2339 322 18¹

1338 372 1395 406 IV.
1418 372 1530 412 ltaque
1555 370 1631 412 quia
1655 369 1845 411 jubentibus
1866 368 1970 404 vobis.
1982 377 2054 402 mos
2076 371 2146 403 erat
2169 370 2347 411 gerendus,

1298 431 1371 464 licet
1389 439 1445 470 ea,
1463 438 1536 472 qum
1560 429 1769 471 jubebantur,
1790 429 1913 471 potiora
1928 430 2052 469 went,
2069 437 2168 471 quam
2192 430 2349 463 sustinere

1295 490 1454 523 mediocre
1484 489 1646 530 ingenium
1676 488 1818 530 valeret,
1845 487 1915 520 sola
1935 488 2146 520 translatione
2176 490 2350 521 contentus

1295 558 1361 582 non
1379 549 1441 590 tui3
1460 551 1547 582 ratus
1561 548 1706 588 obscuri,
1721 549 1918 590 minimeque
1930 547 2064 581 illustris
2075 571 2085 588 ,
2102 548 2239 590 exempli
2253 549 2349 582 simu-

1293 609 1418 641 lacrum
1436 609 1505 641 sine
1530 607 1794 650 interpretatione
1811 606 2024 647 translatum,
2049 606 2082 639 in
2106 607 2249 647 ejusdem
2263 631 2273 648 ,
2293 610 2352 641 aut

1293 666 1391 700 etiam
1420 666 1570 707 majoris,
1588 665 1796 699 obscuritatis
1822 665 1905 698 vitio
1930 665 2085 698 [uturum.
2130 666 2169 698 Et
2190 674 2247 706 ea,
2275 674 2351 707 qum

1293 725 1374 758 mihi
1392 725 1460 758 visa
1479 727 1555 759 suut
1572 725 1606 758 in
1625 725 1732 767 aliqua
1744 723 1950 766 difficultate,
1966 724 2014 757 sic
2027 724 2251 766 interpretatus
2264 734 2352 766 sum,

1294 789 1331 818 ut
1348 793 1386 818 ea
1406 785 1474 817 sola
1498 785 1705 826 explanarem
1719 809 1728 824 ,
1743 793 1819 826 quae
1853 783 2085 825 incognitarum
2111 784 2230 817 artium
2253 784 2351 816 disci-

1294 842 1522 884 plinarumque
1553 842 1753 882 ignoratione
1781 843 1976 884 tegerentur.
2029 844 2108 876 Erat
2144 842 2231 876 enim
2261 851 2350 875 arro-

1296 901 1421 942 gantie,
1440 903 1473 934 et
1501 900 1590 934 velut
1622 901 1756 942 ingeniis
1786 901 1964 943 legentium
1992 901 2188 943 diffidentis,
2205 911 2244 934 ea
2270 910 2346 944 quie

1296 961 1461 993 communi
1477 960 1624 993 omnium
1636 960 1855 1001 intelligentiae
1874 962 2040 1002 paterent,
2055 962 2279 1003 superstitiosa
2303 961 2352 994 in-

1296 1019 1512 1060 terrogatione
1526 1019 1644 1052 trustra
1663 1022 1818 1052 retexere.
1864 1020 2010 1062 Denique
2028 1020 2069 1054 de
2091 1020 2250 1062 principio
2266 1020 2351 1060 libri,

1295 1088 1361 1122 quo
1375 1079 1511 1121 simplex
1524 1080 1664 1112 narratio
1680 1079 1905 1112 continebatur
1921 1088 2028 1112 rerum
2039 1081 2113 1112 ante
2125 1081 2302 1121 gestarum,
2316 1081 2351 1113 et

1279 1138 1441 1171 ‘historiae
1466 1138 1583 1171 veteris
1610 1137 1797 1179 recensitio,
1817 1138 1896 1171 niliil
1923 1137 2003 1171 dixi.
2049 1138 2215 1171 Rationem
2243 1142 2351 1172 tamen

1296 1199 1396 1231 totius
1421 1198 1550 1239 operis,
1566 1200 1598 1231 et
1620 1197 1786 1239 scriptoris
1811 1197 2033 1239 propositum,
2054 1199 2087 1231 et
2115 1197 2349 1231 ordinationem

1296 1259 1387 1301 libri,
1404 1258 1598 1292 declaranda
1617 1266 1688 1290 esse
1708 1257 1799 1290 duxi.

1338 1321 1379 1351 V.
1403 1320 1484 1352 Nam
1503 1326 1578 1350 cum
1598 1316 1699 1359 pridie
1718 1318 1865 1349 Socrates
1895 1316 2005 1349 decem
2025 1316 2115 1349 libris
2139 1317 2291 1350 omnibus
2309 1317 2352 1350 de

1297 1377 1472 1420 Republica
1493 1376 1711 1418 disputasset;
1734 1375 1774 1408 ad
1793 1384 1891 1417 quem
1914 1377 2088 1408 tractatum
2110 1385 2175 1409 uon
2195 1385 2236 1409 ex
2264 1377 2351 1418 prin-

1295 1436 1388 1478 cipali
1404 1444 1519 1475 causa,
1534 1435 1591 1468 sed
1614 1444 1655 1468 ex
1679 1434 2126 1476 consequenti,descenderat
2145 1448 2153 1467 :
2174 1435 2348 1477 (siquidem

1295 1505 1372 1529 cum
1399 1495 1439 1528 de
1465 1493 1588 1536 iustitia
1614 1494 1717 1536 quoeri
1735 1498 1877 1535 coeptum
1907 1493 2036 1534 luisset,
2058 1502 2156 1535 quam
2182 1493 2350 1528 detinierat

1295 1554 1555 1596 Thrasymachus
1570 1556 1693 1593 orator,
1707 1561 1779 1586 eam
1798 1561 1890 1592 esse,
1906 1561 1982 1594 quae
2000 1552 2075 1585 huic
2093 1553 2277 1595 prodesset,
2293 1553 2351 1596 qui

1295 1613 1469 1656 plurimum
1494 1615 1599 1655 posset
1622 1625 1631 1645 z
1651 1612 1801 1645 Socrates
1817 1612 1931 1644 contra
1954 1610 2134 1651 docuisset,
2151 1611 2254 1644 immo
2277 1620 2350 1645 earn

1294 1672 1416 1715 potius,
1431 1680 1504 1713 qum
1520 1671 1559 1704 iis
1574 1671 1761 1713 prodesset,
1779 1669 1837 1711 qui
1854 1668 2026 1702 minimum
2044 1672 2172 1712 possent
2184 1671 2207 1711 3)
2221 1672 2258 1703 ut
2274 1670 2348 1703 illu·

1294 1732 1409 1765 striore
1435 1732 1582 1764 uteretur
1607 1730 1777 1772 exemplo,
1801 1729 1830 1762 si
1850 1737 1922 1762 eam
1941 1738 2008 1762 uon
2034 1729 2067 1762 in
2090 1729 2187 1762 unius
2211 1729 2351 1762 bominis

1293 1791 1438 1834 ingenio,
1467 1790 1522 1824 sed
1547 1790 1580 1823 in
1612 1790 1702 1823 urbis
1727 1788 1864 1838 alicuius
1892 1788 2059 1831 populosae
2086 1789 2265 1831 frequentia
2294 1799 2351 1831 po-

1295 1851 1399 1893 pulari
1412 1851 1608 1883 scrutaretur
1621 1862 1630 1883 :
1645 1849 1818 1891 imaginem
1831 1848 1994 1890 quandam
2006 1848 2153 1890 depinxit
2162 1848 2262 1887 urbis,
2273 1857 2349 1891 qum

1292 1910 1393 1952 justis
1417 1909 1561 1942 moribus
1585 1908 1804 1950 institutisque
1830 1911 2011 1948 regeretur;
2026 1909 2058 1940 et
2081 1907 2286 1940 convenienti
2304 1908 2346 1940 le·

1294 1969 1388 2010 gibus
1404 1968 1557 2002 felicitate
1575 1967 1735 2001 frueretur
1753 1980 1762 1999 ι
1779 1968 1913 2006 contra,
1927 1966 2014 2008 quod
2030 1965 2200 2008 siquando
2211 1966 2349 2007 degene-

1294 2030 1399 2062 rasset
1423 2028 1466 2061 ab
1484 2027 1777 2068 institutis,quam
1811 2026 2010 2068 improspera
2034 2027 2117 2059 esset
2143 2026 2173 2058 ei
2206 2025 2348 2063 civitati,

1294 2095 1460 2130 quamque
1477 2086 1669 2126 exitiabilis,
1688 2086 1825 2119 mutatio
1844 2094 1973 2118 morum
1990 2086 2109 2118 sutura.

1334 2148 1393 2180 Vl.
1417 2137 1517 2188 igitur
1543 2154 1620 2179 cum
1649 2146 1681 2179 in
1707 2146 1771 2178 illis
1799 2145 1888 2178 libris
1913 2145 2067 2187 quiae-zita,
2088 2148 2187 2186 atque
2214 2144 2346 2178 inventa

1295 2206 1459 2240 rideretur
1474 2205 1688 2246 essejustitia,
1705 2213 1780 2247 qum
1800 2206 1985 2237 versaretur
2011 2204 2043 2236 in
2060 2203 2157 2236 rebus
2173 2204 2343 2245 luimanis;

1292 2267 1474 2308 superesset
1502 2266 1630 2305 autem,
1662 2266 1698 2298 ut
1736 2264 1889 2297 naturalis
1926 2263 2090 2305 requitatis
2131 2263 2221 2297 tieret
2254 2264 2346 2296 inve-

1294 2325 1435 2366 stigatio,
1454 2323 1550 2364 liujus
1579 2323 1659 2356 tanti
1686 2323 1792 2364 operis
1822 2322 1996 2362 ellectum,
2016 2321 2102 2364 quod
2131 2322 2258 2363 ingenio
2284 2330 2345 2355 suo

1293 2386 1415 2419 diceret
1429 2392 1602 2417 onerosum
1612 2407 1622 2425 ,
1638 2385 1787 2416 socrates
1806 2383 1948 2423 Timmo,
1964 2387 1996 2415 et
2012 2382 2138 2422 Critiai,
2152 2384 2184 2415 et
2208 2383 2346 2415 itermo-

1292 2444 1393 2484 crati,
1413 2442 1624 2484 delegandum
1648 2441 1773 2484 putavit
1801 2450 1809 2469 ι
1836 2444 1935 2483 atque
1959 2441 2004 2474 illi
2029 2450 2149 2473 munus
2166 2441 2346 2482 injunctum

1293 2503 1493 2545 receperunt.
1538 2503 1583 2534 Ex
1604 2510 1670 2542 quo
1695 2501 1844 2543 apparet,
1866 2501 1899 2533 in
1929 2500 1991 2533 lioc
2023 2499 2106 2532 libro
2130 2500 2347 2543 principaliter

1294 2562 1376 2595 illud
1405 2562 1476 2602 agi,
1498 2560 1802 2602 contemptationem
1827 2559 2181 2601 considerationemque
2204 2559 2347 2601 institui,

1293 2630 1358 2654 non
1374 2621 1540 2663 positivae,
1557 2619 1612 2653 sed
1628 2618 1782 2652 naturalis
1797 2619 1881 2652 illius
1892 2618 2046 2659 justitiae,
2060 2622 2158 2661 atque
2168 2618 2344 2663 multatis,

1292 2689 1368 2723 quie
1386 2679 1540 2722 scriptam
1559 2677 1793 2713 constituendis
1812 2676 1953 2719 legibus.
1967 2677 2251 2720 describendisque
2278 2678 2344 2712 ror·

1291 2739 1405 2779 mutis,
1419 2738 1531 2772 tribuit
1552 2747 1593 2773 ex
1608 2738 1747 2780 genuina
1760 2738 1983 2772 moderatione
1998 2737 2222 2772 substantiam.
2269 2740 2346 2772 l’er·

1291 2798 1431 2841 indeque
1449 2800 1486 2832 ut
1506 2798 1673 2839 socrates,
1689 2806 1765 2831 eum
1790 2797 1831 2830 de
1843 2797 1967 2838 justitia
1987 2797 2181 2839 dissereret,
2197 2806 2262 2840 qua
2284 2798 2346 2830 lio·

1291 2858 1394 2891 mines
1424 2858 1572 2899 utuntur,
1601 2856 1729 2891 induxit
1759 2856 1898 2897 effigiem
1930 2855 2036 2889 civilis
2066 2856 2271 2898 reipubliw,
2303 2858 2344 2889 ita

1289 2916 1432 2950 'rimans
1460 2915 1628 2950 locrensis
1654 2923 1694 2948 ex
1724 2915 1913 2957 Pyuugorm
1941 2914 2123 2956 magisterio
2139 2915 2346 2947 astronomia·

1290 2985 1419 3019 quoque
1443 2975 1623 3019 disciptinas
1649 2976 1789 3018 perfecte
1819 2975 1958 3018 peritus,
1983 2983 2057 3008 eam
2083 2974 2257 3016 iustitiam,
2281 2984 2345 3017 qua

1289 3034 1438 3069 divinum
1454 3043 1558 3077 genus
1572 3034 1747 3069 adversum
1763 3043 1799 3067 se
1815 3035 1918 3067 utitur
1931 3034 1963 3067 in
1981 3033 2093 3067 mundi
2108 3034 2204 3073 liuius
2219 3034 2344 3066 sensitis

1288 3096 1321 3129 et
1332 3094 1429 3129 vetuti
1440 3094 1581 3137 quadam
1592 3093 1757 3128 communi
1767 3093 1847 3127 urbe
1859 3101 1897 3126 ac
1908 3092 2086 3135 republica.
2100 3092 2202 3126 voluit
2212 3092 2341 3134 inquiri.

1330 3155 1404 3188 vti.
1427 3155 1520 3189 Nune
1535 3153 1693 3188 ordinatio
1709 3153 1781 3187 libri
1796 3154 1830 3187 et
1844 3153 1966 3195 species
1985 3152 2155 3186 revelanda
2175 3153 2236 3185 est.

1330 3215 1356 3249 1.
1380 3213 1545 3254 Quaritur
1559 3214 1665 3256 primo
1680 3213 1722 3246 de
1740 3213 1885 3254 genitura
1903 3210 2026 3245 mundi.

1331 3274 1371 3307 ii.
1396 3273 1521 3306 Dehinc
1534 3273 1576 3306 de
1591 3275 1664 3306 ortu
1682 3273 1812 3305 animan

1330 3333 1389 3367 iti.
1412 3333 1498 3366 Tum
1517 3332 1557 3365 de
1576 3332 1810 3372 modulatione,
1831 3332 1900 3365 sire
1918 3330 2099 3364 inarmonia.

1331 3392 1386 3425 lv.
1411 3392 1457 3425 De
1472 3391 1625 3425 numeris.

1329 3450 1370 3484 V.
1395 3450 1442 3483 De
1469 3450 1572 3483 stellis
1600 3450 1694 3490 ratis,
1717 3452 1750 3483 et
1771 3450 1971 3491 errantum-3
1994 3450 2025 3482 in
2047 3456 2186 3491 quarum
2205 3456 2341 3482 nurum

1287 3507 1336 3542 sol
1352 3508 1447 3543 etiam
1466 3509 1673 3543 constituitur
1689 3511 1721 3543 rt
1738 3510 1825 3544 luna.
