2638 3840
348 240 493 269 LXXXII

350 318 518 368 denique
552 318 833 355 oratiunculam
870 317 1031 368 Delphis
1077 317 1254 355 recitavit
1293 316 1387 369 (27),

348 385 556 427 postquam
581 375 631 429 (Ἴ
647 390 800 415 auream
820 375 895 414 sibi
919 384 1079 413 statuam
1097 375 1139 412 in
1159 376 1304 427 templo
1320 390 1390 428 po-

350 435 451 484 suit,
474 449 553 485 quo
584 444 759 487 tempore
791 434 872 486 jam
906 444 944 472 et
975 434 1128 472 divitiis
1155 434 1337 474 affluebat
1355 445 1392 474 et

350 495 578 532 auctoritate
603 495 776 546 reliquos
795 494 987 545 sophistas
1008 492 1228 543 superabat.
1286 494 1390 532 Con-

349 553 482 602 tigisse
510 553 584 590 hoc
604 562 738 591 auctor
757 562 814 591 est
843 552 996 590 Plinius
1017 551 1093 604 (28)
1110 554 1393 604 septuagesima

349 612 503 650 circiter
521 612 776 663 Olympiade,
799 613 840 649 in
861 624 938 661 quo
966 611 1095 649 virum
1123 611 1390 651 doctissimum

350 672 537 710 memoria
575 671 724 709 fefellit.
795 669 889 706 Nam
923 671 1022 705 ultra
1063 670 1249 707 Socratem
1280 685 1392 721 usque

348 735 498 768 durasse
518 730 748 768 Leontinum
770 728 1048 780 philosophum
1081 728 1201 767 tradit·
1232 729 1387 775 Quinti-

349 790 474 827 lianus
493 788 563 827 lib.
584 788 656 833 111,
680 802 715 837 1,
734 800 773 836 9.
788 786 904 831 Quod
923 786 957 824 si
975 798 1112 824 verum
1130 796 1202 833 est,
1217 787 1388 828 Plinium

347 861 389 885 in
422 846 671 897 exquirendis
706 843 948 896 temporibus
981 857 1118 896 parum
1165 846 1388 896 diligentem

349 906 467 943 fuisse
490 912 663 956 apparet.
720 902 880 941 Accedit
901 902 1005 952 quod
1024 902 1136 940 aliter
1151 916 1230 940 rem
1250 904 1297 942 de
1314 918 1391 955 qua

347 963 533 1001 naturalis
552 961 726 999 historiae
746 960 926 999 conditor
944 961 1023 1010 agit
1035 989 1046 1008 ,
1068 961 1206 999 Cicero
1225 976 1390 1002 comme-

347 1030 470 1059 morat
485 1021 541 1058 De
552 1029 651 1059 orat.
666 1019 742 1068 111,
757 1022 820 1067 32,
835 1028 982 1058 tantum
997 1019 1185 1058 honorem
1203 1035 1225 1059 a
1240 1021 1390 1062 Graecia

346 1080 528 1131 sophistae
547 1079 723 1117 habitum
743 1092 827 1117 esse
847 1079 1004 1129 dicens,
1024 1078 1099 1117 soli
1119 1088 1163 1117 ut
1193 1093 1241 1118 ex
1260 1083 1389 1120 omni-

345 1139 419 1177 bus
436 1138 598 1190 Delphis
623 1151 702 1175 non
721 1138 898 1176 inaurata
917 1146 1064 1185 statua,
1087 1137 1154 1176 sed
1175 1151 1290 1176 aurea
1311 1148 1386 1178 sta-

344 1206 530 1237 tueretur.
586 1197 727 1235 Verum
759 1205 815 1235 tot
843 1196 1019 1247 tantique
1045 1197 1214 1236 honores
1233 1197 1390 1247 Gorgiae

344 1256 481 1294 tributi
507 1256 597 1307 jure
627 1263 880 1293 numerantur
903 1255 945 1293 in
965 1255 1114 1302 causis,
1139 1269 1209 1293 cur
1229 1256 1388 1306 quidam

342 1316 501 1354 laudum
523 1317 607 1364 ejus
635 1308 916 1354 obtrectatores
944 1315 1177 1353 exstiterint.
1235 1315 1388 1354 Etenim

342 1375 376 1412 si
408 1375 504 1413 fides
530 1374 746 1425 Hermippo
773 1374 876 1425 apud
908 1372 1134 1411 Athenaeum
1155 1372 1256 1423 (29),
1279 1373 1388 1412 Plato

342 1445 430 1470 eum
479 1433 622 1484 saepius
666 1431 933 1483 asperioribus
978 1431 1125 1469 facetiis
1158 1431 1389 1482 perstrinxit

343 1492 568 1543 scriptoque
591 1491 744 1541 dialogo
761 1504 847 1528 cum
870 1490 958 1528 aliis
975 1490 1160 1541 sophistis
1176 1491 1387 1540 exagitavit

344 1550 440 1602 (30).
459 1551 585 1588 Porro
604 1549 886 1600 Aristophanes
905 1549 1109 1599 aliquoties
1128 1549 1171 1586 in
1193 1549 1387 1587 rhetorem

342 1608 573 1647 Leontinum
609 1609 787 1646 invectus
813 1615 884 1645 est.
941 1606 1070 1652 Quid?
1098 1607 1204 1656 quod
1234 1607 1388 1646 Chaere-

341 1667 448 1718 phon
473 1667 719 1704 Atheniensis
738 1665 819 1718 (31)
840 1664 998 1714 Gorgiae
1017 1665 1059 1702 in
1075 1674 1268 1703 conventu
1285 1679 1388 1716 quae-

342 1727 508 1764 stionem
545 1726 723 1777 poscenti
762 1737 880 1775 seque
918 1724 965 1761 ad
1002 1724 1134 1762 omnia
1165 1724 1212 1761 de
1244 1724 1388 1775 quibus

343 1785 508 1835 quisque
537 1783 672 1821 audire
693 1783 808 1821 vellet
838 1795 921 1820 esse
939 1791 1116 1833 paratum
1143 1781 1387 1822 denuntianti

342 1844 501 1894 publice
529 1843 716 1881 insultare
738 1855 817 1879 non
850 1841 1021 1878 erubuit.
1080 1841 1118 1878 ls
1151 1841 1254 1879 enim
1281 1841 1388 1880 :Cur

342 1902 506 1951 Gorgia,
539 1900 691 1950 inquit,
726 1899 822 1937 fabae
853 1907 1029 1936 ventrem
1061 1898 1222 1946 inflant,
1256 1900 1384 1949 ignem

342 2030 408 2071 (27)
418 2030 493 2063 Vid.
504 2029 758 2062 Philostrat.Vit.
771 2028 906 2069 sophist.
917 2038 950 2069 p.
963 2031 1080 2062 493.-
1087 2029 1131 2071 (*)
1143 2030 1202 2063 Vel
1214 2033 1384 2072 antequam

341 2080 482 2110 statuam
497 2077 586 2109 illam
599 2077 659 2108 sihi
677 2078 828 2117 poneret3
838 2085 888 2108 res
899 2075 986 2108 euim
999 2076 1122 2109 incerta
1137 2078 1314 2118 est.--(28)
1324 2078 1386 2110 Pli-

340 2124 414 2157 nius
424 2124 509 2156 Hist.
521 2127 588 2155 nat.
602 2122 658 2155 lib.
674 2124 819 2162 XXXIII,
829 2125 848 2155 4
862 2134 871 2155 z
885 2123 1017 2163 Gorgias
1032 2123 1207 2156 Leontinus
1219 2123 1385 2156 hominum

339 2173 465 2214 primus
484 2172 516 2204 et
534 2179 665 2203 auream
684 2174 824 2203 statuam
843 2172 876 2203 et
898 2170 1034 2202 solidam
1055 2170 1185 2211 Delphis
1210 2171 1244 2203 in
1265 2172 1386 2213 templo

341 2218 402 2250 sibi
420 2218 538 2259 posuit,
554 2218 637 2249 LXX
646 2217 772 2249 circiter
789 2217 999 2258 Olympiade;
1015 2218 1125 2248 tantus
1140 2219 1210 2249 erat
1234 2217 1386 2250 docendae

340 2265 488 2296 oratoriae
514 2264 591 2296 artis
611 2265 766 2304 quaestus.
785 2263 883 2296 Aliter
908 2265 1045 2295 Pausan.
1062 2264 1105 2302 X,
1126 2265 1164 2295 18
1186 2275 1194 2295 ε
1222 2264 1386 2305 ἐπίχρυσος

341 2312 374 2344 δὲ
394 2312 500 2352 εἰκών,
517 2311 660 2352 ἀνάθημα
675 2310 806 2352 Γοργίου
824 2313 880 2342 τοῦ
899 2311 936 2342 ἐκ
955 2309 1139 2349 Λεοντίνων,
1149 2310 1241 2347 αὐτὸς
1258 2312 1385 2353 Γοργίας

340 2358 480 2390 ἐστίν.-
491 2359 554 2397 (29)
568 2358 742 2389 Athenaeus
754 2357 812 2390 lib.
823 2358 867 2389 XI
876 2365 946 2397 pag.
963 2360 1024 2389 505
1038 2356 1163 2397 (fragm.
1178 2358 1228 2397 14)
1243 2371 1251 2389 ι
1265 2358 1385 2398 λέγεται

340 2406 371 2437 δὲ
389 2407 431 2441 ὡς
449 2405 501 2436 καὶ
518 2405 535 2436 ὁ
551 2404 680 2445 Γοργίας
696 2404 788 2440 αὐτὸς
804 2404 955 2444 ἀναγνοὺς
969 2403 1022 2435 τὸν
1039 2404 1204 2444 ὁμώνυμον
1220 2405 1306 2445 αὐτῷ
1321 2404 1387 2436 διοί-

339 2452 430 2491 λογον
467 2452 542 2492 πρὸς
573 2451 644 2486 τοὺς
677 2451 816 2489 συνήθεις
851 2450 926 2490 ἔφη,
957 2450 1013 2487 Ὡς
1032 2451 1134 2486 καλῶς
1169 2450 1235 2482 οἶδε
1253 2452 1385 2483 Πλάτων

333 2498 502 2538 ’ἰαμὸίζειν.
517 2498 693 2539 Ἕρμιππος
712 2497 745 2528 δὲ
766 2497 798 2528 ἐν
813 2500 858 2538 τῷ
879 2497 947 2539 περὶ
966 2497 1117 2538 Γοργίου,
1132 2497 1185 2533 Ὡς
1209 2497 1385 2537 ἐπεδήμησε

342 2544 441 2584 (φησὶ)
457 2546 523 2579 ταῖς
535 2544 674 2581 Ἀθήναις
687 2543 818 2584 Γοργίας
832 2543 910 2584 μετὰ
921 2544 958 2575 τὸ
968 2544 1160 2582 ποιήσασθαι
1172 2543 1228 2581 τήν
1241 2543 1384 2576 ἀνάθεσιν

339 2594 393 2629 τῆς
409 2591 440 2622 ἐν
457 2591 584 2630 Δελφοῖς
598 2592 710 2622 ἑαυτοῦ
720 2594 838 2632 χρυσῆς
851 2590 969 2627 εἰκόνος
979 2616 988 2631 ,
1000 2591 1138 2627 εἰπόντος
1151 2594 1206 2623 τοῦ
1220 2591 1384 2628 Πλάτωνος

342 2638 394 2670 ὅτε
411 2639 489 2670 εἶδεν
501 2638 606 2678 αὐτόν,
623 2638 717 2670 ’Ήκει
729 2640 804 2677 ἡμῖν
819 2639 837 2669 ὁ
854 2638 948 2674 καλός
965 2649 998 2670 τε
1014 2639 1067 2670 καὶ
1086 2642 1221 2680 χρυσοῦς
1235 2639 1362 2680 Γοργίας
1373 2650 1382 2658 ·

341 2685 397 2724 ἔφη
414 2686 432 2717 ό
451 2685 579 2726 Γοργίας
590 2696 599 2703 ·
615 2684 661 2717 Ἤ
681 2684 775 2716 καλόν
792 2695 828 2724 γε
843 2686 876 2716 αἱ
892 2684 1011 2723 Ἀθῆναι
1031 2686 1085 2717 καὶ
1103 2686 1171 2718 νέον
1188 2689 1296 2718 τοῦτον
1316 2686 1381 2728 Ἀρ-

342 2732 470 2773 χίλοχον
489 2732 683 2773 ἐνηνόχασιν.
698 2731 799 2763 Ἄλλοι
816 2732 849 2763 δέ
863 2742 956 2772 φασιν
973 2733 1014 2768 ὡς
1039 2732 1188 2770 ἀναγνοὺς
1210 2734 1228 2764 ὁ
1250 2733 1380 2775 Γοργίας

340 2779 393 2810 τὸν
412 2779 581 2815 Πλάτωνος
600 2779 743 2816 διάλογον
760 2778 835 2819 πρὸς
854 2778 925 2814 τοὺς
943 2778 1096 2819 παρόντας
1117 2779 1202 2811 εἶπεν
1227 2779 1275 2811 ὅτι
1295 2779 1382 2811 οὐδὲν

340 2824 457 2856 τούτων
476 2825 546 2856 οὔτε
572 2825 657 2856 εἶπεν
680 2823 751 2855 οὔτε
768 2823 887 2861 ἤκουσε
904 2824 989 2865 παρὰ
1016 2825 1193 2862 Πλάτωνος.
1213 2825 1382 2866 Dionysius

342 2871 628 2903 llalicarnassensis
641 2870 746 2908 Epist.
760 2870 800 2902 ad
814 2872 928 2911 Pomp.
942 2870 1006 2902 vol.
1021 2872 1062 2903 VI
1076 2880 1108 2911 p.
1123 2875 1182 2905 756
1195 2872 1245 2904 ed.
1260 2872 1379 2905 Reisk.:

342 2919 383 2949 ἐῶ
393 2918 451 2959 γὰρ
459 2918 512 2954 τὰς
522 2918 615 2953 ἄλλας
625 2916 721 2948 αὐτοῦ
729 2917 845 2957 γραφὰς
853 2917 1047 2958 παραφέρειν,
1056 2917 1088 2949 ἐν
1097 2918 1145 2954 αῐς
1153 2920 1300 2959 κωμῳδεῖ
1310 2919 1381 2956 τοὺς

341 2965 401 3007 πρὸ
426 2967 557 3005 ἑαυτοῦ,
575 2964 768 3005 Παρμενίδην
791 2974 823 2995 τε
845 2964 898 2995 καὶ
913 2964 1052 3003 Ἱππίαν,
1077 2965 1129 2996 καὶ
1158 2966 1379 3007 Πρωταγόραν,

341 3012 394 3043 καὶ
416 3011 582 3052 Πρόδικον,
606 3012 659 3042 καὶ
686 3011 816 3051 Γοργίαν
840 3011 894 3041 καὶ
918 3011 1041 3050 Πῶλον,
1061 3012 1114 3042 καὶ
1135 3012 1307 3052 Θεόδωρον,
1327 3014 1380 3045 καὶ

343 3059 566 3100 Θρασύμαχον,
588 3058 641 3088 καὶ
667 3057 775 3093 ἄλλους
803 3057 955 3097 συχνούς,
973 3057 1031 3088 οὐκ
1057 3057 1119 3089 ἀπὸ
1144 3061 1198 3089 τοῦ
1220 3059 1380 3098 βελτίστου

342 3105 442 3136 πάντα
460 3105 528 3146 περὶ
549 3105 650 3136 αὐτῶν
668 3104 804 3145 γράφων,
818 3102 894 3141 ἀλλ’,
910 3105 937 3135 εἰ
958 3104 1082 3144 βούλει,
1100 3105 1153 3135 καὶ
1179 3105 1241 3137 ἀπὸ
1264 3106 1380 3145 φιλοτι-

341 3151 424 3191 μίας.
439 3150 501 3183 Ἧν
516 3150 575 3191 γὰρ
588 3150 618 3181 ἐν
633 3150 686 3190 μὲν
699 3154 737 3190 τῇ
747 3149 913 3185 Πλάτωνος
927 3149 1013 3189 φύσει
1023 3149 1138 3185 πολλὰς
1146 3149 1254 3190 ἀρετὰς
1264 3151 1379 3192 ἐχούσῃ

340 3199 375 3229 τὸ
393 3197 564 3239 φιλότιμον.
578 3216 613 3224 -
635 3197 698 3236 (30)
715 3196 874 3236 Aristoph.
892 3198 953 3236 Αἱ.
974 3197 1051 3227 1694
1075 3204 1165 3235 seqq.
1184 3208 1193 3227 ι
1212 3195 1278 3227 ἔστι
1303 3196 1330 3227 δ’
1348 3198 1379 3228 ἐν

343 3247 478 3276 Φαναῖσι
506 3244 581 3285 πρὸς
611 3247 648 3284 τῇ
677 3243 839 3284 Κλεψύδρᾳ
861 3245 1035 3283 πανοῦργον
1063 3242 1379 3283 ἐγγλωττογαστόρων

341 3292 438 3329 γένος,
453 3292 482 3322 οἳ
497 3290 667 3331 θερίζουσίν
680 3300 714 3321 τε
732 3290 784 3320 καὶ
799 3288 961 3328 σπείρουσι
979 3289 1030 3319 καὶ
1046 3290 1182 3328 τρυγῶσι
1193 3292 1258 3324 ταῖς
1277 3289 1377 3328 γλώτ-

342 3349 426 3369 ταισι
449 3338 616 3375 συκάζουσί
632 3347 684 3368 τε·
703 3336 849 3377 βάρὸαροι
870 3335 897 3366 δ’
913 3336 990 3366 εἰσὶν
1010 3335 1107 3375 γένος,
1126 3335 1250 3375 Γοργίαι
1274 3346 1307 3366 τε
1322 3339 1374 3367 καὶ

342 3384 503 3416 Φίλιπποι.
520 3384 571 3416 Id.
584 3386 682 3424 Vesp.
695 3385 752 3415 421
771 3395 779 3414 t
797 3382 842 3418 οἷς
856 3381 884 3422 γ’
899 3382 1063 3413 ἀπώλεσαν
1077 3381 1233 3413 Φίλιππον
1252 3382 1282 3412 ἐν
1304 3382 1374 3423 δίκῃ

341 3432 393 3461 τὸν
407 3432 591 3472 Γοργίου.-
606 3432 670 3471 (31)
681 3430 827 3462 Philostr.
838 3429 903 3460 Vii.
920 3429 1011 3469 soph.
1025 3438 1057 3469 p.
1074 3430 1184 3460 483.—
1199 3427 1264 3468 (32)
1283 3428 1376 3460 AElia-

1130 230 1198 269 DE
1218 228 1414 270 GORGlA
1442 231 1724 272 LEONTINO.

1454 333 1531 358 non
1552 320 1713 359 inflant?
1730 319 1802 358 Cui
1821 319 2002 369 Gorgias,
2019 320 2115 367 Hoc,
2134 320 2202 367 ait,
2221 319 2293 359 tibi
2315 319 2496 360 conside-

1452 379 1617 417 randum
1644 379 1840 431 relinquo.
1897 378 1977 429 Ego
1997 392 2092 417 vero
2114 378 2195 430 jam
2223 379 2369 417 dudum
2391 379 2496 431 scio,

1452 437 1493 475 in
1508 438 1602 476 tales
1615 437 1790 476 homines
1807 446 1947 476 terram
1960 438 2118 488 gignere
2130 437 2283 477 ferulas.
2302 437 2492 476 Caeterum

1452 506 1495 535 ut
1513 497 1554 535 in
1579 497 1686 535 omni
1707 498 1786 535 vita
1805 497 1933 535 lautus
1964 510 2006 534 ac
2035 504 2257 536 sumtuosus
2276 505 2359 535 erat
2378 496 2495 535 homo

1452 556 1666 594 Leontinus
1688 568 1697 594 ε
1718 556 1771 593 ita
1789 568 1986 607 purpurea
2006 564 2111 594 veste
2129 555 2289 594 indutus
2305 555 2346 594 in
2362 554 2494 608 publi-

1453 627 1540 652 cum
1557 614 1717 665 prodire
1738 622 1992 652 consueverat
2010 613 2106 666 (32).

1506 672 1536 709 E
1551 673 1708 722 Gorgiae
1724 672 1935 724 disciplina
1951 675 2093 723 praeter
2114 671 2357 723 Aristippum
2378 680 2494 724 atque

1454 731 1663 769 Isocratem
1678 761 1688 778 ‚
1708 744 1874 781 quorum
1904 743 2024 781 supra
2053 731 2290 768 mentionem
2311 730 2494 782 fecimus,

1451 788 1593 826 Menon
1610 788 1644 825 Τ
1647 788 1818 827 hessalus
1849 797 1887 825 et
1912 787 2115 826 Proxenus
2147 789 2303 827 Boeotus
2328 788 2494 840 profecti

1451 855 1563 894 sunt,
1600 847 1696 884 alter
1737 845 1912 883 Platonis
1951 846 2051 897 (33),
2087 845 2184 885 alter
2223 845 2494 899 Xenophontis

1453 904 1534 956 (34)
1553 905 1775 944 testimonio
1798 904 1940 942 clarus.
1998 907 2056 942 De
2074 903 2239 943 Menone
2257 905 2418 954 legenda
2435 913 2495 944 est

1450 962 1607 1001 Gedikii
1633 962 1850 1002 dissertatio
1874 961 2048 1000 Platonis
2081 962 2237 1012 dialogo
2267 963 2492 1015 praeposita.

1451 1021 1653 1059 Proxenus
1673 1029 1797 1059 autem
1817 1020 1885 1071 qui
1906 1029 2109 1071 antequam
2130 1020 2224 1071 Cyri
2251 1021 2493 1073 expeditioni

1450 1082 1635 1120 adversus
1643 1084 1894 1119 Artaxerxem
1907 1079 2062 1118 fratrem
2078 1089 2263 1131 susceptae
2274 1081 2491 1131 interesset,

1450 1140 1492 1177 in
1526 1139 1676 1177 Boeotia
1719 1138 1963 1176 familiariter
1995 1137 2172 1189 sophista
2200 1151 2293 1177 usus
2320 1139 2492 1193 videtur,

1450 1197 1707 1250 Xenophonte
1721 1205 1830 1247 teste,
1849 1197 2008 1247 triginta
2023 1197 2102 1235 fere
2118 1210 2306 1236 annorum
2315 1196 2491 1249 juvenis,

1449 1266 1650 1308 postquam
1684 1256 1850 1295 invicem
1891 1254 2051 1294 hostilia
2082 1263 2322 1307 coeptarunt,
2355 1266 2493 1309 quarto

1448 1314 1692 1366 Olympiadis
1711 1313 1830 1352 XCIV
1846 1327 1948 1352 anno
1970 1322 2145 1352 mortuus
2165 1323 2237 1354 est.
2258 1313 2367 1353 Adde
2385 1314 2491 1366 quod

1449 1377 1624 1413 Socrates
1639 1374 1770 1426 primo
1802 1371 2046 1423 Olympiadis
2066 1371 2163 1410 XCV
2182 1385 2284 1411 anno
2304 1372 2488 1422 decessit,

1448 1442 1538 1485 post
1572 1446 1686 1484 quem
1719 1432 1796 1470 fato
1829 1431 1976 1469 obiisse
2007 1430 2192 1481 Gorgiam
2225 1428 2492 1478 Quintilianus

1451 1493 1546 1545 (35),
1563 1491 1674 1542 cujus
1691 1490 1813 1529 verba
1830 1490 1962 1537 attuli,
1981 1499 2112 1541 aperte
2127 1489 2238 1530 dicit.
2293 1489 2347 1528 Ut
2364 1499 2491 1529 autem

1449 1551 1497 1588 ad
1515 1563 1702 1589 summam
1723 1557 1955 1587 senectutem
1975 1548 2130 1586 venisse
2149 1548 2345 1587 rhetorem
2363 1548 2491 1587 Leon-

1449 1611 1574 1647 tinum
1607 1622 1741 1647 omnes
1770 1607 2016 1646 consentiunt
2045 1608 2124 1658 (36)
2147 1622 2157 1645 :
2182 1608 2259 1655 ita,
2286 1620 2402 1659 quam
2423 1607 2492 1647 diu

1448 1668 1607 1716 vixerit,
1631 1668 1735 1705 inter
1754 1667 1967 1717 scriptores
1990 1666 2259 1705 controversia
2276 1675 2334 1705 est
2389 1667 2487 1718 (37).

1447 1793 1508 1816 nus
1525 1786 1602 1816 Var.
1621 1784 1693 1816 hist.
1712 1784 1769 1819 lib.
1786 1785 1857 1823 xil,
1871 1788 1910 1817 32
1927 1797 1935 1816 ;
1949 1782 2072 1816 Ἱππίαν
2091 1783 2124 1815 δὲ
2141 1784 2195 1816 καὶ
2212 1783 2344 1826 Γοργίαν
2363 1783 2395 1816 ἐν
2411 1795 2491 1825 πορ-

1447 1834 1554 1871 φυραῖς
1565 1830 1673 1868 ἐσθῆσι
1688 1831 1825 1871 προϊέναι
1836 1830 1954 1872 διαρῤεῖ
1965 1831 2066 1869 λόγος.
2075 1847 2116 1853 -
2127 1829 2191 1871 (33)
2205 1830 2254 1863 Cf.
2265 1830 2346 1863 Plan.
2361 1831 2489 1864 Menon.

1446 1879 1516 1911 init.
1533 1898 1575 1905 -
1592 1878 1658 1920 (34)
1675 1879 1851 1919 Xenophon
1871 1878 1973 1910 Anab.
1994 1877 2049 1910 lib.
2070 1879 2102 1910 11
2120 1886 2190 1918 cap.
2205 1881 2238 1918 6,
2255 1879 2293 1910 16
2307 1889 2318 1911 ι
2339 1877 2488 1920 Πρόξενος

1446 1927 1479 1958 δὲ
1495 1927 1514 1958 ό
1530 1927 1680 1963 Βοιώτιος
1692 1926 1779 1962 εὐθὺς
1793 1926 1847 1967 μὲν
1861 1925 2021 1968 μειράκιον
2036 1926 2094 1966 ὤν,
2107 1925 2250 1967 ἐπεθύμει
2259 1925 2401 1967 γενέσθαι
2413 1926 2491 1968 ἀνὴρ

1446 1971 1486 2003 τὰ
1507 1971 1626 2012 μεγάλα
1643 1971 1784 2012 πράττειν
1815 1971 1919 2007 ἱκανός
1931 1980 1939 1987 ·
1955 1971 2007 2002 καὶ
2027 1971 2080 2002 διὰ
2103 1971 2217 2009 ταύτην
2242 1971 2299 2010 τὴν
2325 1971 2490 2012 ἐπιθυμίαν

1447 2019 1544 2050 ἔδωκε
1567 2019 1682 2060 Γοργίᾳ
1710 2019 1851 2060 ἀργύριον
1875 2021 1921 2060 τῷ
1951 2017 2120 2059 Λεοντίνῳ.
2146 2018 2232 2050 Ἐπεὶ
2253 2017 2287 2049 δὲ
2311 2019 2490 2058 συνεγένετο

1446 2065 1576 2106 ἐκείνῳ,
1595 2065 1699 2101 ἱκανὸς
1715 2065 1773 2103 ἤδη
1793 2063 1924 2105 νομίσας
1952 2065 2031 2096 εἷναι
2048 2065 2102 2096 καὶ
2134 2064 2239 2105 ἄρχειν
2260 2063 2314 2095 καὶ
2335 2063 2422 2105 φίλος
2444 2065 2489 2096 ὢν

1445 2115 1510 2148 τοῖς
1533 2112 1666 2152 πρώτοις
1689 2112 1732 2152 μὴ
1754 2112 1904 2150 ἡττᾶσθαι
1920 2112 2100 2152 εὐεργετῶν,
2120 2111 2210 2150 ἦλθεν
2236 2111 2280 2147 εἰς
2297 2110 2411 2148 ταύτας
2433 2111 2510 2149 τὰς,

1447 2159 1504 2191 σὺν
1520 2159 1613 2200 Κύρῳ
1628 2158 1760 2200 πράξεις·
1775 2158 1828 2190 καὶ
1842 2158 1922 2200 ᾤετο
1935 2159 2103 2195 κτήσεσθαι
2116 2158 2151 2189 ἐκ
2163 2158 2283 2191 τούτων
2295 2158 2396 2198 ὄνομα
2407 2158 2496 2200 μέγα·

1445 2206 1498 2237 καὶ
1520 2206 1649 2247 δύναμιν
1672 2205 1808 2247 μεγάλην
1827 2207 1881 2237 καὶ
1903 2206 2047 2247 χρήματα
2062 2205 2173 2236 πολλά.
2195 2205 2362 2238 Τοσούτων
2382 2205 2408 2237 δ’
2421 2205 2489 2238 ἐπι·

1446 2255 1552 2294 θυμῶν
1573 2254 1691 2294 σφόδρα
1711 2254 1836 2291 ἔνδηλον
1855 2253 1895 2284 αὖ
1916 2253 1970 2284 καὶ
1988 2255 2080 2284 τοῦτο
2099 2252 2181 2292 εἶχεν
2203 2251 2250 2284 ὅτι
2267 2251 2384 2284 τούτων
2399 2252 2488 2285 οὐδὲν

1444 2302 1482 2332 ἂν
1499 2301 1579 2333 θέλοι
1595 2303 1727 2333 κτᾶσθαι
1745 2301 1823 2342 μετὰ
1838 2301 1956 2337 ἀδικίας
1965 2324 1975 2339 ,
1989 2299 2067 2331 ἀλλὰ
2079 2299 2137 2331 σὺν
2151 2302 2196 2340 τῷ
2208 2298 2321 2340 δικαίῳ
2333 2301 2387 2332 καὶ
2398 2301 2488 2341 καλῷ

1445 2348 1524 2390 ᾤετο
1542 2348 1606 2380 δεῖν
1620 2348 1739 2380 τούτων
1757 2347 1932 2388 τυγχάνειν,
1953 2347 2026 2378 ἄνευ
2045 2347 2078 2378 δὲ
2095 2346 2213 2378 τούτων
2243 2347 2299 2388 μή.
2315 2346 2435 2388 Ἅρχειν
2453 2347 2487 2380 δὲ

1445 2397 1550 2428 καλῶν
1571 2396 1625 2437 μὲν
1643 2396 1696 2426 καὶ
1713 2395 1839 2434 ἀγαθῶν
1857 2394 1984 2430 δυνατὸς
2002 2394 2051 2432 ἦν·
2066 2393 2103 2425 οὐ
2123 2394 2225 2434 μέντοι
2245 2393 2314 2426 οὔτ’
2325 2393 2406 2426 αἰδῶ
2422 2397 2487 2432 τοῖς

1445 2445 1647 2486 στρατιώταις
1670 2444 1784 2475 ἑαυτοῦ
1800 2442 1871 2473 οὔτε
1885 2442 1979 2481 φόῧον
1997 2442 2102 2477 ἱκανὸς
2118 2442 2309 2481 ἐμποιῆσαι,
2333 2441 2412 2474 ἀλλὰ
2432 2441 2485 2473 καὶ

1445 2491 1600 2533 ᾐσχύνετο
1629 2490 1743 2531 μᾶλλον
1773 2489 1844 2525 τοὺς
1863 2489 2054 2530 στρατιώτας
2073 2489 2093 2526 ἢ
2114 2490 2143 2520 οἱ
2163 2488 2331 2530 ἀρχόμενοι
2353 2489 2484 2529 ἐκεῖνον,

1443 2539 1496 2570 καὶ
1509 2538 1696 2579 φοὸούμενος
1709 2537 1823 2576 μᾶλλον
1835 2535 1873 2575 ἦν
1885 2535 2012 2577 φανερὸς
2021 2535 2056 2567 τὸ
2069 2535 2296 2576 ἀπεχθάνεσθαι
2310 2538 2375 2572 τοῖς
2387 2545 2482 2576 στρα-

1443 2586 1568 2621 τιώταις
1583 2585 1603 2623 ἢ
1619 2585 1649 2615 οὶ
1665 2585 1851 2624 στρατιῶται
1863 2582 1898 2614 τὸ
1916 2582 2056 2614 άπιστεῖν
2077 2582 2198 2623 ἐκείνῳ.
2212 2582 2306 2624 ’ῼετο
2327 2582 2362 2614 δὲ
2379 2582 2483 2623 ἀρκεῖν

1443 2633 1518 2675 πρὸς
1545 2631 1581 2664 τὸ
1604 2630 1734 2672 ἀρχικὸν
1759 2630 1838 2661 εἶναι
1865 2629 1919 2661 καὶ
1944 2630 2046 2661 δοκεῖν
2070 2629 2123 2661 τὸν
2146 2629 2202 2670 μὲν
2218 2630 2322 2666 καλῶς
2336 2632 2485 2662 ποιοῦντα

1443 2680 1593 2718 ἐπαινεῖν,
1604 2678 1658 2710 τὸν
1676 2677 1710 2709 δὲ
1733 2677 1899 2709 ἀδικοῦντα
1917 2676 1960 2716 μὴ
1980 2676 2127 2708 ἐπαινεῖν.
2147 2678 2319 2718 Τοιγαροῦν
2339 2676 2426 2717 αὐτῷ
2451 2677 2482 2709 οἱ

1445 2728 1500 2769 μὲν
1517 2726 1607 2759 καλοί
1624 2736 1659 2758 τε
1677 2725 1806 2766 κάγαθοὶ
1826 2727 1888 2756 τῶν
1903 2724 2060 2756 συνόντων
2078 2723 2159 2756 εὗνοι
2176 2724 2271 2765 ἦσαν,
2285 2725 2315 2756 οἱ
2335 2723 2369 2756 δὲ
2380 2723 2482 2756 ἄδικοι

1443 2774 1646 2807 ἐπεὸοὑλευον
1659 2775 1701 2810 ὡς
1717 2771 1978 2813 εὐμεταχειρίστῳ
1990 2770 2067 2802 ὄντι.
2079 2771 2158 2803 'Otr-2
2181 2771 2215 2803 δὲ
2230 2771 2420 2808 ἀπέθνησκεν
2443 2770 2483 2810 ἦν

1443 2823 1520 2854 ἐτῶν
1539 2823 1582 2858 ὡς
1599 2820 1774 2862 τριάκοντα.
1790 2836 1832 2842 -
1846 2818 1913 2858 (35)
1940 2817 2159 2854 Quintilianus
2187 2817 2242 2849 lib.
2258 2818 2322 2857 111,
2346 2821 2376 2855 1,
2390 2821 2422 2850 9.
2438 2833 2482 2840 —·

1443 2868 1708 2910 (36)Plutarchus
1717 2867 1765 2898 De
1775 2865 1895 2897 oracul.
1904 2864 2018 2897 desect.
2030 2873 2100 2905 cap.
2111 2868 2164 2904 20,
2172 2863 2237 2896 vol.
2252 2866 2297 2896 lx
2308 2873 2339 2904 p.
2357 2865 2418 2896 330
2427 2864 2480 2896 ed.
2543 2864 2545 2866 ’

1442 2917 1533 2950 fluit.
1550 2925 1559 2947 t
1576 2915 1658 2947 οὕτω
1666 2914 1725 2956 γὰρ
1731 2911 1913 2952 Ἐπίκουρός
1920 2922 1954 2943 τε
1961 2911 2073 2953 χείρων
2086 2911 2216 2953 Γοργίου
2224 2915 2362 2951 φανεῖται
2367 2913 2424 2943 τοῦ
2430 2922 2483 2943 σο-

1440 2962 1624 3004 φιστοῦ,’καὶ
1633 2960 1839 3001 Μητρόδωρος
1845 2957 1990 2994 Ἀλέξιδος
1995 2961 2051 2989 τοῦ
2058 2957 2301 2998 κωμῳδοποιοῦ.
2311 2956 2481 2988 Διπλασιον

1441 3011 1501 3051 γὰρ
1511 3010 1599 3046 οὗτος
1613 3008 1703 3046 ἔζησε
1710 3010 1766 3039 τοῦ
1776 3005 1997 3047 Μητροδώρου,
2005 3004 2192 3043 Ἐπικούρου
2207 3002 2235 3034 δ’
2248 3004 2362 3039 ἐκεῖνος
2374 3003 2479 3042 πλέον,

1439 3058 1460 3095 ἢ
1480 3056 1643 3098 ἐπίτριτον.
1661 3053 1754 3086 Vixit
1772 3053 1856 3084 enim
1882 3051 2040 3091 Epicurus
2058 3059 2159 3082 annos
2175 3049 2374 3090 septuaginta
2396 3049 2480 3082 duos

1442 3104 1547 3144 (Diog.
1562 3105 1667 3136 Laert.
1685 3101 1740 3134 lib.
1762 3101 1804 3139 X,
1820 3099 1884 3139 15),
1906 3097 2039 3136 Gorgias
2060 3099 2190 3128 centum
2219 3097 2251 3128 et
2275 3097 2360 3128 octo.
2385 3096 2478 3128 Plato

1440 3150 1567 3182 Phaedr.
1583 3158 1615 3190 p.
1633 3153 1691 3182 261
1707 3161 1716 3180 ε
1731 3146 1807 3187 Καί,
1821 3146 1869 3177 ναὶ
1887 3144 1931 3186 μὰ
1946 3144 2018 3183 Δία,
2032 3144 2132 3185 ἔγωγε
2142 3146 2205 3175 τῶν
2217 3143 2382 3184 Νέστορος,
2397 3144 2478 3184 εἰμὴ

1439 3197 1570 3238 Γοργίαν
1581 3195 1723 3237 Νέστορά
1748 3205 1817 3225 τινα
1842 3190 2080 3227 κατασκευάζεις
2099 3190 2166 3221 κτλ.
2190 3189 2230 3220 ad
2258 3197 2354 3229 quem
2371 3189 2478 3221 locum

1441 3246 1532 3275 vetus
1546 3243 1799 3275 enarratorhanc
1807 3239 1935 3280 scripsit
1947 3237 2185 3269 annotationem
2195 3250 2203 3268 :
2213 3236 2342 3277 Γοργίας
2354 3235 2457 3280 παρόιλ
2466 3253 2476 3259 -

1438 3292 1526 3327 ληλος
1543 3291 1674 3331 Νέστορι
1690 3292 1732 3326 ὡς
1746 3288 1886 3327 αἰδήμων
1899 3286 1953 3317 καὶ
1966 3283 2215 3321 πολυετής·ὸκτὼ
2224 3284 2284 3323 γὰρ
2296 3283 2349 3313 καὶ
2363 3283 2475 3314 ἑκατὸν

1439 3338 1544 3374 ἔζησεν
1557 3337 1621 3373 ἔτη.
1636 3353 1672 3359 -
1689 3335 1755 3376 (37)
1768 3333 1890 3366 Plinius
1904 3333 1985 3364 Hist.
2001 3334 2067 3362 nat.
2082 3332 2154 3370 vn,
2171 3331 2211 3361 48
2229 3340 2239 3360 ι
2253 3328 2476 3360 indubitatum

1438 3386 1483 3414 est
1494 3407 1503 3422 ,
1519 3383 1669 3422 Gorgiam
1683 3382 1826 3415 Siculum
1843 3381 1972 3412 centum
1988 3380 2021 3410 et
2040 3379 2114 3409 octo
2129 3384 2228 3408 annos
2243 3375 2375 3407 vixisse.
2389 3377 2473 3407 cen-

1439 3429 1563 3460 sorinus
1578 3431 1624 3460 De
1639 3429 1690 3460 die
1703 3427 1799 3460 natali
1816 3435 1887 3466 cap.
1904 3429 1940 3457 1⁵
1958 3435 1967 3456 τ
1981 3424 2133 3463 Gorgiam
2147 3425 2220 3455 octo
2233 3431 2330 3463 supra
2343 3424 2474 3454 centum
