2638 3840
313 307 364 341 90
1147 289 1614 331 PYTHAGOREORUM

311 403 369 427 τον
378 387 478 439 λόγον
489 388 551 426 οὐκ
562 402 648 425 ειναι
663 383 911 436 συμπλήρωμα
926 397 963 419 το
979 380 1076 424 τέλος
1094 381 1132 418 ἐκ
1148 381 1216 417 τῶν
1233 395 1351 429 σωυ.-α

310 450 416 486 τικῶν
441 463 501 486 και
526 448 564 484 ἐκ
582 449 650 484 τῶν
678 444 798 488 ἔξωθεν
829 443 980 515 ἀγαθῶν,
1003 438 1081 477 οὐδὲ
1101 438 1140 476 τὸ
1164 437 1349 490 τυγχάνειν

311 508 438 554 αὐτῶν,
468 505 557 544 ἀὶλὰ
578 506 709 554 μᾶλλον
725 502 764 540 τὸ
784 502 861 539 κατ’
893 498 1056 550 ἁρετὴνζ
1057 500 1099 543 ἧν
1121 498 1155 534 ἐν
1175 502 1246 540 τοῖς
1268 496 1350 552 περὶ

310 569 414 616 σῶμα
431 565 490 604 καὶ
507 570 576 607 τοῖς
595 563 713 608 ἔξωθεν
730 563 869 610 ἀγαθοῖς
888 557 910 604 ἢ
931 564 1038 595 πᾶσιν
1051 555 1073 603 ἢ
1091 561 1162 600 τοῖς
1175 555 1351 600 πλείστοις

309 625 370 664 καὶ
385 623 620 675 κυριωτάτοις.
637 619 744 658 “()θεν
761 617 931 671 ἐνέργειαν
946 609 1109 663 εἶναιτὴν
1127 614 1350 665 εὐδαιμονίαν

309 683 387 722 κατ’
406 681 566 734 ἀρετὴν’
552 697 585 719 εν
606 679 751 755 πράξεσι
776 675 1054 729 προηγουμέναις
1071 676 1151 714 κατ’
1167 674 1284 728 εὐχήν·
1307 674 1351 714 τὰ

309 741 345 780 δὲ
364 741 442 793 περὶ
460 742 562 791 σῶμα
587 739 645 777 καὶ
666 738 709 776 τὰ
733 737 854 781 ἔξωθεν
875 735 989 788 ἀγαθὰ
1008 734 1174 782 ποιητικὰ
1190 735 1351 787 λέγεσθαι

308 804 369 847 τῆς
396 797 633 849 εὐδαιμονίας,
665 799 713 834 τῶ
745 793 1006 842 συμὲάλλεσθαί
1035 809 1068 832 τι
1098 793 1253 845 παρόντα
1280 792 1347 833 ²3⁸.

307 875 384 903 τους
405 859 439 897 δὲ
459 856 658 906 νομίζοντας
680 854 767 893 αὐτὰ
796 854 1022 905 συμπληροῦν
1043 851 1108 900 τὴν
1128 852 1349 903 εὐδαιμονίαν

308 920 466 968 ἀ(νοεῖν,
488 914 539 953 ὅτι
560 918 581 961 ἡ
604 913 666 964 μὲν
686 912 886 962 εὐδαιμονία
905 911 976 963 βίος
1004 911 1120 958 ἐστίν,
1136 914 1153 949 ὁ
1171 910 1206 949 δὲ
1225 910 1326 963 βίος’
1311 927 1350 949 εκ

308 975 462 1026 πράξεως
475 971 793 1024 συμπεπληρωται.
816 971 932 1010 Τῶν
913 968 950 1008 οὲ
971 971 1182 1019 σωματικῶν
1202 986 1260 1008 και
1278 971 1347 1007 τῶν

306 1035 400 1078 ἐκτὸς
412 1034 556 1105 ἀγαθῶν
575 1030 669 1070 ουδὲν
693 1029 770 1068 οὔτε
790 1028 916 1082 πρᾶξιν
932 1032 1021 1067 εἶναι
1037 1029 1113 1067 καθ’
1132 1028 1259 1074 ἑαυτό,
1278 1028 1350 1067 οὔθ’

305 1093 422 1136 ὅλως
408 1091 595 1144 ε’νέργειαν.
653 1087 796 1128 Τούτων
813 1086 854 1134 δὴ
874 1102 996 1125 τουτον
1010 1086 1068 1124 τὸν
1083 1086 1184 1138 λόγον
1199 1102 1215 1124 ε
1217 1102 1350 1138 ,(οντων

304 1152 326 1199 ἥ
354 1167 390 1189 τε
410 1148 588 1201 εὐεργεσία
609 1146 844 1194 συστήσεται,
864 1161 924 1184 και
942 1148 965 1192 ἡ
981 1145 1107 1198 χάρις,
1126 1146 1186 1184 καὶ
1206 1148 1228 1191 ἡ
1247 1146 1351 1197 εὔχα-

306 1210 419 1263 ριστία
433 1208 492 1247 καὶ
509 1206 752 1261 φιλανθρωπία
769 1221 829 1244 και
844 1204 1043 1258 φιλοτεκνία
1055 1204 1115 1243 καὶ
1126 1204 1350 1257 φιλαδελφία,

304 1269 363 1308 καὶ
383 1267 466 1320 πρὸς
484 1266 626 1310 ταύταις
643 1265 664 1304 ὅ
679 1281 713 1303 τε
735 1263 966 1317 φιλόπατρις,
982 1278 1041 1301 και
1056 1263 1274 1338 φιλοπάτωρ,
1291 1263 1351 1301 καὶ

304 1328 509 1382 φιλοικεῒος,
530 1325 591 1364 καὶ
620 1324 711 1364 κατὰ
731 1324 770 1362 τὸ
798 1338 974 1376 προσηκον
1004 1323 1027 1370 ἥ
1046 1325 1076 1361 τ’
1099 1322 1349 1369 εὖκοινωνησία

304 1403 363 1426 και
382 1390 404 1434 ἡ
426 1385 561 1431 εὔνοια,
578 1384 638 1423 καὶ
658 1382 815 1436 ἡφιλία,
833 1398 894 1421 και
917 1384 971 1429 ἡ’
963 1381 1081 1428 ισότης
1099 1382 1159 1420 καὶ
1178 1384 1200 1428 ἡ
1217 1383 1349 1420 δικαιο·

304 1445 412 1494 σύνη,
429 1461 489 1484 και
505 1451 571 1488 πᾶς
591 1446 608 1482 ὁ
629 1446 696 1482 τῶν
718 1444 850 1496 ἀρετων
872 1446 959 1486 θεῖος
978 1441 1101 1495 χορός,
1128 1444 1167 1479 οὗ
1186 1457 1261 1484 τους
1291 1456 1354 1479 κα-

1413 377 1715 431 τολιγωρήσαντας
1736 377 1949 430 ἁμαρτάνειν
1969 379 2124 430 φανερῶς
2139 378 2220 430 περί
2235 393 2270 416 τε
2285 377 2346 422 τὰς
2365 378 2466 428 enipi-⁴

1413 453 1484 482 σεις
1498 440 1568 477 τῶν
1583 439 1721 489 ἀγαθῶν
1733 467 1744 487 ,
1764 436 1823 476 καὶ
1844 437 1904 479 τὰς
1927 435 2039 487 φυγὰς
2057 439 2125 475 τῶν
2150 441 2283 487 κακῶν,
2304 437 2470 492 καὶπερὶ-

1413 497 1475 545 τὴν
1496 500 1618 543 κτῆσιν
1635 497 1695 536 καὶ
1718 496 1797 548 περὶ
1817 495 1880 542 τὴν
1903 499 2031 547 χρῆσιν
2051 498 2119 534 τῶν
2146 498 2285 548 ἀγαθῶν
2298 526 2309 545 ,
2330 498 2460 548 ὁμολο-

1412 555 1590 607 γουμένως
1607 572 1645 594 τε
1665 555 1856 607 διασφάλὶε
1843 558 1939 593 εσθαι
1957 554 2038 606 περὶ
2055 554 2118 605 μὲν
2132 555 2195 603 τὴν
2213 555 2346 609 αἵρεσιν
2364 555 2462 610 παρὰ

1413 613 1476 661 τὴν
1493 614 1620 667 κρίσιν,
1636 630 1715 666 περι
1726 614 1761 652 δὲ
1775 613 1838 660 τὴν
1850 616 1971 658 κτῆσιν
1981 612 2080 667 παρὰ
2095 612 2153 651 τὸν
2170 613 2312 666 τρόπον,
2326 615 2408 668 περὶ
2423 614 2460 654 δὲ

1412 673 1476 720 τὴν
1490 689 1615 726 χρησιν
1636 672 1734 725 παρὰ
1755 672 1816 719 τὴν
1838 671 2004 723 ἀμαθίαν.
2027 671 2134 725 Παρὰ
2156 672 2219 723 μὲν
2238 667 2298 712 ουν
2319 673 2382 721 τὴν
2404 672 2460 713 αἵ·

1416 748 1506 785 ρεσιν
1521 732 1745 784 ἁμαρτάνειν,
1760 731 1842 769 ὅταν
1858 747 1899 770 το
1917 731 2001 781 μηδ
2028 730 2149 775 ὅλως
2132 747 2168 770 ον
2190 733 2317 783 ἀγαθὸν
2341 735 2464 786 αἱρῶν·

1413 806 1491 838 ται,
1515 790 1537 838 ἢ
1561 791 1600 828 τὸ
1618 785 1721 837 ἧττον
1737 789 1964 842 σφοδρότερον
1979 788 2033 837 ἢ
2015 797 2080 831 οεῖ.
2099 793 2214 829 Ἰουτο
2233 788 2270 828 δὲ
2290 790 2371 843 περὶ
2384 789 2463 836 τοὺς

1413 850 1620 894 πλείστους*
1609 849 1788 902 υπάρχειν,
1814 848 1853 887 τὸ
1870 849 1933 899 μὲν
1948 849 2013 896 ἡδυ
2025 852 2085 888 τοῦ
2101 849 2347 903 συμφέροντος,
2366 849 2407 890 τὸ
2425 849 2463 889 δὲ

1416 909 1591 962 συμφέρον
1611 912 1669 948 τοῦ
1689 910 1797 947 καλοῦ
1820 909 2081 961 προκρίνοντας,
2095 909 2155 947 καὶ
2171 911 2233 956 τῆς
2247 910 2359 962 ὁρμῆς
2375 908 2463 958 ἀμέ-

1414 984 1502 1020 τρως
1515 970 1832 1020 προεκφοιτῶντας.
1864 966 1972 1020 Παρὰ
1987 966 2023 1006 δὲ
2036 966 2100 1014 τὴν
2115 970 2236 1014 κτῆσιν
2246 996 2259 1018 ,
2273 965 2362 1006 ὅταν·
2373 966 2464 1019 μήτε

1414 1026 1509 1076 ὅθεν,
1530 1026 1612 1078 μήθ’
1641 1026 1734 1070 ὅπως
1748 1056 1758 1074 ,
1794 1027 1877 1077 μήτ’
1899 1026 1951 1079 ἐφ’
1980 1025 2058 1066 ὅσον
2086 1025 2156 1079 χρὴ
2182 1029 2463 1078 περιποιεῖσθαι,
2483 1058 2485 1062 .

1414 1089 1526 1124 ταῦτα
1560 1085 1842 1137 προδιαλάὸωσι.
1902 1084 2011 1138 Παρὰ
2039 1084 2074 1124 δὲ
2102 1084 2166 1132 τὴν
2201 1087 2352 1138 χρῆσιν,
2387 1084 2464 1124 ἐπεὶ

1416 1151 1511 1183 πᾶσα
1543 1148 1668 1198 χρῆσις
1693 1144 1716 1192 ἢ
1753 1145 1835 1198 πρὸς
1858 1146 1968 1192 αὑτὴν
2002 1143 2075 1196 ἔχει
2104 1145 2168 1191 τὴν
2201 1143 2399 1198 ἀναφοράν,
2438 1142 2462 1191 ἢ

1415 1204 1498 1257 πρὸς
1515 1203 1649 1256 ἕτερον,
1670 1205 1704 1242 ἐν
1726 1202 1789 1253 μὲν
1807 1206 1849 1256 τῇ
1869 1203 1955 1256 πρὸς
1975 1202 2103 1249 ἑαυτήν
2115 1233 2127 1251 ,
2149 1202 2232 1242 ὅταν
2243 1202 2294 1255 μὴ
2310 1203 2466 1256 προσφί-

1417 1279 1546 1316 ρωνται
1573 1269 1643 1307 τοῖς
1662 1262 1849 1315 πράγμασι
1871 1262 2092 1314 συμμέτρως·
2115 1264 2150 1300 ἐν
2164 1261 2202 1301 δὲ
2220 1265 2264 1316 τῇ
2283 1261 2368 1317 πρὸς
2388 1262 2467 1302 ἔτι·

1417 1339 1490 1375 ρον,
1513 1321 1595 1361 ὅταν
1615 1322 1655 1361 τὸ
1675 1324 1753 1361 κατ’
1774 1322 1872 1367 ἀξίαν
1889 1323 1938 1374 μὴ
1959 1323 2160 1376 φυλάττωσι
2181 1325 2242 1361 τοῦ
2262 1322 2464 1375 πρέποντος.

1414 1383 1458 1421 Εἰ
1495 1381 1530 1420 δὲ
1562 1382 1642 1434 περὶ
1671 1382 1760 1420 αὐτὰ
1796 1381 2056 1435 ἁμαρτάνουσιν
2087 1384 2118 1421 οἵ
2151 1383 2300 1435 φαῦλοι,
2318 1381 2401 1435 περὶ
2419 1382 2466 1421 τὰ

1419 1441 1559 1480 ἐναντία
1577 1441 1716 1486 πάντως
1728 1444 1956 1494 κατορθοῦσιν
1973 1443 2004 1480 οἱ
2022 1443 2222 1490 σπουδαῖοι,
2240 1440 2464 1493 καθηγεμόνα

303 1629 458 1662 bonorum
482 1637 597 1669 genera
617 1628 681 1659 sint
706 1636 762 1668 per
790 1635 824 1659 se
851 1625 1049 1668 expetenda,
1079 1634 1153 1667 qnae
1178 1625 1263 1658 circa
1285 1626 1352 1657 ani-

303 1698 411 1729 mum,
440 1687 524 1719 circa
549 1695 667 1727 corpus
691 1694 728 1717 ac
757 1685 840 1718 eirca
872 1686 1005 1717 externa
1035 1685 1227 1725 versantur3
1261 1684 1353 1724 longe

302 1750 412 1780 tamen
445 1746 641 1788 praeferenda
677 1754 746 1777 esse
774 1745 900 1777 caeteris
934 1743 1032 1776 animi
1066 1743 1169 1782 bona,
1199 1744 1351 1784 qnoniam

302 1807 429 1840 animus
458 1806 527 1847 ipse
553 1806 644 1846 longe
669 1804 808 1837 nobilior
836 1804 877 1836 sit
905 1805 937 1836 et
963 1803 1091 1845 corpori
1117 1803 1352 1844 praeferendus.

304 1866 443 1906 Apparet
480 1864 575 1905 igitur
609 1863 751 1905 corporis
786 1862 962 1895 virtutibus
1002 1863 1036 1895 et
1074 1862 1214 1895 externis
1255 1861 1353 1893 animi

302 1924 438 1957 virtutes
465 1923 689 1965 praeoptandas
716 1930 786 1955 esse
805 1931 845 1954 ac
870 1922 1017 1954 similiter
1042 1921 1081 1953 iis
1098 1923 1272 1963 praestare;
1296 1921 1351 1953 sed

306 1983 493 2015 caeterarum
509 1983 604 2014 etiam
622 1981 779 2013 virtutum
796 1980 903 2012 studio
925 1981 1075 2012 tenentur
1094 1979 1263 2018 homines,
1286 1980 1351 2020 pri-

303 2049 393 2072 mum
412 2040 499 2081 quod
514 2048 569 2081 per
587 2048 621 2072 se
637 2038 827 2080 expetendae
842 2038 918 2079 sint,
938 2041 1009 2071 tum
1025 2039 1111 2079 quod
1130 2038 1300 2071 utilitatem
1320 2038 1352 2069 in

304 2099 370 2132 vita
390 2108 454 2131 non
482 2099 589 2131 minus
605 2098 691 2130 civili
711 2100 743 2131 et
769 2098 955 2138 communi,
978 2107 1075 2139 quam
1103 2097 1353 2139 contemplativa

305 2158 452 2190 afferant.
469 2158 605 2191 Definiri
625 2158 711 2190 enim
725 2158 824 2189 vitam
842 2157 1021 2189 actionibus
1041 2157 1191 2189 civilibus
1209 2158 1242 2189 et
1256 2165 1350 2188 com-

305 2217 456 2250 munibus
473 2218 506 2249 et
519 2217 787 2258 contemplativis,
807 2225 908 2258 quum
921 2225 986 2248 non
1001 2217 1043 2248 sit
1057 2216 1107 2248 sui
1123 2225 1238 2248 amans
1250 2215 1353 2248 virtus

306 2273 484 2308 secundum
501 2276 584 2308 hanc
601 2277 733 2316 sectam,
751 2276 805 2308 sed
821 2275 1003 2308 communis
1014 2278 1046 2308 et
1062 2274 1178 2308 civilis.
1197 2275 1254 2307 His
1272 2283 1352 2307 con-

309 2334 471 2366 venienter
504 2334 705 2366 mansionem
737 2343 865 2375 quoqne
894 2334 928 2366 in
954 2333 1021 2366 vita
1049 2333 1177 2366 definiri
1206 2342 1352 2365 commu-

305 2393 413 2432 nibus,
430 2393 589 2433 eivilibus,
604 2392 744 2434 deniqne
760 2393 1018 2434 contemplativis
1033 2393 1227 2432 actionibus,
1242 2395 1279 2424 et
1297 2401 1352 2424 ex·

305 2461 431 2484 cessum
455 2461 473 2484 e
491 2452 556 2484 vita
581 2452 763 2484 contrariis.
835 2454 943 2490 Quum
970 2452 1055 2485 enim
1073 2453 1226 2485 virtutem
1254 2460 1352 2483 unam

306 2511 449 2542 omnium
459 2511 599 2542 maxime
613 2510 672 2542 sibi
682 2511 884 2543 conciliatam
896 2519 966 2544 esse
974 2511 1131 2551 diximus,
1145 2511 1352 2552 perspicuum

306 2570 367 2606 est,
384 2568 565 2600 necessario
584 2577 654 2600 eam
666 2572 780 2601 natura
797 2570 835 2601 ad
858 2570 1002 2603 veritatis
1021 2571 1240 2610 cognitionem
1255 2569 1350 2608 serri3

308 2627 352 2657 ita
367 2629 401 2657 ut
418 2628 487 2658 tum
502 2627 699 2667 sapientibus
720 2629 894 2669 probabilis
907 2638 926 2661 e
947 2630 1012 2661 vita
1023 2638 1176 2661 excessus
1190 2629 1349 2668 videatur,

306 2687 374 2718 tum
404 2687 509 2727 pravis
536 2687 724 2720 hominibus
744 2689 918 2730 probabilis
936 2690 970 2722 in
985 2690 1051 2722 vita
1070 2691 1219 2733 mansio;
1249 2690 1347 2722 nimi-

308 2754 377 2775 rum
398 2745 453 2785 qui
478 2747 706 2778 communibus
735 2748 915 2780 actionibus
946 2757 1081 2790 vacare,
1108 2750 1140 2782 in
1165 2751 1353 2793 reipublicae

308 2803 578 2835 administratione
598 2805 717 2836 versari
733 2807 765 2838 et
787 2815 894 2839 rerum
913 2809 1182 2849 contemplatione
1197 2811 1256 2843 frui
1276 2822 1351 2854 pos-

308 2862 401 2900 sunt,
417 2861 486 2893 sive
506 2861 580 2893 boni
599 2863 658 2894 viri
678 2864 742 2896 sint
764 2873 832 2896 srve
849 2865 937 2905 mali,
951 2866 1001 2898 his
1023 2868 1221 2907 probabilem
1239 2879 1307 2903 esse
1321 2872 1352 2903 in

311 2919 374 2951 vita
395 2920 613 2961 mansionem
646 2922 702 2961 qui
732 2931 795 2954 non
818 2924 961 2965 possint,
986 2925 1047 2957 illis
1066 2928 1265 2967 probabilem
1283 2939 1354 2963 esse

308 2988 325 3011 e
348 2980 414 3011 vita
430 2980 622 3013 discessum.
647 2983 753 3018 Quum
773 2985 879 3015 autem
891 2993 1006 3025 magna
1025 2986 1066 3018 sit
1087 2988 1218 3021 virtutis
1244 2991 1280 3022 ut
1300 3000 1352 3023 re-

310 3047 380 3069 rum
398 3038 573 3070 effectricis
597 3042 630 3071 et
645 3049 702 3080 per
724 3050 758 3073 se
777 3043 968 3082 expetendae
992 3045 1198 3087 excellentia,
1224 3058 1288 3089 qua
1310 3050 1353 3081 si-

309 3101 376 3130 mul
394 3099 537 3140 corporis
555 3099 649 3132 bonis
671 3101 765 3133 simul
783 3103 923 3135 externis
938 3105 1085 3144 superior
1111 3109 1172 3146 est,
1203 3111 1354 3142 convenit

312 3156 406 3189 finem
434 3158 458 3190 i.
481 3167 510 3190 e.
531 3158 714 3191 felicitatem
742 3168 807 3191 non
824 3160 948 3201 impleri
975 3163 1114 3203 corporis
1133 3164 1225 3197 bonis
1250 3171 1282 3198 et
1297 3176 1352 3199 ex-

310 3216 410 3247 ternis
425 3241 434 3255 ‚
451 3225 559 3257 neque
578 3226 690 3249 eorum
724 3218 928 3259 adeptionem
949 3229 1018 3252 esse
1039 3221 1146 3262 finem,
1169 3224 1223 3255 sed
1248 3227 1354 3265 potius

309 3271 409 3303 vitam
428 3273 561 3305 honeste
576 3275 680 3306 actam
696 3274 727 3306 in
741 3277 884 3317 corporis
904 3279 1177 3321 externorumque
1194 3281 1353 3317 bonorum

311 3330 360 3361 vel
378 3331 522 3363 omnium
540 3331 591 3364 vel
611 3333 838 3374 plerorumque
850 3335 882 3366 et
899 3336 1133 3377 praecipuorum
1147 3339 1352 3374 abundantia.

312 3390 420 3425 Quare
438 3390 621 3424 felicitatem
644 3401 713 3425 esse
735 3393 933 3427 functionem
955 3396 1139 3436 honestam,
1161 3408 1233 3439 quac
1266 3400 1298 3432 in
1316 3410 1350 3433 a-

312 3447 470 3480 ctionibus
489 3459 527 3482 ex
545 3453 699 3484 sententia
715 3453 959 3487 succedentibus
974 3460 1140 3497 versatur;
1159 3460 1192 3491 at
1207 3462 1353 3501 corporis

313 3504 394 3537 bona
412 3509 444 3539 et
461 3510 593 3542 externa
618 3511 822 3544 beatitudinis
833 3513 1002 3547 efficientia
1015 3515 1077 3548 dici
1091 3540 1100 3557 ,
1113 3518 1198 3558 quod
1219 3519 1258 3550 ad
1279 3529 1351 3552 eam

1414 1626 1535 1669 aliquid
1550 1627 1735 1666 conferant,
1761 1627 1788 1659 si
1807 1627 1932 1668 adsint3
1951 1627 2006 1668 qui
2028 1627 2136 1660 autem
2157 1626 2292 1660 credunt
2308 1627 2373 1659 illis
2389 1635 2464 1660 con·

1418 1687 1574 1718 summati
1602 1685 1786 1719 felicitatem
1798 1712 1806 1727 ,
1825 1695 1881 1718 eos
1910 1686 2033 1718 nescire
2046 1711 2056 1725 ,
2073 1685 2260 1718 felicitatem
2279 1685 2374 1718 sitam
2393 1694 2466 1719 esse

1414 1745 1446 1777 in
1463 1745 1529 1777 vita
1542 1744 1685 1785 degenda
1696 1770 1708 1785 ,
1723 1745 1820 1777 vitam
1839 1754 1917 1778 vero
1933 1746 2080 1777 constare
2096 1744 2285 1777 actionibus.
2305 1745 2465 1778 Caeterum

1415 1804 1560 1845 corporis
1578 1804 1738 1836 bonorum
1755 1805 1787 1837 et
1800 1805 2010 1836 externorum
2023 1803 2103 1835 nihil
2116 1812 2220 1845 neque
2233 1803 2392 1836 actionem
2409 1812 2466 1846 per

1413 1872 1448 1895 se
1469 1872 1557 1905 esse,
1575 1872 1682 1905 neque
1702 1854 1835 1895 omnino
1853 1863 2063 1896 functionem.
2107 1866 2188 1902 Quae
2205 1871 2306 1904 quum
2324 1861 2371 1896 ita
2389 1863 2465 1904 sint,

1415 1921 1622 1954 beneficentia
1643 1921 1784 1962 prodibit
1806 1922 1839 1953 et
1859 1922 1961 1962 gratia
1981 1922 2014 1954 et
2036 1929 2162 1953 memor
2179 1921 2213 1953 in
2235 1921 2318 1954 bene
2333 1921 2466 1954 meritos

1414 1981 1541 2012 animus
1560 1981 1593 2013 et
1612 1980 1816 2020 humanitas,
1835 1985 1931 2021 porro
1949 1980 2125 2012 liberorum
2149 1983 2184 2012 et
2206 1980 2340 2012 fratrum
2360 1989 2482 2022 amor„

1413 2048 1473 2071 nec
1491 2048 1555 2071 non
1571 2040 1701 2080 patriae,
1725 2041 1896 2081 parentum
1913 2064 1923 2080 ‚
1946 2039 2076 2072 familiae
2095 2040 2229 2082 caritas,
2250 2041 2416 2081 praeterea,
2431 2042 2467 2074 ut

1414 2098 1519 2139 decet,
1541 2098 1688 2139 comitas,
1707 2098 1944 2139 benevolentia,
1966 2098 2126 2139 amicitia,
2147 2098 2306 2139 aequitas,
2323 2098 2465 2140 justitia,

1414 2159 1575 2198 postremo
1593 2158 1764 2190 universus
1791 2157 1846 2190 ille
1874 2157 2003 2189 divinus
2026 2157 2185 2189 virtutum
2214 2157 2344 2198 chorus,
2367 2165 2464 2198 quem

1414 2217 1468 2257 qui
1486 2216 1649 2257 negligunt
1665 2217 1724 2249 hos
1747 2225 1813 2249 non
1842 2216 1944 2256 magis
1965 2216 1999 2248 in
2027 2215 2219 2256 expetendis
2238 2215 2336 2248 bonis
2359 2219 2392 2249 et
2419 2216 2466 2249 fu·

1413 2275 1536 2315 giendis
1558 2275 1650 2307 malis
1669 2284 1767 2317 quam
1783 2275 1818 2307 in
1833 2275 2075 2316 comparatione
2093 2276 2126 2308 et
2139 2284 2198 2307 usu
2215 2274 2376 2308 bonorum
2395 2284 2464 2316 pee-

1414 2343 1486 2367 care
1505 2338 1652 2376 apertum
1669 2336 1728 2375 est,
1748 2334 1909 2376 siquidem
1928 2336 2056 2367 constat
2076 2343 2134 2367 eos
2154 2336 2227 2368 tum
2256 2335 2290 2368 in
2308 2335 2466 2369 electione

1419 2395 1578 2427 bonorum
1606 2394 1739 2435 judicio,
1761 2396 1831 2427 tum
1850 2394 1882 2427 in
1901 2395 2142 2435 comparatione
2157 2402 2271 2427 eorum
2288 2395 2413 2428 ratione
2433 2396 2466 2428 et

1414 2453 1532 2493 modo,
1552 2454 1585 2486 in
1606 2462 1666 2485 usu
1687 2453 1828 2494 denique
1845 2453 2024 2493 ignorantia
2038 2452 2115 2485 labi.
2129 2455 2236 2495 Atque
2253 2453 2287 2486 in
2310 2453 2466 2488 electione

1414 2513 1546 2554 quidem
1564 2513 1755 2554 delinquere
1773 2521 1829 2545 eos
1845 2513 2053 2554 perspicuum
2078 2514 2147 2553 est,
2175 2521 2277 2553 quum
2296 2512 2348 2546 vel
2377 2513 2463 2555 qnod

1413 2574 1663 2616 haudquaquam
1677 2574 1800 2606 bonum
1819 2575 1868 2606 est
1886 2573 2021 2615 eligunt,
2040 2573 2089 2606 vel
2107 2573 2196 2614 quod
2209 2573 2351 2606 deterius
2368 2573 2462 2606 habe·-

1412 2634 1466 2666 tur
1484 2633 1579 2674 paulo
1594 2633 1814 2666 vehementius
1830 2633 2006 2674 expetunt.
2033 2633 2106 2664 Hoc
2122 2633 2206 2664 enim
2227 2632 2390 2674 plerisque
2405 2641 2463 2666 ac-

1414 2692 1520 2725 cidere
1537 2692 1592 2734 qui
1607 2691 1787 2733 jucundum
1805 2691 1875 2724 utiii
1892 2692 1951 2724 aut
1971 2690 2050 2724 utile
2067 2691 2201 2724 honesto
2219 2691 2398 2732 praeferunt
2413 2693 2463 2725 at·

1413 2761 1478 2793 que
1497 2752 1530 2784 in
1556 2751 1738 2793 appetendo
1763 2751 1896 2783 modum
1914 2750 2087 2783 excedunt.
2140 2752 2179 2782 In
2197 2750 2348 2791 parandis
2369 2750 2463 2784 bonis

1413 2812 1541 2849 autem,
1557 2819 1660 2853 quum
1691 2819 1752 2842 nec
1777 2810 1880 2850 unde,
1907 2818 1966 2842 nec
1996 2819 2062 2850 quo
2082 2811 2197 2850 pacto,
2227 2817 2289 2842 nec
2305 2810 2463 2851 quatenus

1414 2871 1553 2912 paranda
1567 2871 1642 2911 sint,
1656 2871 1750 2903 antea
1767 2869 1952 2910 dijudicant.
1971 2871 2009 2901 In
2026 2878 2086 2902 usu
2106 2869 2254 2910 denique,
2268 2878 2370 2910 quum
2385 2869 2462 2911 quia

1412 2930 1520 2962 omnis
1543 2939 1622 2962 usus
1650 2929 1700 2961 vel
1721 2929 1881 2971 adipsum
1899 2929 2036 2961 refertur
2052 2928 2104 2961 vel
2123 2928 2163 2960 ad
2179 2928 2292 2970 alium,
2313 2927 2347 2960 in
2366 2930 2462 2970 priori

1412 2998 1527 3030 genere
1542 2990 1633 3022 extra
1650 2988 1782 3021 modum
1802 2987 1901 3020 rebus
1916 2987 2061 3027 student,
2081 2988 2114 3020 in
2135 2988 2318 3029 posteriori,
2336 2997 2395 3030 pro
2412 2997 2463 3021 re-

1416 3058 1487 3080 rum
1509 3048 1664 3089 dignitate
1681 3048 1839 3081 decorum
1861 3055 1927 3079 non
1949 3048 2092 3080 servant.
2129 3049 2204 3079 Jam
2226 3047 2343 3080 verosi
2364 3047 2398 3080 in
2412 3047 2461 3080 bis

1414 3109 1552 3151 improbi
1572 3112 1719 3151 peccant,
1749 3109 1784 3141 in
1799 3108 1897 3141 rebus
1914 3108 2082 3140 contrariis
2102 3109 2236 3140 omnino
2248 3112 2335 3141 recte
2350 3117 2386 3141 se
2403 3117 2456 3150 ge·

1413 3171 1490 3201 runt
1504 3169 1653 3202 homines
1664 3168 1768 3210 probi,
1782 3168 1838 3210 qui
1850 3167 2016 3200 actionum
2030 3175 2163 3199 suarum
2179 3167 2294 3200 ducem
2307 3167 2462 3202 virtutem

1414 3229 1604 3269 sequuntur.
1628 3231 1776 3269 Namque
1793 3228 1937 3265 omnium
1958 3227 2117 3258 virtutum
2138 3234 2312 3258 commune
2331 3225 2461 3259 videtur

1414 3295 1483 3318 esse
1502 3274 1677 3327 Judicium‚
1700 3286 1882 3319 communis
1900 3286 1997 3318 etiam
2015 3286 2129 3318 electio
2147 3287 2181 3318 et
2197 3285 2292 3318 actio.
2333 3284 2462 3327 Quippe

1415 3355 1521 3387 neque
1539 3347 1710 3388 judicium,
1723 3354 1831 3388 neque
1850 3345 2032 3385 consilium,
2048 3353 2152 3385 neque
2168 3344 2327 3376 actionem
2339 3343 2376 3376 in
2390 3345 2461 3377 vir-

1416 3407 1485 3438 tute
1513 3406 1706 3448 desiderari;
1731 3407 1943 3439 veruntamen
1960 3404 2161 3446 prudentiam
2173 3428 2182 3444 ,
2200 3412 2300 3444 quum
2316 3402 2460 3444 primum

1414 3465 1507 3504 quasi
1526 3466 1633 3497 locum
1653 3466 1815 3505 obtineat,
1837 3465 1952 3497 ducem
1980 3473 2051 3497 esse
2074 3464 2105 3495 et
2123 3471 2240 3495 eorum
2256 3471 2330 3504 quaa
2348 3472 2405 3505 per
2423 3471 2460 3496 se

1417 3525 1446 3554 el
1463 3532 1536 3563 quae
1552 3525 1682 3565 propter
1703 3526 1837 3557 caeteras
1851 3525 1903 3557 vel
1916 3523 2060 3564 eligenda
2078 3523 2144 3555 sint
2160 3522 2212 3555 vel
2230 3521 2392 3563 fugienda,
2405 3521 2456 3554 vet
