2638 3840
329 258 379 291 54
1173 237 1642 280 PYTHAGOREORUM

327 342 393 380 hic
416 341 470 379 ita
489 341 536 379 de
566 340 804 392 Xenophane
825 340 968 389 agitur,
998 347 1041 376 ut
1062 338 1292 377 disseruisse
1323 339 1371 377 de
1399 355 1407 396 Ι

326 400 398 439 illo
419 400 536 438 alium
561 399 762 451 sapientiae
783 399 1042 450 professorem
1062 397 1271 448 probabile
1289 406 1346 436 est
1360 427 1370 445 ,

328 460 457 498 locum
471 459 578 500 hunc
606 472 691 497 cum
714 456 967 508 sequentibus
985 456 1224 507 junxit,quae
1245 470 1286 495 re
1307 470 1372 495 ar-

326 527 588 569 gumentoque
609 531 695 555 cum
717 515 1027 568 praecedentibus
1045 515 1241 553 cohaerent
1260 524 1373 567 atque

325 578 367 615 in
398 578 562 615 vetustis
594 575 881 627 exemplaribus
926 574 1096 624 Didymo
1133 573 1371 613 tribuuntur.

324 636 438 682 Quod
463 644 588 674 autem
619 635 756 673 attinet
776 634 835 671 -ad
864 633 1118 685 Xenophanis
1145 634 1192 671 de
1211 635 1374 672 veritate

325 696 608 734 dubitationem
624 725 634 742 ,
655 703 790 732 auctor
809 702 866 732 est
881 693 1019 731 Sotion
1039 693 1143 745 apud
1158 693 1372 744 Diogenem

324 755 520 794 Laertium
543 755 615 793 lib.
644 753 712 801 IX,
741 768 752 790 1
766 768 799 802 1,
830 766 988 800 20‚eum
1008 753 1180 805 primum
1201 753 1370 801 dixisse,

324 828 385 853 res
405 827 539 853 omnes
559 813 828 862 intelligentiae
848 820 989 850 nostrae
1012 813 1093 851 vim
1112 822 1150 851 et
1171 814 1371 852 notionem

324 876 454 924 fugere
470 875 484 924 (
479 889 578 935 φησι
594 872 629 910 δὲ
647 871 812 919 Σωτίων,
829 886 967 924 πρωτον
986 872 1088 911 αὐτὸν
1109 874 1218 911 εἰπεῖν
1239 873 1373 911 ἀκατά-

322 934 440 980 ληπτα
467 936 555 970 εἶναι
586 931 630 969 τὰ
667 930 828 982 πάντα).
862 930 1053 970 Caeterum
1081 932 1371 970 hemistichium

323 992 466 1030 istud
448 990 546 1034 οόκος
563 991 592 1028 δ’
615 990 673 1029 ἐπὶ
693 997 781 1028 πᾶσι
804 989 967 1028 τέτυκται
986 1000 1110 1030 exstat
1129 992 1231 1030 inter
1244 991 1374 1029 Xeno-

321 1052 462 1103 phanis
499 1051 718 1089 carminum
747 1059 784 1089 et
819 1050 1015 1089 dictorum
1050 1051 1252 1103 reliquias.
1282 1052 1370 1091 Vid.

320 1111 473 1150 Philus.
496 1110 622 1149 Graec.
654 1109 810 1159 Fragm.
841 1110 923 1149 vol.
947 1110 965 1148 I
993 1124 1081 1162 pag.
1117 1112 1210 1156 103,
1234 1111 1281 1151 fr.
1309 1117 1370 1156 14.

321 1169 514 1206 Convenit
537 1168 774 1220 Colophonii
806 1168 1035 1220 philosophi
1068 1170 1256 1207 sententia
1285 1184 1372 1208 cum

320 1228 372 1266 iis
388 1241 474 1278 quae
491 1227 602 1266 Plato
619 1228 662 1265 in
678 1227 844 1265 Phaedro
858 1241 896 1279 p.
918 1229 994 1276 278
1031 1229 1065 1279 D
1100 1228 1295 1266 Socratem
1311 1229 1372 1267 di-

322 1295 471 1325 centem
493 1287 584 1325 facit
606 1301 614 1324 :
632 1286 672 1325 τὸ
692 1288 755 1338 μὲν
771 1285 878 1340 ’σοφὸν
899 1288 1021 1325 καλεῖν
1039 1286 1157 1338 ἔμοιγε
1176 1286 1266 1338 μέγα
1285 1281 1373 1326 εἶναι

322 1347 418 1385 δοκεῖ
446 1346 507 1385 καὶ
532 1349 599 1399 θεῷ
631 1345 726 1399 μόνῳ
759 1346 927 1398 πρέπειν·
962 1346 1001 1384 τὸ
1033 1345 1069 1385 δὲ
1095 1346 1118 1393 ἢ
1141 1346 1327 1400 φιλόσοφον
1348 1347 1370 1394 ἢ

319 1403 474 1442 τοιοῦτόν
498 1419 532 1442 τι
555 1405 689 1454 μᾶλλόν
713 1420 752 1455 γε
775 1403 817 1442 ἂν
838 1405 934 1456 αὐτῷ
952 1403 1012 1442 καὶ
1041 1404 1209 1457 ἇρμόττοι
1230 1405 1291 1443 καὶ
1309 1406 1371 1457 ἔμ-

322 1463 539 1517 μελεστέρως
561 1463 649 1514 ἔχοι.
670 1462 776 1500 Idem
794 1462 1049 1501 inPhaedone
1068 1477 1108 1515 p.
1130 1465 1179 1501 66
1202 1464 1263 1504 ed.
1284 1464 1370 1502 Ste-

319 1522 439 1574 phan.
460 1522 750 1573 philosophiam
779 1520 843 1567 τὴν
869 1524 931 1559 τοῦ
955 1520 1051 1564 ὄντος
1070 1520 1179 1574 θήραν
1200 1523 1370 1562 vocavit.

322 1581 406 1619 Hoc
426 1581 557 1632 ipsum
582 1580 743 1618 effatum
764 1588 973 1618 tenuerunt
991 1580 1184 1618 Platonici
1207 1594 1251 1618 ac
1271 1581 1373 1619 mul—

322 1639 480 1678 timodis
515 1648 717 1678 ornarunt.
777 1638 841 1676 Sic
875 1639 1064 1677 Alcinous
1102 1653 1187 1690 cap.
1225 1654 1240 1676 1
1271 1654 1278 1676 :
1302 1643 1370 1677 τῶν

322 1698 548 1751 κυριωτάτων
571 1699 764 1741 Πλάτωνος
778 1697 963 1749 δογμάτων
985 1697 1131 1745 τοιαύτη
1146 1714 1196 1743 τις
1211 1699 1252 1736 ἂν
1274 1699 1371 1738 διδα-

323 1757 452 1797 σκαλία
478 1757 623 1810 γένοιτο.
681 1756 881 1810 Φιλοσοφία
912 1755 1006 1795 ἐστὶν
1035 1755 1144 1809 ὄρεξις
1172 1756 1317 1810 σοφίας,
1348 1756 1370 1804 ἢ

322 1817 421 1862 λύσις
449 1818 510 1856 καὶ
543 1815 748 1869 περιαγωγὴ
777 1818 893 1869 ψυχῆς
925 1814 994 1853 ἀπὸ
1027 1815 1215 1866 σώματος,
1241 1815 1298 1854 ἐπὶ
1329 1816 1373 1854 τὰ

321 1876 430 1924 νοητὰ
454 1878 556 1928 ἡμῶν
581 1874 804 1928 τρεπομένων
849 1874 909 1913 καὶ
928 1873 971 1912 τὰ
991 1874 1068 1912 κατ’
1089 1874 1254 1921 ἀλήθειαν
1273 1873 1369 1913 ὄντα.

322 1937 436 1983 Quod
455 1937 651 1987 reliquum
671 1943 743 1981 est,
765 1935 892 1972 locum
913 1935 1013 1972 male
1032 1934 1247 1972 alibi-ariis
1262 1934 1374 1973 habi-

322 2006 403 2035 tum
417 1996 626 2047 aliquoties
641 1994 861 2033 emendavi.
919 1993 1067 2045 Scripsi
1082 1994 1204 2043 igitur
1219 2007 1229 2032 :
1248 1999 1263 2017 ³
1277 1993 1373 2047 πρώ-

321 2072 381 2094 του
403 2069 491 2094 cum
513 2054 729 2101 Heerenio3
751 2055 887 2106 πρῶτος
916 2053 1118 2092 Canterus.
1135 2051 1152 2075 ¹³
1178 2068 1371 2105 συγχορευ-

322 2118 449 2168 τριῶν;
483 2114 594 2153 codd.
622 2114 878 2165 συγχορευτῶν.
937 2112 1012 2149 Sed
1051 2113 1086 2149 αἱ
1117 2114 1179 2158 τῆς
1211 2111 1373 2160 ἀληθείας

323 2174 591 2228 συγχορεύτριαι
610 2172 806 2212 nominari
825 2172 1010 2210 videntur
1027 2172 1189 2209 virtutes
1206 2202 1216 2218 ,
1234 2172 1275 2208 id
1291 2181 1348 2209 est
1360 2202 1369 2218 ‚

321 2235 502 2275 veritatis
530 2234 644 2272 sociae
663 2241 701 2270 et
721 2232 892 2270 comites.
911 2234 926 2253 ⁰
947 2229 1073 2278 αὖτὰς;
1094 2231 1208 2270 codd.
1232 2229 1370 2274 αὐτοὺς.

322 2294 384 2333 dei
404 2295 439 2332 δὲ
460 2294 589 2340 ναύτην
614 2292 636 2339 ἢ
658 2289 876 2344 στρατιώτην
894 2293 1051 2342 θεωρεῑς;
1071 2290 1165 2327 libri
1199 2283 1285 2327 εἶδεν
1305 2291 1370 2327 αὗ-

321 2371 407 2402 την,
429 2356 459 2392 εἷ
481 2353 518 2391 δὲ
550 2351 783 2405 στρατιώτην.
805 2354 820 2372 ⁰

323 2415 437 2452 ἑαυτω
451 2410 663 2458 πεποιησθαί
681 2426 734 2448 σοι
746 2408 1118 2460 δοκεῖ·,1ἰῙ)ι“Ῑπότερον
1134 2412 1192 2447 οὖν
1209 2411 1226 2446 ὃ
1246 2408 1372 2461 ἄνθρω-

322 2489 384 2516 πος
405 2472 506 2516 αὐτος
527 2473 582 2524 υφ’
599 2472 722 2509 ἑαυτου
743 2468 956 2515 πεποιησθαί
975 2483 1028 2506 σοι
1049 2468 1179 2518 δοκεῖ.)

846 2349 990 2402 πότερον
1017 2352 1035 2387 ὃ
1062 2349 1240 2402 ἅνθρωπος
1269 2349 1372 2393 αὐτὸς

578 2600 626 2630 De
648 2597 759 2629 morali
785 2595 994 2638 philosophiae
1018 2596 1119 2636 parte.

366 2678 397 2707 3.
421 2674 534 2706 Ethica
561 2674 610 2706 est
632 2673 767 2705 facultas
783 2672 917 2712 animae,
945 2679 1010 2712 qua
1026 2670 1108 2702 bene
1125 2669 1254 2702 exculta
1270 2669 1374 2701 virtus

322 2735 457 2767 actuosa
493 2735 694 2774 procreatur,
727 2731 779 2763 vel
808 2731 888 2762 ratio
915 2729 1095 2762 secundum
1123 2737 1222 2770 quam
1248 2737 1375 2760 morum

324 2795 447 2827 virtute
470 2794 606 2825 uti-mur.
652 2792 753 2824 Ethos
774 2793 884 2823 autem
909 2792 957 2823 est
978 2790 1119 2831 qualitas
1143 2789 1242 2830 partis
1260 2790 1377 2821 animae

326 2854 450 2886 ratione
472 2852 612 2884 carentis
629 2851 683 2883 sed
703 2859 777 2892 quae
796 2850 910 2882 rationi
927 2858 1036 2890 parere
1053 2849 1144 2880 solet.

369 2914 494 2946 Aliter.
516 2914 592 2943 Pars
611 2910 726 2942 animae
746 2910 870 2941 ratione
890 2917 1002 2940 carens
1015 2933 1024 2948 ,
1046 2908 1174 2940 assueta
1191 2906 1305 2939 rationi
1325 2915 1379 2947 pa-

326 2984 397 3007 rere
415 2983 423 3002 :
448 2974 504 3004 aut
520 2972 676 3010 affectus,
695 2971 764 3002 sive
784 2970 956 3001 affectibus
980 2969 1118 3000 obnoxia
1142 2977 1215 3009 pars
1236 2968 1375 3007 animae,

329 3033 460 3066 rationis
477 3030 624 3073 participi
647 3038 758 3071 parere
776 3030 914 3065 assuetae

368 3093 492 3124 Aliter.
513 3089 656 3123 Affectus
673 3088 723 3120 vet
741 3096 813 3128 pars
832 3087 947 3118 animae
971 3086 1012 3117 ad
1035 3085 1252 3126 appetendum
1269 3094 1377 3125 prom-

328 3150 525 3194 pta,assueta
548 3149 671 3180 ratione
695 3147 841 3189 praeditae
865 3145 1006 3177 obedire.
1052 3145 1174 3177 Licebit
1189 3144 1234 3176 ita
1251 3153 1379 3189 quoque

332 3210 465 3242 definire
487 3219 494 3240 :
517 3207 708 3249 principium
729 3214 826 3246 agens
846 3205 963 3236 animae
986 3213 994 3235 :
1015 3205 1072 3235 aut
1095 3204 1203 3235 motus
1222 3203 1319 3234 animi
1340 3203 1379 3233 ad

333 3270 549 3312 appetendum
571 3276 762 3310 propensus,
788 3267 844 3297 aut
857 3266 996 3306 qualitas
1014 3264 1111 3305 partis
1128 3264 1245 3295 animae
1260 3264 1380 3295 ratione

335 3329 524 3360 destitutae:
550 3328 605 3358 aut
631 3326 747 3357 animae
776 3324 875 3365 partis
906 3323 1029 3355 ratione
1055 3322 1192 3353 carentis
1211 3321 1348 3362 qualitas
1365 3330 1381 3352 e

334 3388 519 3428 praescripto
539 3385 668 3417 rationis
684 3383 797 3415 rationi
819 3381 949 3414 obedire
965 3381 1072 3413 docta.
1123 3382 1228 3420 Atque
1248 3380 1291 3411 ita
1309 3379 1380 3419 qni-

301 3459 305 3462 ·
336 3447 410 3478 dem
428 3444 584 3477 Ptat'onici
611 3443 770 3475 definiunt
789 3451 795 3470 :
819 3441 917 3473 Stoici
931 3442 1038 3472 autem
1059 3439 1113 3480 qui
1132 3439 1162 3470 in
1179 3438 1313 3470 Zenonis
1330 3447 1382 3468 ca-

338 3507 401 3536 stra
422 3504 636 3542 transierunt,
652 3511 707 3543 per
727 3500 968 3533 translationem
992 3511 999 3530 :
1020 3498 1112 3530 ethos
1128 3499 1178 3529 est
1201 3497 1274 3528 vitae
1296 3496 1364 3527 sons

1593 355 1684 410 Περὶ
1700 359 1759 396 τοῦ
1770 358 1891 402 ἠθικοῦ
1902 355 2011 401 εἴδους
2024 359 2086 404 τῆς
2099 356 2315 411 φιλοσοφίας.

1549 458 1680 505 Ἠθική
1704 459 1778 497 ἐστι
1799 457 1945 509 δύναμις
1976 459 2107 510 ψυχῆς,
2127 457 2168 496 δι’
2197 462 2238 505 ἧς
2267 459 2479 506 ἃσκηθείσης

1434 519 1551 562 καλῶς
1578 521 1600 565 ἡ
1634 519 1812 571 πρακτικὴ
1843 516 2146 562 κατασκευάζεται
2171 517 2299 570 ἀρετή,
2325 517 2348 564 ἢ
2380 516 2479 569 λόγος

1432 579 1510 616 καθ’
1529 577 1565 616 ὃν
1586 576 1790 629 χρησόμεθα
1810 577 1949 628 ἠθικῇ’
1930 579 2053 628 αρετῇ.
2110 569 2219 621 Ηθος
2238 575 2275 615 δέ
2289 578 2363 615 ἔστι
2380 575 2477 616 ποιόε

1432 653 1494 685 της
1514 639 1573 675 τοῦ
1604 635 1731 687 ἀλόγου
1753 634 1879 688 μέρους
1901 637 1964 682 τῆς
1989 636 2142 688 ψυχῆς*
2130 637 2368 679 υποτακτικῶς
2387 634 2480 688 ἔχειν

1435 694 1631 746 ἐθιζομένου
1648 696 1698 748 τῷ
1717 693 1826 747 λόγῳ.

1486 754 1588 794 Ἄλλ
1599 770 1651 798 ως
1663 769 1673 778 ·
1713 754 1839 806 ἄλογον
1859 754 1961 807 μέρος
1975 756 2034 801 τῆς
2049 755 2164 807 ψυχῆς
2181 752 2373 806 εἰθισμένον
2390 756 2482 793 ὓπα-

1434 814 1547 853 κούειν
1564 817 1613 868 τῷ
1637 813 1746 867 λόγῳ·
1769 813 1792 861 ἢ
1813 814 1940 864 πάθος,
1957 814 1980 861 ἢ
2002 814 2194 860 παθητικὸν
2213 813 2318 867 μέρος
2333 816 2396 862 τῆς
2409 816 2480 868 ψυ-

1434 876 1520 926 χῆς,
1544 872 1734 924 εἰθισμένον
1755 872 1944 912 ὑπακούειν
1964 875 2015 927 τῷ
2042 874 2184 925 λογικῷ.

1487 931 1626 972 Ἄλλω
1638 948 1670 976 ς·
1691 932 1799 977 πάθος
1818 932 1840 979 ἢ
1856 933 1895 972 τὸ
1912 932 2092 985 ὀρεκτικὸν
2112 931 2215 985 μέρος
2230 939 2242 955 ¹
2264 935 2327 981 τῆς
2343 934 2482 987 ψυχῆς,

1435 991 1629 1042 εἰθισμένον
1657 990 1845 1031 ὑπακούειν
1870 995 1931 1031 τοῦ
1958 992 2115 1043 λογικοῦ.
2174 990 2333 1045 Πάρεστι
2357 991 2393 1031 δὲ
2412 995 2483 1032 κά-

1434 1050 1555 1094 κείνως
1572 1050 1745 1102 ὁρίζεσθαι
1755 1065 1763 1074 ·
1780 1050 1872 1104 ἀρχὴ
1887 1052 2004 1103 ψυχῆς
2016 1051 2216 1103 πρακτική·
2235 1049 2259 1099 ἢ
2273 1050 2408 1099 κίνησις
2422 1053 2484 1098 τ’ἦς

1434 1112 1550 1162 ψυχῆς
1570 1111 1647 1148 καθ’
1671 1108 1801 1162 ὁρμήν·
1821 1109 1844 1157 ἢ
1865 1109 2008 1156 ποιότης
2027 1109 2154 1162 ἀλόγου
2172 1108 2295 1185 μορίου
2313 1108 2482 1163 ψυχῆς·ἢ

1434 1170 1548 1220 ψυχῆς
1568 1184 1628 1206 του
1661 1167 1790 1219 ἀλόγου
1813 1167 1937 1220 μέρους
1963 1168 2129 1216 ποιότης,
2151 1171 2232 1207 κατ’
2258 1168 2483 1208 ἐπιτακτικὸν

1433 1226 1537 1278 λόγον
1561 1227 1737 1301 δυναμένη
1754 1243 1805 1265 τω
1825 1228 1865 1265 λο
1867 1229 1956 1279 γικῶ
1977 1229 2238 1267 ἐπακολουθεῖν.
2297 1226 2404 1267 Οὕτω
2420 1226 2482 1279 μὲν

1435 1290 1493 1324 οὖν
1515 1302 1544 1324 οι
1572 1284 1664 1324 κατὰ
1687 1285 1863 1324 Πλάτωνα
1887 1288 2152 1340 φιλοσοφοῦντες
2180 1283 2368 1339 ὃρίζοντοῖι·
2389 1288 2422 1326 οἱ
2447 1286 2481 1326 δὲ

1434 1344 1525 1384 κατὰ
1551 1344 1700 1392 Ζήνωνα
1734 1351 1748 1367 ²
1772 1344 1829 1383 τὸν
1863 1346 2020 1385 Στωϊκόν
2034 1374 2046 1391 ,
2080 1348 2274 1398 τροπικῶς·
2294 1340 2375 1394 ηθός
2408 1347 2480 1385 ἔστι

1433 1403 1530 1455 πηγὴ
1563 1403 1661 1456 βίου,
1691 1403 1747 1457 ἀφ’
1766 1408 1808 1451 ἡς
1841 1406 1877 1442 αἱ
1918 1403 2009 1443 κατὰ
2031 1403 2133 1457 μέρος
2168 1404 2309 1458 πράξεις
2349 1405 2479 1459 ῥέουσι.

1435 1463 1593 1507 Πάθος
1574 1466 1603 1501 ο’
1625 1462 1740 1511 εστίν,
1761 1466 1806 1507 ὡς
1824 1463 1886 1514 μὲν
1908 1462 2187 1527 Ἀριστοτέλης3
2191 1496 2200 1511 ,
2226 1464 2348 1517 ἄλογος
2366 1466 2482 1518 ψυχῆς

1434 1521 1568 1569 κίνησις
1593 1523 1844 1570 πλεοναστική
1899 1523 1952 1562 'lb
1983 1521 2046 1574 μὲν
2073 1517 2132 1562 οὖν
2155 1522 2279 1575 ἄλογον
2307 1522 2401 1562 κατὰ
2421 1527 2484 1562 τοῦ

1435 1581 1484 1631 μὴ
1506 1583 1644 1634 ἔχοντος
1663 1582 1721 1621 τὸν
1743 1582 1887 1634 ἀρχικὸν
1903 1582 2004 1633 λόγον
2023 1582 2165 1630 τάττει,
2186 1582 2243 1621 τὸν
2263 1581 2331 1635 γὰρ
2349 1584 2483 1621 ὑποτα-

1435 1641 1553 1680 κτικὸν
1580 1641 1652 1693 ἔχει
1666 1671 1673 1684 ,
1698 1642 1777 1679 καθ’
1798 1640 1835 1679 ὃν
1858 1640 2045 1679 ὑπακούειν
2061 1640 2194 1694 πέφυκε
2213 1643 2261 1694 τῷ
2277 1642 2427 1694 λογικῷ·
2444 1640 2484 1679 τὸ

1435 1698 1471 1737 δὲ
1509 1699 1780 1747 πλεοναστικόν,
1819 1699 1912 1738 κατὰ
1946 1704 2006 1739 τοῦ
2037 1699 2227 1753 πεφυκότος
2262 1700 2484 1753 ἐπιδέχεσθαι

1433 1758 1653 1809 πλεονασμόν
1666 1789 1676 1807 ,
1697 1761 1734 1797 οὐ
1755 1758 1847 1797 κατὰ
1863 1762 1923 1797 τοῦ
1942 1759 2009 1806 ἤδη
2029 1759 2275 1804 πλεονάζοντος
2287 1775 2296 1783 ·
2313 1757 2398 1797 ποτὲ
2419 1757 2482 1810 μὲν

1434 1818 1502 1871 γὰρ
1524 1818 1731 1866 πλεονάζει,
1751 1818 1834 1857 ποτὲ
1861 1819 1890 1856 δ’
1916 1817 2081 1858 ἐλλείπει.
2144 1818 2325 1861 Κάκείνως
2352 1817 2384 1855 δ’
2403 1816 2485 1870 ὁρί-

1435 1880 1549 1924 ζεται·
1569 1877 1710 1920 πάθος’
1695 1877 1768 1916 εστὶ
1782 1877 1916 1924 κίνησις
1931 1881 1989 1915 τοῦ
2005 1877 2131 1928 ἀλόγου
2147 1876 2273 1929 μέρους
2287 1879 2350 1924 τῆς
2368 1877 2484 1928 ψυχῆς

1435 1936 1671 1984 πλεοναστική
1684 1966 1694 1984 ,
1716 1937 1808 1975 κατὰ
1830 1936 2025 1990 φαντασίαν
2051 1936 2150 1983 ἡδέος
2168 1934 2191 1983 ἢ
2208 1937 2380 1987 λυπηρου.
2437 1933 2485 1974 Ὁ

1436 1995 1500 2046 μὲν
1527 1999 1587 2034 οὖν
1609 1993 1893 2048 Περιπατητικὸς
1917 1994 2043 2039 ουτως·
2061 1997 2107 2039 ὡς
2131 1994 2162 2032 3
2185 1996 2203 2032 ὁ
2223 1992 2380 2037 Στωϊκὸς
2397 1992 2485 2047 ὡρί-

1436 2070 1522 2093 σατο
1550 2053 1673 2101 Ζήνων
1698 2055 1739 2100 4,
1765 2054 1908 2097 πάθος’
1894 2070 1986 2092 εστιν
2004 2053 2096 2105 ὁρμὴ
2119 2053 2372 2099 πλεονάζουσα.
2429 2053 2483 2092 Οὔ

1435 2115 1529 2163 λέγει
1543 2129 1724 2152 πεφυκυια
1755 2112 1983 2163 πλεονάζειν,
2015 2112 2093 2151 ἀλλ’
2119 2112 2225 2160 ᾔδη’
2209 2128 2244 2151 εν
2269 2113 2484 2165 πλεονασμῳ

1435 2175 1544 2210 οὖσα·
1564 2174 1601 2210 οὔ
1617 2171 1686 2224 γὰρ
1702 2172 1867 2224 δυνάμει,
1885 2174 2018 2223 μᾶλλον
2037 2172 2066 2210 δ’
2081 2171 2253 2225 ἐνεργείᾳ.
2312 2171 2482 2222 Ὠρίσατο

1437 2231 1472 2270 δὲ
1501 2231 1690 2275 κάκείνως·
1709 2231 1818 2276 πάθος
1849 2231 1923 2270 ἔστι
1947 2230 2037 2278 ποτὴ
2065 2233 2201 2284 ψυχης,
2228 2229 2298 2268 ἀπὸ
2329 2247 2392 2278 της
2413 2233 2484 2270 τῶν

1434 2293 1576 2338 πτηνῶν
1594 2296 1701 2343 φορᾶς
1712 2289 1752 2328 τὸ
1767 2290 1946 2337 εὐκίνητον
1960 2293 2020 2328 τοῦ
2039 2293 2234 2337 παθητικοῦ
2253 2289 2484 2343 παρεικάσας.

1435 2347 1620 2388 Ἤθοποιΐα
1640 2349 1670 2387 δ’
1692 2348 1785 2387 ἐστὶν
1807 2347 1910 2395 ἤθους
1935 2348 2134 2397 ἐμποίησις.
2191 2347 2318 2395 Ἢθικὴ
2340 2348 2370 2386 δ’
2391 2348 2484 2387 ἐστὶν

1436 2408 1543 2461 ἀρετὴ
1562 2407 1711 2456 μεσότης
1725 2410 1845 2446 παθῶν
1857 2437 1868 2455 ,
1884 2407 1907 2454 ἢ
1929 2406 1996 2452 ἕξις
2011 2407 2172 2460 ὁρίζουσα
2192 2410 2252 2445 τοῦ
2269 2406 2401 2451 πάθους
2420 2405 2490 2453 τὴν

1435 2467 1631 2519 ὓπερὸολὴν
1648 2468 1708 2506 καὶ
1728 2465 1790 2514 τὴν
1811 2465 1962 2520 ἔλλειψιν
1989 2469 2038 2520 τῷ
2056 2470 2118 2512 τῆς
2138 2465 2337 2520 φρονήσεως
2355 2466 2449 2519 λόγῳ
2461 2478 2472 2487 ·

1407 2545 2466 2554 ...Ἣ-ᾖ*-
2471 2544 2480 2554 ο

1437 2603 1474 2626 ex
1489 2603 1553 2635 quo
1567 2594 1700 2634 singulae
1715 2595 1847 2626 manant
1862 2595 2018 2626 actiones.
2063 2581 2208 2626 Affectus
2217 2602 2295 2625 vero
2307 2593 2486 2625 secundum

1437 2653 1640 2686 Aristotelem
1661 2656 1708 2685 est
1725 2653 1848 2685 ratione
1868 2653 1989 2686 vacaris
2010 2653 2109 2685 animi
2125 2657 2233 2684 motus
2252 2652 2484 2685 vehementior.

1438 2717 1482 2747 Ac
1499 2715 1630 2747 rationis
1651 2715 1841 2747 vacuitatem
1861 2715 1991 2755 quidem
2011 2714 2100 2754 ponit
2115 2713 2155 2746 de
2167 2722 2206 2745 eo
2221 2714 2261 2745 ut
2278 2712 2406 2745 rationis
2420 2712 2481 2744 du-

1438 2775 1483 2806 cis
1509 2775 1662 2815 experte,
1696 2773 1956 2814 quandoquidem
1983 2775 2105 2814 partem
2130 2772 2333 2804 obedientem
2367 2771 2486 2812 habet,

1439 2842 1502 2874 qua
1518 2833 1647 2865 rationis
1668 2832 1811 2874 participi
1829 2834 1920 2873 paret
1931 2844 1941 2873 ;
1959 2831 2233 2863 vehementiorem
2252 2832 2362 2862 autem
2384 2830 2485 2861 nomi-

1438 2897 1513 2936 nat,
1529 2899 1688 2937 quatenus
1706 2894 1915 2927 vehementiae
1936 2902 2038 2934 capax
2055 2901 2120 2925 non
2134 2893 2202 2933 jam
2223 2892 2398 2924 vehemens
2413 2891 2485 2932 est,

1442 2955 1601 2997 siquidem
1615 2963 1702 2987 nunc
1721 2953 1883 2993 abundat,
1897 2961 1985 2985 nunc
2001 2952 2120 2984 deficit.
2165 2953 2326 2984 Caeterum
2341 2951 2389 2983 sic
2403 2959 2487 2992 quo-

1440 3024 1503 3056 que
1522 3014 1633 3046 definit
1651 3023 1660 3046 ε
1687 3013 1822 3045 affectus
1841 3015 1893 3044 est
1917 3011 2092 3043 commotio
2114 3011 2214 3052 partis
2234 3011 2351 3042 animae
2365 3010 2488 3042 ratione

1441 3075 1578 3107 carentis
1595 3083 1653 3115 per
1672 3073 1803 3105 nimiam
1818 3071 1995 3111 voluptatis
2008 3070 2060 3102 vel
2076 3069 2196 3101 doloris
2214 3068 2485 3109 imaginationem.

1440 3139 1545 3177 Atque
1573 3136 1635 3168 hoc
1666 3134 1799 3176 quidem
1830 3132 1926 3165 modo
1949 3132 2198 3174 Peripateticus3
2241 3132 2279 3162 ut
2299 3138 2377 3162 vero
2400 3129 2487 3161 Zeno

1442 3196 1568 3228 Stoicus
1591 3195 1724 3235 definit,
1752 3193 1886 3226 affectus
1907 3193 1954 3224 est
1979 3191 2133 3232 appetitio
2154 3190 2264 3222 nimia.
2309 3191 2378 3221 Non
2410 3187 2489 3219 dicit

1443 3255 1532 3287 nimii
1550 3263 1717 3296 capacem,
1734 3253 1787 3285 sed
1809 3253 1886 3294 Jam-
1899 3251 2051 3288 nimiam,
2070 3259 2130 3281 nec
2150 3258 2223 3290 quae
2242 3248 2313 3280 talis
2331 3256 2398 3279 esse
2415 3255 2487 3287 pos-

1445 3318 1506 3355 sit,
1524 3317 1579 3350 sed
1598 3325 1712 3350 revera
1736 3316 1801 3356 jam
1818 3316 1871 3347 sit.
1918 3313 2038 3346 Desinit
2063 3312 2160 3344 etiam
2182 3312 2242 3343 boc
2260 3311 2357 3343 modo
2374 3324 2382 3343 :
2411 3310 2490 3342 asfe-

1452 3381 1521 3409 ctus
1545 3379 1592 3409 est
1608 3377 1705 3408 animi
1733 3376 1872 3414 volatus,
1885 3383 1958 3405 cum
1975 3373 2083 3404 avium
2103 3375 2191 3403 motu
2215 3370 2489 3411 perturbationum

1445 3438 1637 3469 celeritatem
1655 3444 1854 3476 comparans.
1899 3436 1979 3472 Quae
1997 3435 2104 3464 autem
2122 3431 2239 3462 dicitur
2265 3439 2392 3461 morum
2413 3429 2488 3460 imi-

1447 3496 1524 3527 tatio
1538 3495 1587 3527 vei
1602 3494 1751 3526 confictio
1768 3495 1816 3524 est
1840 3500 1963 3524 morum
1979 3498 2119 3532 personae
2138 3489 2332 3522 informatio.
2376 3487 2490 3520 Virtus

2610 889 2612 892 ’
2607 499 2638 879 Μωεεκωιψιῑ
2600 0 2638 492 νωιτεεεωὲωψικψ
