2638 3840
950 271 1003 311 IN
1046 271 1139 312 ’rm
1148 272 1273 312 AEUM
1306 273 1574 315 PLA’roNts.
2277 282 2349 316 199

191 353 322 396 quidem
343 352 577 396 mauu,
591 360 656 386 non
671 351 719 386 ita
734 351 772 386 nt
794 351 887 385 nobis
917 351 1059 392 videtur,
1077 354 1237 394 provenit.

190 411 286 446 nnita
303 411 390 445 enim
416 411 449 445 in
464 411 583 445 divinis
612 411 737 445 actibus
765 410 977 444 inconstantia
995 434 1005 451 ‚
1033 411 1111 452 sed,
1142 414 1176 444 ut
1197 412 1240 444 ita

189 469 347 510 videatur,
368 470 405 503 tit
423 478 464 504 ex
480 479 533 510 eo,
551 470 639 513 quod
661 469 726 503 iilis
746 469 860 512 positis
885 472 920 502 et
948 469 1159 502 immobiiiter
1178 470 1237 502 ad·

189 528 386 563 munos
411 526 549 571 propriis
563 528 711 570 circuiis,
732 536 790 570 per
808 535 892 570 quoa
910 527 1070 569 teruntur,
1097 529 1239 570 mquates

187 595 317 628 semper
330 586 544 629 ordinatoque
560 595 671 629 gressu
684 609 696 628 ‚
713 588 824 620 noster
849 587 941 619 visus
959 586 1035 620 terri
1061 595 1100 620 ea
1117 595 1173 627 poi·
1189 587 1238 619 at-

189 646 271 679 tiora
293 654 439 680 convexa
460 645 603 688 signiferi
627 645 717 679 orbis
739 645 943 687 imaginetur,
968 654 1010 679 ex
1037 645 1240 679 ordinatione

186 705 253 739 rati
267 707 302 740 et
324 705 492 747 aquatilis
515 708 626 738 motus
642 706 792 739 nascente
808 708 899 738 motu
926 705 1123 747 praepostero
1137 705 1234 746 iuxta

185 763 293 798 visum
305 764 473 798 bominum
488 766 734 806 consequenter.
778 765 832 797 Est
845 763 931 796 enim
948 763 1084 805 aequatis
1103 763 1237 805 quidem

186 826 305 865 motus,
325 824 380 866 qui
397 823 536 866 aqualia
552 823 655 866 spatia
668 822 850 865 aequalibus
861 822 1030 856 curriculis
1054 826 1238 865 temporum

185 881 414 923 cuonem-ine
428 882 573 925 pigritia,
586 881 635 914 vei
650 881 848 914 incitatione.
900 880 1076 914 ordinatus
1094 889 1184 922 vero,
1204 882 1235 914 in

183 949 251 985 qao
263 949 369 984 neque
381 941 550 981 resistitur,
562 941 806 974 necretrorsum
822 939 956 980 reditur,
966 939 1023 973 sed
1036 939 1077 972 ad
1092 940 1239 982 proxima

183 1008 323 1043 quoqne
348 999 516 1034 moderato
534 999 662 1033 incessu
687 999 884 1041 pervenitur.
940 998 1100 1032 Videntur
1126 1001 1237 1032 tamen

185 1057 278 1092 nobb
291 1067 406 1092 ornnes
417 1058 549 1100 quidem
569 1057 717 1100 pianetes
736 1066 801 1091 non
824 1057 942 1100 equali
970 1059 1060 1091 motu
1073 1081 1084 1098 ,
1103 1058 1236 1100 quidam

185 1118 292 1151 tamen
309 1117 492 1151 inordinata
505 1125 636 1160 qnoque
647 1116 822 1158 agitatione
841 1116 928 1150 terri.

225 1178 389 1211 Lxxvii.
414 1178 521 1216 Quam
546 1176 644 1219 igitur
661 1184 793 1209 causam
820 1176 969 1209 dicemus
986 1175 1084 1216 hujus
1102 1175 1238 1216 erroris,

182 1237 216 1271 et
242 1236 442 1279 proeiuoeis?
467 1236 573 1278 Supra
609 1237 843 1277 memoratam,
868 1243 889 1268 a
911 1235 1090 1277 Pythagora
1111 1236 1237 1269 intelie-

181 1298 268 1330 ctam
279 1321 289 1338 ,
306 1295 394 1339 qnod
414 1304 516 1338 quum
528 1295 562 1329 in
577 1294 679 1336 giobis
694 1295 764 1328 suis
782 1295 997 1329 consistentes
1012 1295 1169 1336 serantur,
1181 1304 1238 1337 per

181 1354 358 1389 zodiacum
377 1354 470 1394 terri,
493 1354 663 1395 languente
678 1355 770 1387 visus
784 1354 871 1392 acie,
888 1356 1053 1396 putentur.
1099 1354 1134 1388 ld
1153 1354 1235 1388 adeo

180 1413 215 1448 in
233 1414 343 1456 atiquo
358 1422 401 1447 ex
422 1413 627 1454 errantibus,
645 1413 748 1446 immo
761 1413 795 1446 in
817 1422 869 1454 eo,
892 1422 949 1455 per
966 1422 1062 1455 quem
1087 1413 1239 1447 videntur

181 1473 304 1515 omnia,
320 1472 390 1506 soie
407 1471 638 1505 consideretur.
681 1471 729 1505 Sit
741 1472 828 1505 enim
846 1472 1002 1506 zodiacus
1023 1473 1164 1506 circulus
1181 1482 1238 1515 per

189 1540 210 1565 a
228 1532 251 1575 β
262 1542 283 1574 γ
298 1531 318 1565 8
334 1532 427 1564 notas
442 1530 657 1564 circumactus
679 1529 779 1573 [vide
803 1530 938 1571 iiguram
956 1531 1018 1563 vti
1031 1529 1057 1572 1,
1070 1534 1183 1572 cujus,
1204 1533 1237 1564 et

181 1593 326 1628 universi
345 1592 457 1627 mnndi
468 1617 478 1635 ,
496 1593 530 1626 in
543 1591 715 1626 medietate
727 1591 830 1633 posita
841 1591 953 1632 ‚juxta
970 1591 1059 1633 quod
1082 1592 1233 1633 stipatam

181 1660 312 1687 manere
322 1652 462 1686 dicimus
475 1653 616 1693 terram,
629 1650 720 1684 ittera
735 1650 789 1692 sit,
805 1658 861 1693 per
873 1660 971 1693 quam
985 1651 1078 1684 iineoe
1093 1650 1167 1683 duae
1184 1650 1236 1683 di·

180 1711 395 1755 rigantur,bis
406 1712 552 1745 secantes
561 1710 720 1744 circutum
732 1710 765 1744 in
778 1711 915 1753 nquaiia
924 1711 1071 1744 dimensa
1083 1713 1235 1753 quatuor,

180 1771 203 1805 b
214 1778 245 1804 a
256 1781 280 1804 a
291 1782 323 1813 γ,
341 1770 363 1814 β
377 1770 397 1804 δ
409 1769 585 1803 diametros
605 1770 743 1812 utraque
760 1769 967 1812 intelligatur,
989 1781 1012 1802 α
1036 1770 1071 1804 in
1097 1770 1234 1803 exordio

180 1829 289 1864 arietis
306 1829 471 1870 iocatum,
488 1829 510 1871 β
525 1828 558 1862 in
572 1828 706 1862 exordio
727 1828 847 1863 uncti.
904 1830 987 1863 Item
1008 1841 1029 1871 γ
1050 1830 1084 1863 in
1102 1829 1233 1871 regione

178 1887 283 1932 iibrre,
297 1889 317 1923 ὅ
330 1889 524 1931 capricorni.
570 1890 653 1930 Ergo
674 1888 727 1922 soi
744 1887 899 1922 accedens
914 1887 955 1922 ad
966 1899 1007 1929 α,
1024 1888 1127 1922 tacere
1144 1888 1233 1922 vide-

178 1948 233 1982 tur
245 1947 477 1991 equi-octium
489 1947 620 1981 vernale
640 1946 703 1980 :ad
721 1948 742 1990 β
756 1948 877 1989 autern,
888 1946 1035 1980 aestivarn
1048 1948 1231 1981 conversio-

178 2015 267 2042 nern.
310 2009 392 2042 Item
406 2006 447 2040 ad
458 2018 479 2049 γ
493 2006 710 2047 auctumnaie,
723 2006 953 2049 equinoctium
973 2015 982 2036 ε
1000 2006 1041 2039 ad
1060 2007 1091 2047 δ,
1108 2006 1230 2040 biema-

178 2066 242 2101 iem
261 2065 522 2100 conversionem.
578 2065 729 2108 AEqnaies
746 2074 823 2107 ergo
841 2067 947 2108 partes
967 2065 1079 2099 mundi
1096 2069 1235 2108 quatuor

178 2125 238 2160 bas
255 2137 276 2158 a
293 2126 327 2169 β,
347 2126 367 2168 β
389 2136 421 2166 γ.
444 2136 464 2166 γ
486 2125 517 2165 ὃ,
540 2125 558 2157 δ
574 2136 613 2164 α.
635 2123 753 2167 iniquis
781 2126 814 2158 et
834 2124 1010 2167 imparibus
1036 2125 1235 2168 temporibus

178 2184 309 2219 videtin·
320 2183 470 2218 circuire.
519 2182 684 2225 Siquidem
700 2191 741 2217 ex
755 2183 954 2226 aequinoctio
969 2192 1068 2217 verno
1081 2183 1121 2217 ad
1139 2185 1231 2218 aesti-

177 2252 254 2278 vam
271 2242 538 2283 conversionem,
563 2243 703 2285 spatium
728 2243 800 2276 onii
830 2242 919 2285 quod
947 2242 1135 2285 interlucet,
1167 2245 1233 2278 tero

178 2302 354 2345 nonaginta
370 2303 509 2345 quatuor
528 2303 561 2336 et
585 2302 684 2335 semis
711 2302 827 2335 diebus
852 2303 886 2335 et
905 2301 1054 2335 noctibus
1079 2302 1226 2337 conticit.

179 2363 230 2397 tx
245 2361 459 2396 conversione
478 2370 556 2394 vero
571 2361 799 2403 aestuansque
811 2361 851 2394 ad
865 2361 1073 2394 anctumnaie
1086 2362 1231 2404 aequino-

177 2420 280 2456 ctium
294 2420 470 2464 monta
484 2420 613 2454 duobus
625 2421 658 2454 et
671 2420 772 2453 senus
784 2419 898 2452 diebus
910 2420 943 2452 et
955 2419 1104 2452 noctibus
1120 2428 1230 2460 perve-

175 2480 240 2516 nit.
285 2480 338 2516 Ab
353 2479 549 2515 anctnmnaii
565 2488 661 2522 porro
682 2478 879 2520 equinoctio
894 2486 1028 2521 pergens
1043 2477 1083 2510 ad
1101 2478 1230 2512 bruma-

177 2539 243 2575 iem
270 2540 513 2575 conversionem
539 2539 704 2581 octoginta
734 2539 809 2572 octo
843 2537 958 2572 diebus
996 2538 1164 2580 pervenit,
1198 2539 1230 2572 et

177 2601 296 2635 octava
306 2600 396 2642 parte
408 2598 502 2633 unius
514 2598 591 2632 diei.
601 2597 778 2633 Besiduum
792 2597 869 2631 item
882 2597 1035 2638 spatium,
1048 2598 1134 2639 quod
1148 2598 1230 2631 inter

175 2658 357 2694 brumalem
369 2658 615 2693 conversionem
638 2658 670 2691 et
694 2665 830 2691 vernum
850 2656 1081 2699 aequinoctium
1101 2657 1227 2698 interja-

176 2720 229 2753 cet
244 2717 416 2760 nnaginta
435 2717 500 2751 tere
513 2716 645 2756 diebos,
659 2717 693 2750 et
714 2717 805 2758 parte
832 2717 947 2749 octava
969 2714 1052 2755 diet,
1083 2715 1227 2748 conticit.

176 2779 416 2822 Proptercaque
444 2786 576 2811 omnem
592 2777 703 2811 circuit
726 2778 869 2810 mestum
894 2775 1046 2810 trecentis
1064 2775 1228 2817 sexaginta

175 2838 320 2882 quinque
333 2836 468 2879 diebus,
491 2845 531 2870 ac
552 2836 722 2877 noctibus,
738 2837 772 2869 et
792 2837 883 2879 parte
894 2837 1010 2877 quarta
1023 2833 1098 2872 diei,
1116 2843 1230 2877 prope·

174 2897 308 2931 modurn
328 2896 418 2930 obire
432 2902 590 2930 consensu
611 2895 757 2929 omnium
770 2894 923 2927 creditur.
940 2895 965 2926 i:
980 2892 1109 2934 regione
1125 2893 1226 2934 gerni·

174 2963 290 2989 norum
307 2953 522 2996 indusimus,
537 2962 557 2989 e
577 2953 698 2988 unibus
710 2953 864 2996 sagittarii
878 2953 1020 2986 volucer.
1055 2951 1179 2984 Medius
1192 2951 1224 2984 in

175 3014 363 3049 transiuone
374 3015 440 3048 tan
455 3013 588 3056 virginis
602 3021 700 3056 quarn
715 3014 814 3047 etiam
826 3012 973 3055 piscium.
1018 3011 1099 3045 Fieri
1118 3012 1227 3044 tamen

112 3064 115 3065 ⁷
176 3082 241 3108 non
263 3074 390 3117 potest,
410 3075 574 3108 utcontra
590 3074 739 3107 naturam
766 3080 879 3112 suam,
909 3070 1081 3104 divinitate
1107 3070 1225 3112 prodi·

175 3134 254 3176 um,
277 3132 372 3167 neiat
399 3132 536 3176 atiqnid,
560 3132 611 3166 vei
640 3131 778 3174 patiatur
802 3130 1020 3164 inordinatum
1088 3131 1132 3162 Es
1161 3138 1227 3171 quo

176 3194 327 3235 aptaret,
345 3201 403 3236 per
427 3201 524 3226 suurn
548 3191 704 3225 circutum
729 3192 763 3224 et
782 3190 882 3223 sotem
901 3191 934 3222 et
966 3190 1089 3222 ceteras
1115 3188 1225 3222 steitas

175 3238 321 3285 meantes
343 3250 565 3294 equabititer,
584 3253 616 3284 et
630 3249 796 3290 ordinate,
814 3248 909 3282 nobis
928 3257 947 3281 e
977 3248 1107 3289 mgione
1130 3249 1226 3281 terra

174 3309 394 3352 spectantibus
412 3309 513 3343 videri
536 3317 592 3352 prr
619 3320 641 3342 α
669 3309 690 3351 β
709 3319 728 3351 γ
753 3308 772 3341 δ
801 3307 982 3347 circuimn,
1007 3306 1064 3349 qui
1089 3307 1139 3340 est
1160 3314 1224 3341 non

177 3366 371 3409 souitu-tis,
382 3367 441 3402 sed
460 3369 630 3409 radiatus,
646 3375 764 3401 meare.
1144 3368 1147 3370 ’

216 3426 395 3461 mxxviii.
415 3427 499 3467 Quia
513 3427 610 3469 igitur
625 3435 689 3459 non
703 3435 758 3468 per
771 3424 947 3459 zodiacum
965 3424 1052 3458 bunc
1067 3424 1223 3459 izircuiurn

175 3482 244 3527 soi,
261 3485 317 3520 sed
333 3493 392 3529 per
406 3486 505 3520 atium
522 3485 733 3526 soistitiaiem,
756 3484 811 3527 qui
834 3485 885 3519 est
901 3483 972 3525 eiua
990 3482 1152 3527 proprius,
1172 3484 1224 3518 io-

1300 355 1397 395 cedit,
1414 356 1574 397 siquidem
1592 357 1758 399 utriusque
1776 356 1889 390 circuti
1917 358 2072 399 punctum
2094 366 2195 390 unum
2216 359 2248 390 et
2266 342 2366 391 idem’

1300 415 1382 445 esset
1400 413 1431 445 in
1445 415 1482 447 0:
1500 414 1612 447 eadem
1625 416 1748 448 ratione
1760 414 1884 448 divisus
1896 414 2072 448 solstitialis
2097 425 2159 457 qua
2179 416 2349 458 Zodiacus,

1301 472 1333 504 in
1351 472 1464 505 iisdem
1491 474 1577 506 vitiis
1597 475 1631 507 et
1649 474 1892 516 iniquitatibus,
1922 474 2137 515 inveniretur,
2165 474 2346 516 eodemque

1300 530 1396 562 modo
1415 542 1436 563 α
1449 532 1469 573 β
1484 542 1503 573 γ
1517 532 1535 564 δ
1553 532 1663 565 circuti
1682 532 1788 574 partes
1804 533 1954 574 quatuor,
1972 532 2119 574 pluribus
2135 532 2205 573 iias,
2224 533 2355 574 paucio-

1304 589 1394 621 ribus
1419 591 1516 632 alias,
1541 591 1647 625 obiret
1667 591 1793 625 diebus.
1851 591 1914 626 Sed
1931 591 1959 624 si
1981 591 2051 624 baec
2072 593 2183 624 contra
2205 595 2352 624 naturam

1300 648 1442 681 siderum
1475 650 1556 682 i'aiso
1582 651 1693 692 putare
1715 650 1863 684 homines
1892 651 1975 684 ratio
1994 651 2246 691 monstraverit,
2266 654 2353 683 certe

1301 708 1506 750 perspicuum
1528 710 1598 749 erit,
1613 709 1699 743 iilius
1712 709 1799 751 giobi
1811 734 1821 750 ,
1833 718 1890 752 per
1901 718 2000 751 quem
2011 710 2061 743 soi
2076 711 2226 743 movetur
2241 735 2252 751 ‚
2271 719 2353 751 pun-

1299 768 1388 799 ctum
1406 767 1438 800 in
1452 769 1468 800 θ
1481 776 1545 801 non
1559 777 1641 801 esse.
1687 771 1771 811 Ergo
1781 769 1924 802 circulus
1942 769 1993 802 vei
2011 769 2096 802 intra
2116 777 2152 801 se
2173 769 2353 801 continebit

1300 826 1329 864 ο.
1351 825 1405 858 sed
1429 835 1493 859 non
1509 827 1717 867 unp-anctum
1744 827 1794 860 vei
1826 827 2032 860 medietatem
2060 835 2071 857 t
2091 827 2144 860 vei
2163 826 2321 869 peridem
2337 829 2353 859 θ

1299 885 1454 925 transiet,
1468 885 1519 917 vei
1534 885 1684 919 excludet
1704 887 1835 919 omnino
1847 895 1867 919 a
1883 886 2004 926 gremio
2017 895 2092 920 suo.
2137 888 2180 919 At
2196 886 2281 919 enim
2297 895 2353 927 per

1299 943 1328 982 θ,
1349 942 1380 975 id
1403 945 1452 976 est
1471 945 1606 984 terram,
1619 944 1666 978 ire
1684 944 1785 977 soiem
1804 945 2001 987 impossibiie
2018 947 2080 978 est.
2098 945 2348 985 conflagrabant

1299 1002 1387 1034 enim
1407 1004 1534 1035 terrena
1552 1003 1629 1035 sotis
1645 1002 1814 1036 ardoribus
1824 1029 1834 1045 ,
1846 1013 2038 1047 semperque
2052 1003 2129 1037 solis
2141 1003 2238 1045 giobo
2253 1013 2350 1045 supe-

1300 1061 1384 1094 riore
1398 1062 1587 1103 exsistente,
1605 1063 1674 1095 dies
1697 1063 1759 1096 erit
1782 1066 1937 1105 perpetua
1955 1072 1965 1092 t
1982 1072 2043 1096 nec
2064 1062 2170 1096 eidem
2200 1064 2353 1098 succedet

1299 1129 1363 1152 nox
1375 1143 1386 1159 ,
1404 1130 1571 1162 nunquam
1591 1121 1712 1155 scilicet
1725 1125 1888 1163 mergente
1906 1123 1983 1156 soie.
2030 1124 2182 1165 Superest
2199 1123 2295 1164 igitur
2314 1127 2351 1157 ut

1298 1181 1315 1212 θ
1333 1180 1382 1213 vei
1393 1180 1476 1213 intra
1489 1180 1646 1214 ambitum
1660 1182 1832 1215 solstitialis
1840 1182 1948 1215 circuli
1963 1182 2017 1223 sit,
2035 1183 2084 1216 vei
2102 1187 2205 1216 extra.
2227 1183 2354 1216 Utrum-

1298 1247 1361 1281 que
1373 1239 1458 1273 enim
1472 1245 1675 1282 assumptum
1689 1241 1844 1274 rationem
1862 1242 1979 1274 babere
1997 1242 2240 1282 monstrabitur,
2256 1242 2288 1274 id
2303 1244 2354 1276 est

1298 1299 1354 1331 aut
1381 1299 1398 1331 θ
1421 1298 1504 1331 intra
1521 1299 1699 1333 solstitiatis
1717 1300 1831 1333 circuti
1860 1300 2020 1333 ambitum
2050 1308 2133 1341 esse,
2162 1302 2219 1333 aut
2247 1302 2351 1342 extra,

1298 1358 1396 1391 modo
1414 1357 1560 1400 epicycii.
1604 1361 1686 1398 Qum
1705 1359 1836 1401 quidem
1853 1368 1906 1392 res
1919 1360 2002 1392 inter
2018 1359 2261 1392 mathematicos
2285 1358 2353 1391 dis·

1298 1418 1511 1458 ceptationem
1539 1418 1674 1451 creavit.
1732 1418 1898 1460 Siquidem
1927 1418 1980 1451 aiii
2012 1418 2148 1459 spiiaeris
2175 1418 2352 1459 eccentris,

1298 1476 1329 1509 id
1357 1478 1407 1509 est
1426 1486 1502 1519 quaa
1517 1478 1636 1510 terram
1655 1477 1740 1511 intra
1765 1486 1800 1511 se
1828 1478 2015 1511 contineant
2044 1477 2187 1519 quidem,
2207 1478 2264 1510 sed
2284 1485 2349 1509 non

1298 1537 1333 1568 ut
1361 1538 1517 1578 punctum
1543 1545 1659 1577 suum,
1676 1536 1751 1570 vehi
1776 1537 1918 1578 planetas
1942 1538 2091 1570 asserunt
2107 1535 2181 1568 :aiii
2200 1536 2353 1577 epicyciis

1298 1595 1406 1636 potius
1420 1619 1431 1637 ,
1454 1595 1517 1629 boc
1538 1597 1599 1638 est,
1621 1605 1641 1629 a
1671 1598 1756 1630 terra
1782 1596 1995 1638 separativis,
2021 1604 2082 1629 nec
2106 1594 2349 1628 imminentibus

1297 1653 1325 1686 ei
1343 1652 1457 1694 globis.

1340 1714 1484 1747 LXXIX.
1502 1713 1551 1746 Sit
1569 1713 1664 1755 igitur
1675 1713 1854 1747 solstitialis
1874 1714 2044 1747 eccentrus
2058 1713 2198 1747 circulus
2216 1725 2231 1747 s
2250 1718 2299 1753 ζη
2316 1726 2349 1754 κ,

1296 1772 1328 1805 et
1342 1772 1458 1806 babeat
1475 1774 1630 1814 punctum
1644 1772 1706 1806 sub
1721 1784 1737 1806 s
1755 1777 1772 1812 ζ
1788 1773 1911 1806 ambitu
1930 1773 2126 1814 immediate,
2146 1773 2269 1807 scilicet
2292 1774 2346 1806 ubi

1295 1833 1343 1864 est
1356 1843 1390 1873 μ.
1403 1831 1507 1874 [Vide
1523 1832 1657 1874 tiguram
1671 1831 1784 1875 Viti.]
1805 1834 1872 1865 iioc
1882 1832 1978 1873 igitur
1998 1833 2117 1865 circuio
2138 1833 2170 1865 in
2189 1835 2350 1866 trecentus

1295 1890 1461 1932 sexaginta
1478 1891 1623 1933 quinque
1638 1894 1744 1933 partes
1762 1900 1837 1924 cum
1851 1894 1966 1933 quarta
1986 1895 2074 1933 parte
2084 1892 2180 1925 unius
2194 1893 2350 1933 portionis

1295 1947 1421 1991 diviso,
1445 1949 1486 1982 ad
1516 1950 1694 1984 earundem
1720 1951 1857 1992 partiunt
1876 1951 2143 1992 exaequationem.
2157 1954 2197 1990 ιζ
2218 1951 2348 1993 quidem

1295 2006 1436 2040 ambitus
1446 2007 1617 2049 nonaginta
1629 2008 1767 2049 quatuor
1780 2008 1877 2041 semis
1891 2008 2094 2050 portionibus
2106 2009 2323 2042 continebitur
2335 2020 2344 2043 z

1295 2064 1343 2099 ξι
1359 2070 1436 2095 vero
1458 2063 1631 2104 nonaginta
1654 2063 1764 2096 decem
1794 2063 1891 2097 semis
1918 2063 1980 2097 erit
2005 2064 2156 2106 partium.
2196 2066 2278 2098 item
2293 2075 2313 2103 η
2329 2076 2350 2096 ι

1294 2122 1455 2163 octoginta
1476 2126 1508 2155 et
1527 2124 1602 2155 octo
1618 2124 1725 2164 partes
1744 2122 1887 2163 babebit,
1904 2124 2047 2155 etunius
2069 2124 2170 2165 partis
2183 2126 2343 2158 octavam.

1296 2181 1455 2215 Residuus
1467 2181 1610 2214 ambitus
1626 2193 1647 2213 κ
1669 2193 1684 2214 ι
1706 2190 1745 2214 ει
1757 2182 1929 2222 nonaginta
1945 2181 2111 2215 constabit
2130 2182 2291 2225 partibus,
2311 2184 2344 2215 et

1293 2243 1408 2275 octava
1422 2241 1517 2274 unius
1533 2241 1643 2283 partis.
1689 2243 1825 2275 Necesse
1840 2243 1889 2274 est
1907 2241 2028 2282 itaque.
2050 2242 2087 2274 ut
2102 2250 2176 2274 cum
2189 2242 2236 2275 soi
2254 2250 2347 2274 arce-

1294 2300 1350 2334 dat
1370 2300 1410 2332 ad
1428 2309 1500 2333 eam
1518 2302 1660 2342 partem,
1674 2300 1707 2333 in
1720 2308 1784 2342 qua
1801 2302 1851 2333 est
1867 2310 1895 2340 r,
1919 2300 2012 2333 nobis
2028 2300 2060 2333 in
2083 2305 2205 2343 puncto
2223 2301 2345 2342 agenti·

1295 2358 1355 2392 bus
1365 2358 1476 2391 mundi
1501 2359 1598 2391 totius
1609 2383 1619 2398 ,
1634 2358 1664 2391 id
1678 2360 1739 2399 est,
1759 2361 1842 2391 terra
1853 2361 1882 2399 0,
1897 2359 1929 2391 et
1941 2358 2016 2391 inde
2030 2358 2136 2399 quoad
2157 2367 2343 2401 possumus,

1294 2417 1509 2457 intuentibus,
1529 2426 1626 2460 super
1642 2426 1661 2450 a
1688 2419 1766 2450 tunc
1789 2417 1862 2451 terri
1894 2416 2038 2451 videatur
2063 2430 2071 2451 ι
2090 2426 2166 2451 cum
2186 2417 2238 2451 iiia
2256 2418 2345 2461 regio

1294 2485 1359 2509 non
1388 2476 1562 2509 solstitialis
1592 2476 1717 2516 circuti,
1742 2474 1801 2508 sed
1836 2475 1985 2515 zodiaci,
2021 2476 2065 2509 sit
2091 2476 2195 2509 mutto
2224 2475 2342 2509 attioris

1293 2535 1482 2576 summitas,
1500 2535 1540 2567 ad
1556 2543 1653 2576 quam
1666 2534 1755 2567 visus
1773 2543 1838 2567 non
1852 2536 1957 2576 potest
1976 2534 2153 2576 pervenire.
2176 2537 2280 2577 Atque
2301 2536 2346 2568 ita

1292 2604 1348 2637 per
1366 2606 1381 2629 ι
1400 2598 1416 2634 ζ
1440 2594 1596 2628 ambitum
1622 2602 1734 2628 means
1751 2594 1972 2637 mquahttiter,
1994 2594 2050 2637 qui
2078 2594 2219 2628 ambitus
2239 2595 2343 2629 tribus

1290 2655 1406 2688 ceteris
1423 2655 1525 2695 major
1541 2655 1603 2695 est,
1618 2653 1775 2696 pluribus,
1792 2656 1829 2687 ut
1841 2662 1972 2688 necesse
1985 2656 2046 2695 est,
2060 2654 2174 2688 diebus
2189 2654 2344 2696 maiorem

1290 2714 1448 2748 ambitum
1470 2714 1655 2756 conficiens,
1676 2714 1732 2748 ubi
1751 2713 1793 2748 ad
1811 2717 1828 2755 ζ
1844 2715 2038 2758 pervenerit,
2060 2714 2100 2747 ad
2119 2715 2140 2757 β
2159 2714 2343 2757 pervenisse

1292 2774 1455 2807 videbitur
1475 2786 1483 2806 :
1501 2775 1535 2808 et
1556 2775 1710 2816 tanquam
1733 2785 1755 2807 οι
1773 2775 1794 2817 β
1814 2776 1980 2817 peragrato
2008 2773 2153 2814 ambitu,
2182 2774 2340 2817 mustum

1289 2836 1437 2877 quartam
1454 2836 1579 2876 partem
1599 2834 1720 2867 zodiaci
1736 2834 1846 2867 circuti
1874 2834 2037 2877 pluribus,
2065 2843 2163 2877 quam
2190 2834 2272 2867 ratio
2293 2843 2340 2867 a!-

1290 2892 1488 2935 quabiiitatis
1504 2892 1623 2935 exigit,
1639 2893 1755 2926 diebus
1770 2893 1878 2927 obisse
1894 2893 2051 2927 creditur.
2068 2894 2273 2936 ltux-sumque
2292 2896 2342 2932 tr.

1288 2953 1411 2987 ambitu
1424 2953 1476 2987 sui
1497 2953 1609 2987 circuti
1623 2954 1778 2988 exundat
1796 2954 2026 2995 magnitudinis
2042 2958 2208 2996 peragrato
2228 2963 2340 2996 sequa-

1293 3012 1397 3046 biiiter
1412 3011 1527 3046 diebus
1550 3012 1723 3055 nonaginta
1739 3013 1868 3046 duobus
1889 3014 1986 3047 semis
2014 3014 2083 3054 (tot
2101 3014 2187 3046 enim
2202 3015 2339 3055 partium

1286 3074 1335 3105 est
1358 3071 1443 3107 idem
1458 3072 1624 3115 ambitus)
1642 3072 1698 3106 ubi
1714 3072 1754 3106 ad
1778 3085 1799 3112 η
1815 3073 2016 3115 pervenerit,
2035 3072 2163 3106 videtur
2187 3071 2278 3105 nubis
2295 3072 2333 3103 mi

1285 3140 1307 3171 γ
1326 3129 1508 3172 pervenisse
1527 3142 1536 3164 ι
1552 3134 1584 3163 et
1604 3132 1625 3174 β
1641 3142 1660 3173 γ
1678 3130 1851 3171 ambitum,
1872 3130 1961 3164 velut
1975 3131 2132 3173 requaiem
2153 3130 2247 3173 primi
2263 3138 2340 3172 pnti-

1284 3188 1426 3223 cioribus
1442 3188 1556 3222 diebus
1575 3198 1740 3224 emensus.
1777 3190 1963 3231 tondensque
1980 3189 2077 3222 modo
2090 3202 2111 3228 η
2130 3202 2148 3221 ι
2166 3190 2338 3222 minimum

1284 3246 1443 3281 ambitum
1473 3247 1627 3288 lustrans.
1642 3250 1755 3291 utpote
1772 3249 1827 3290 qui
1843 3249 1884 3282 sit
1898 3249 1928 3281 in
1942 3248 2105 3287 octoginta
2125 3248 2282 3289 partibus,
2305 3251 2337 3281 et

1284 3308 1418 3349 octavu
1445 3306 1501 3342 otii
1522 3307 1657 3341 totidem
1681 3307 1796 3341 dieiius
1816 3308 1952 3348 obierit,
1979 3308 2223 3347 perveneritque
2238 3305 2278 3339 aii
2297 3318 2331 3347 a,

1285 3374 1304 3400 e
1318 3366 1475 3407 redunco
1494 3366 1733 3409 spectantibus,
1758 3366 1919 3399 videbitur
1935 3365 2066 3407 quictem
2090 3366 2163 3398 terri
2187 3374 2285 3407 supra
2305 3366 2337 3405 8,

1286 3426 1449 3468 putabitur
1464 3428 1571 3460 autem
1588 3437 1607 3468 γ
1622 3428 1641 3459 δ
1662 3426 1819 3459 ambitum
1839 3426 1996 3467 aqualem
2020 3425 2148 3465 ceteris,
2175 3425 2337 3468 pauciori·

1285 3484 1464 3518 busdiebus
1471 3484 1589 3519 obisse.
1603 3485 1770 3526 Similique
1777 3484 1893 3517 erroris
1904 3483 2137 3526 perseverantia
2149 3496 2167 3516 ι
2178 3495 2192 3517 ι
2208 3484 2326 3516 aviii-itu
