2606 3828
349 234 424 268 280

348 314 460 361 Ἄξιον
495 316 526 354 δ’
560 316 740 364 ἐννοῆσαι,
778 314 823 355 ὡς
852 310 909 348 καὶ
936 308 1144 360 ἐλευθερίους
1174 310 1192 346 ὁ
1229 313 1379 352 τοιοῦτος

347 377 493 418 πλοῦτος
511 373 717 426 παρέχεται.
743 368 934 421 Σωκράτης
959 383 996 405 τε
1016 367 1081 418 γὰρ
1104 361 1216 415 οὗτος,
1237 367 1320 418 παρ’
1343 361 1381 405 οὗ

349 433 417 485 ἱγὼ
448 436 566 471 τοῦτον
596 429 822 478 ἐκτησάμην,
860 426 930 464 οὔτ’
965 427 1101 478 ἀριθμῷ
1134 424 1212 464 οὔτε
1233 428 1380 478 σταθμῷ

349 491 493 543 ἔπήρκει
515 506 592 541 μοι,
622 491 696 528 ἀλλ’
716 486 838 526 ὁπόσον
860 484 1033 534 ἐδυνάμην
1048 484 1232 535 φέρεσθαι,
1260 487 1381 523 τοσοῦ-

347 550 403 589 τόν
420 566 478 601 μοι
497 547 692 601 παρεδίδου.
748 543 841 596 Ἐγώ
860 558 897 581 τε
916 547 972 581 νῦν
990 543 1101 581 οὐδενὶ
1127 544 1264 596 φθονῶ,
1287 542 1379 581 ἀλλὰ

346 614 433 647 πᾶσι
463 613 531 651 τοῖς
565 605 672 659 φίλοις
703 603 762 641 καὶ
798 599 1004 639 ἐπιδεικνύω
1028 599 1091 648 τὴν
1110 598 1288 653 ἀφθονίαν,
1320 599 1380 639 καὶ

348 665 563 717 μεταδίδωμι
588 666 637 714 τῷ
654 659 851 714 βουλομένῳ
869 662 928 697 τοῦ
950 660 984 697 ἐν
1004 661 1047 710 τῇ
1067 660 1138 711 ἐμῇ
1157 660 1254 712 ψυχῇ
1272 658 1379 699 πλού-

345 741 416 764 του.
458 724 530 763 Καὶ
565 721 631 772 μὴν
652 719 711 758 καὶ
739 720 777 757 τὸ
806 716 997 770 ἁδρότατόν
1023 733 1063 769 γε
1079 720 1199 768 κτῆμα
1218 716 1281 764 τὴν
1301 733 1380 770 σχο-

348 782 410 829 λὴν
441 781 494 820 ἀεὶ
517 779 617 832 ὁρᾶτέ
642 794 700 828 μοι
730 779 927 828 παροῦσαν,
959 773 1049 813 ὥστε
1078 775 1138 815 καὶ
1167 779 1309 814 θεᾶσθαι
1337 774 1381 814 τὰ

348 839 524 885 ἀξιοθέατα
541 836 598 876 καὶ
619 836 754 874 ἀκούειν
771 834 815 872 τὰ
837 833 1045 879 ἀξιάκουστα
1069 833 1142 883 καί,
1175 833 1194 872 ὃ
1216 833 1380 872 πλείστου

346 898 413 948 ἐγὼ
448 899 617 946 τιμῶμαι,
658 891 840 947 Σωκράτει
870 891 1051 944 σχολάζων
1082 891 1376 945 συνδιημερεύειν.

348 956 417 996 Καὶ
449 949 541 998 οἶτος
562 952 598 991 δὲ
627 955 664 991 οὐ
693 951 770 995 τοὺς
801 952 964 990 πλεῖστον
985 952 1216 1004 ἅριθμοῧντας
1235 953 1379 1004 χρυσίον

346 1013 526 1064 θαυμάζει,
553 1012 630 1049 ἀλλ’
658 1010 691 1049 οἳ
714 1009 754 1048 ἂν
784 1010 877 1063 αὐτῷ
908 1008 1095 1061 ἀρέσκωσι,
1115 1010 1248 1054 τούτοις
1268 1009 1378 1048 συνὼν

346 1072 506 1111 διατελεῖ.
526 1064 636 1113 Οἷτος
653 1068 713 1118 μὲν
734 1062 791 1106 οὖν
810 1067 917 1112 οὕτως
934 1062 1042 1107 εἶπεν.

400 1128 625 1180 (Xenophon
656 1128 820 1168 Conviv.
848 1127 913 1175 lV,
937 1128 1080 1172 34-43.
1100 1127 1207 1165 Idem
1227 1141 1312 1179 cap.
1334 1127 1379 1175 V,

346 1192 367 1225 8
387 1204 394 1226 ι
412 1188 546 1226 δέδοικα
563 1186 629 1237 γὰρ
646 1185 702 1223 τὸν
719 1185 776 1224 σὸν
791 1184 850 1223 καὶ
858 1184 1088 1229 Ἀντισθένους
1098 1187 1261 1233 πλοῦτον,
1275 1185 1324 1236 μή
1338 1202 1382 1236 με

343 1243 662 1296 καταδυναστεύσῃ.
697 1243 795 1281 Tota
810 1243 892 1281 haec
910 1244 1149 1282 Antisthenis
1170 1244 1381 1296 disputatio

302 1333 305 1335 ,
344 1305 548 1357 perspicua
566 1298 640 1350 est,
665 1302 742 1340 nisi
762 1302 866 1352 quod
892 1302 939 1339 de
959 1302 1124 1352 singulis
1146 1303 1242 1340 locis
1262 1316 1382 1353 pauca

344 1363 516 1414 quaedam
548 1361 738 1398 monenda
765 1361 960 1399 videntur.
991 1360 1152 1398 Verba&
1175 1361 1236 1410 μὲν
1267 1363 1380 1399 αὐτῶν

343 1425 534 1475 τάρκοῦντα
567 1419 640 1472 ἔχει
661 1419 720 1458 καὶ
747 1418 997 1472 περισσεύοντα
1016 1418 1061 1457 τὰ
1080 1422 1142 1465 τῆς
1162 1419 1342 1469 δαπάνης,
1364 1422 1381 1458 ὁ

344 1482 379 1520 δὲ
414 1484 473 1519 τοῦ
506 1479 632 1522 παντὸς
667 1479 814 1516 ἐνδεῖται
847 1478 1044 1529 pertinent
1069 1478 1117 1516 ad
1145 1478 1382 1517 Antisthenis

344 1539 507 1577 amicum
528 1538 805 1586 Hermogenem
820 1566 830 1584 ,
852 1536 984 1574 Calliae
1009 1537 1179 1576 fratrem.
1197 1536 1382 1582 Quamvis

345 1606 468 1635 autem
504 1596 644 1635 Callias
683 1596 898 1633 ditissimus
944 1604 1064 1644 esset,
1102 1595 1379 1645 Hermogenem

345 1665 469 1694 tamen
485 1655 526 1692 in
542 1668 690 1693 summa
705 1663 868 1703 egestate
885 1654 1002 1691 fuisse
1016 1654 1170 1691 scimus.
1182 1653 1267 1691 Vid.
1281 1654 1379 1692 Plat.

345 1714 489 1765 Cratyl.
520 1727 559 1764 p.
593 1714 666 1757 384
697 1712 741 1759 C,
771 1713 845 1749 386
875 1714 906 1749 Α
929 1711 973 1759 Β,
998 1712 1070 1762 391
1091 1711 1133 1751 C.
1155 1711 1251 1748 Xen.
1268 1711 1381 1754 Mem.

346 1772 419 1811 lib.
454 1772 506 1819 11,
548 1785 609 1819 10,
647 1772 684 1810 3.
715 1771 907 1808 Praeterea
949 1771 1089 1822 scripsi
1109 1776 1124 1795 ²¹
1152 1768 1260 1808 πίνων
1296 1784 1382 1808 cuin

344 1830 596 1876 Schneider-03
619 1828 712 1867 libri
733 1829 836 1881 ἔχων.
853 1851 907 1859 -
921 1827 938 1852 ¹³
958 1828 1027 1879 ἐγὼ
1052 1827 1156 1871 αὐτὸς
1186 1827 1378 1880 ἀνευρίσκω

344 1902 430 1926 cum
451 1882 789 1936 Winckelmann03
810 1887 925 1927 codd.
949 1886 1017 1938 ἐγὼ
1037 1886 1078 1925 ἂν
1099 1886 1199 1930 αὐτὸς
1214 1886 1375 1938 εῧρίσκω.

343 1971 394 1978 —-
410 1952 425 1971 ⁰
441 1946 485 1998 με’
505 1949 596 2000 ἐστι;
617 1948 731 1988 codd.
755 1947 907 1997 μέτεστι.
924 1947 990 1998 -)

395 2020 444 2046 62.
475 2005 571 2059 Ὀρῶ
603 2004 669 2058 γὰρ
699 2005 830 2051 πολλὴν
859 2006 943 2057 παρ’
964 2007 1048 2055 ἡμῖν
1082 2007 1143 2051 τῆς
1174 2007 1287 2058 φακῆς
1319 2003 1382 2050 τὴν

343 2064 484 2115 σκευήν,
507 2066 555 2108 εἷς
574 2064 616 2112 ἣν
637 2064 886 2103 ἀποῦλέπουσα
917 2061 1215 2114 συμβουλεύσαιμ’
1235 2062 1276 2101 ἂν
1302 2065 1382 2113 ὑμῖν
1445 2071 1536 2104 πᾶσι
1571 2063 1718 2118 ψυχρόν.

1078 219 1385 260 CYNICORUM
1412 219 1745 262 FRAGMENTA.

1439 309 1531 349 κατὰ
1549 310 1606 348 τὸν
1628 308 1852 363 Σωκρατικὸν
1867 307 2095 358 Ἀντισθένην,
2111 307 2243 360 ἐξάγειν
2261 308 2403 356 ἑαυτοὺς
2415 312 2478 351 τοῦ

1441 368 1518 421 βίου
1538 372 1683 408 τοιαῦτα
1703 367 1937 418 σιτουμένους.

1495 427 1711 478 (Athenaeus
1732 427 1798 464 lib.
1817 425 1881 476 lV,
1906 439 1945 477 p.
1971 425 2041 474 157
2059 426 2120 478 B.)

1493 499 1540 526 ⁶³.
1571 485 1644 525 Καὶ
1664 484 1876 531 Ἀντισθένης
1895 485 1926 522 δ’
1943 486 1961 523 ὁ
1983 484 2206 536 Σωκρατικὸς
2222 485 2303 538 περὶ
2321 487 2390 525 τῶν
2407 487 2482 540 ἄρι-

1440 543 1563 582 στείων
1593 543 1638 581 τὰ
1671 541 1760 582 αὐτὰ
1785 545 1835 595 τῷ
1866 542 2034 582 Πλάτωνι
2054 544 2198 596 ἱστορεῖ.
2255 545 2333 584 Οὔκ
2355 543 2480 585 ἔστιδ’

1440 601 1563 652 ἔτυμος
1582 604 1600 640 ὁ
1618 602 1719 653 λόγος
1736 594 1844 644 οὗτος.
1859 600 2051 653 Χαρίζεται
2069 600 2137 654 γὰρ
2155 600 2216 640 καὶ
2234 603 2253 640 ὁ
2271 600 2364 641 κύων
2382 595 2483 647 οὗτος

1438 661 1553 698 πολλὰ
1583 662 1634 713 τῷ
1668 658 1873 711 Σωκράτει·
1892 658 1967 699 ὅθεν
1999 658 2170 713 οὐδετέρῳ
2199 660 2313 698 αὐτῶν
2341 660 2393 700 δεῖ
2423 672 2482 699 πι-

1442 718 1587 767 στεύειν,
1608 717 1737 757 σκοπὸν
1758 716 1902 770 ἔχοντας
1921 718 2156 767 Θουκυδίδην.
2213 716 2260 758 ‘0
2280 717 2348 772 γὰρ
2367 717 2482 759 Ἀντι-

1441 777 1560 825 σθένης
1582 776 1641 816 καὶ
1660 775 1879 829 προσεπάγει
1898 779 1941 830 τῇ
1960 776 2199 831 ψευδογραφίᾳ
2217 775 2330 828 λέγων
2354 775 2482 823 οὕτως’·

1441 853 1458 870 α
1479 838 1581 886 ἡμεῖς
1602 834 1638 874 δὲ
1657 834 1828 886 ἀκούομεν
1848 836 1912 874 κάν
1933 838 1977 888 τῇ
1996 835 2080 889 πρὸς
2097 833 2268 879 Βοιωτοὺς
2289 835 2389 889 μάχῃ
2413 837 2484 875 τᾶ-

1442 894 1574 947 ριστεῖά
1602 909 1641 932 σε
1675 892 1811 933 λαὸεῖν.
1873 893 2056 946 Εὐφήμει,
2085 887 2114 933 ὦ
2146 893 2228 939 ξένε·
2264 893 2483 935 Ἀλκιὸιάδου

1440 952 1479 991 τὸ
1514 951 1635 1004 γέρας,
1676 953 1737 990 οὐκ
1774 950 1873 1002 ε’μόν,

1441 1010 1626 1060 ἀκούομεν.
1645 1027 1661 1044 »

1496 1070 1712 1122 (Athenaeus
1731 1069 1803 1110 lib.
1824 1069 1870 1119 V,
1892 1084 1930 1122 p.
1950 1072 2025 1109 216
2043 1071 2103 1122 B.)

1495 1141 1542 1168 ⁶4.
1573 1128 1788 1176 Ἀντισθένης
1807 1128 1843 1168 δὲ
1865 1127 1926 1177 τὴν
1948 1128 2073 1177 ἡδονὴν
2090 1128 2218 1182 ἀγαθὸν
2236 1121 2324 1168 εἶναι
2340 1127 2484 1183 φάσκων

1443 1186 1639 1240 προσέθηκε
1658 1186 1721 1235 τὴν
1743 1187 2025 1237 ἀμεταμέλητον.

1498 1246 1717 1294 (Athenaeus
1735 1246 1805 1285 lib.
1822 1246 1912 1296 XII,
1930 1260 1970 1298 p.
1989 1246 2064 1284 513
2079 1248 2124 1286 A.
2143 1246 2200 1285 Cf.
2215 1244 2482 1298 Wyttenbach.

1443 1307 1490 1344 ad
1508 1306 1610 1344 Plut.
1631 1319 1749 1357 praec.
1772 1305 1904 1345 tuend.
1926 1306 2040 1346 sanit.
2058 1319 2100 1357 p.
2126 1305 2198 1354 137
2213 1305 2273 1352 B.)

1496 1378 1544 1403 65.
1561 1364 1772 1411 Ἀντισθένης
1792 1363 2052 1416 Ἤρακλείτειός
2066 1379 2119 1407 τις
2139 1363 2227 1417 ἀνὴρ
2243 1361 2284 1402 τὸ
2301 1361 2484 1417 φρόνημα,

1443 1423 1479 1467 ὃς
1494 1423 1558 1476 ἔφη
1571 1427 1632 1462 τοῦ
1646 1422 1789 1470 ἥδεσθαι
1804 1422 1843 1461 τὸ
1858 1423 2043 1474 μαίνεσθαι
2056 1425 2212 1476 κρεῖττον
2230 1416 2316 1462 εἶναι
2327 1437 2338 1448 ·
2357 1421 2408 1462 διὸ
2425 1423 2486 1465 καὶ

1444 1482 1596 1534 παρῄνει
1615 1484 1687 1526 τοῖς
1706 1481 1894 1534 γνωρίμοις
1912 1481 2086 1533 μηδέποτε
2103 1481 2209 1535 χάριν
2223 1481 2349 1530 ἡδονῆς
2366 1480 2486 1520 δάκτυ·

1443 1542 1501 1579 λον
1521 1542 1684 1579 ἐκτεῖναι.

1501 1599 1704 1651 (Eusebius
1719 1600 1847 1652 Praep.
1865 1613 2003 1651 evang.
2022 1599 2095 1638 lib.
2108 1599 2174 1639 XV
2191 1612 2275 1652 cap.
2294 1599 2355 1640 13.
2366 1599 2488 1639 Posui

1445 1656 1706 1708 Ἠρακλείτειός
1725 1675 1777 1698 τις
1796 1673 1870 1706 pro
1891 1660 2046 1705 vulgata
2064 1659 2230 1698 lectione
2249 1657 2489 1704 Ἡρακλεωτι-

1445 1713 1503 1757 κός
1520 1730 1587 1763 τις,
1601 1728 1687 1765 quae
1707 1713 1799 1751 ferri
1819 1726 1896 1751 non
1908 1721 2047 1764 potest.
2105 1712 2260 1763 Quippe
2275 1710 2396 1749 animi
2410 1711 2488 1749 ela-

1445 1772 1550 1810 tione
1587 1772 1834 1810 Antisthenes
1872 1770 2059 1809 Heracliti
2091 1770 2233 1808 similis‘
2263 1768 2485 1810 videbatur.

1443 1829 1530 1869 vid.
1561 1829 1707 1868 Philos.
1729 1828 1853 1868 Graec.
1876 1829 2026 1879 Fragm.
2053 1829 2134 1866 vol.
2162 1827 2180 1866 Ι
2205 1827 2250 1880 p.
2279 1828 2371 1869 310.
2391 1827 2489 1867 Dio-

1445 1901 1559 1938 genes
1567 1889 1745 1927 Laertius
1757 1887 1828 1926 lib.
1839 1887 1907 1935 IX,
1924 1902 1993 1925 101
2012 1902 2021 1926 ε
2035 1886 2134 1941 φύσει
2147 1902 2181 1926 τε
2197 1886 2247 1938 μὴ
2256 1879 2345 1926 εἶναι
2360 1887 2487 1940 ἀγαθὸν

1444 1945 1606 1993 ἢκακόν.
1666 1947 1712 1986 Εἰ
1743 1946 1810 1998 γάρ
1830 1945 1865 1985 τί
1895 1946 1969 1984 ἔστι
1999 1945 2099 1999 φύσει
2119 1945 2248 1996 ἀγαθὸν
2276 1944 2336 1984 καὶ
2362 1945 2489 1995 κακόν,1

1446 2012 1552 2044 πᾶσιν
1572 2004 1701 2059 ὀφείλει
1719 2004 1847 2057 ἀγαθὸν
1861 2004 1884 2052 ἢ
1902 2004 2009 2043 κακὸν
2030 2003 2213 2057 ὑπάρχειν,
2227 2002 2347 2057 ὥσπερ
2361 2007 2384 2052 ἡ
2399 2003 2488 2057 χιὼν

1782 2064 1908 2103 Κοινὸν
1936 2062 1972 2103 δὲ
2000 2061 2096 2103 οὐδὲν
2128 2062 2269 2102 πάντων
2303 2063 2432 2115 ἀγαθὸν
2462 2062 2488 2111 ἦ

1931 954 2004 993 Σοῦ
2044 968 2084 1005 γε
2132 953 2267 1003 δόντος,
2303 955 2350 998 ὥς
2382 953 2485 1006 ἡμεῖς

352 2158 2487 2179 ,——————————-———-——-———-————-—-—-·-—a

343 2217 462 2258 quippe
476 2225 550 2257 quac
571 2216 667 2248 nimis
684 2219 872 2256 sumptuosa
888 2201 966 2256 sint,
985 2216 1040 2248 sed
1062 2225 1104 2248 ex
1124 2215 1233 2248 animo
1257 2225 1384 2257 promo.

345 2275 429 2313 Quin
443 2275 541 2307 ctiam
552 2275 652 2307 multo
663 2274 735 2316 plus
748 2274 872 2306 confert
885 2274 926 2306 ad
938 2274 1151 2315 voluptatem,
1171 2274 1259 2316 quod
1278 2283 1386 2316 exspe-

345 2335 429 2366 ctato
441 2333 556 2366 edendi
569 2335 712 2374 ternpore
726 2333 796 2365 cibo
812 2333 957 2374 indigens
970 2342 1082 2365 vescor
1091 2358 1102 2373 ,
1116 2342 1214 2374 quam
1228 2333 1255 2365 si
1269 2342 1386 2373 magno

346 2393 445 2433 pretio
462 2392 610 2425 redemtis
631 2395 701 2425 utar
708 2404 718 2434 ;
737 2394 1010 2434 quemadmodum
1027 2403 1113 2426 nunc
1127 2403 1267 2435 quoque,
1285 2403 1384 2435 quum

345 2451 375 2482 in
395 2450 455 2482 hoc
473 2450 584 2482 vinum
611 2451 764 2483 Thasium
791 2451 975 2491 inciderim,
1002 2451 1077 2483 bibo
1107 2451 1189 2483 illud
1215 2451 1284 2483 sine
1321 2450 1384 2483 siti.

348 2509 517 2540 Enimvero
543 2510 795 2541 consentaneum
819 2511 881 2548 cst,
898 2509 999 2541 multo
1017 2510 1112 2542 etiam
1130 2509 1281 2549 justiores
1300 2517 1384 2548 esse,

347 2567 401 2606 qui
417 2566 572 2598 vilitatem
587 2566 692 2598 victus
709 2567 815 2607 potius
831 2575 926 2607 quam
944 2567 1109 2599 caritatem
1122 2568 1282 2608 spectant.
1303 2568 1386 2598 Nam

348 2624 467 2664 quibus
492 2624 636 2656 ‘maxime
662 2625 831 2664 praesentia
859 2624 1043 2665 sufficiunt,
1070 2625 1092 2656 ii
1122 2625 1255 2658 minime
1285 2625 1387 2657 aliena

349 2685 516 2724 appetunt.
567 2685 625 2716 Est
643 2685 751 2716 autem
771 2693 876 2725 operae
892 2685 1030 2725 pretium
1053 2686 1271 2726 considerare,
1291 2694 1386 2726 quam

352 2742 497 2773 liberales
515 2742 610 2774 etiam
627 2742 765 2774 efficiant
781 2742 929 2775 homines
951 2743 1135 2784 hujusmodi
1152 2744 1284 2776 divitiae.
1306 2746 1387 2777 Nam

350 2800 495 2832 Socrates
517 2799 579 2839 hic,
597 2808 616 2831 a
645 2809 708 2839 quo
729 2799 849 2832 divitiis
865 2800 935 2832 istis
955 2805 1068 2834 auctus
1090 2811 1175 2842 sum,
1200 2811 1253 2835 eas
1281 2811 1385 2843 neque

352 2858 584 2890 annumerabat
606 2858 683 2889 mihi
715 2867 820 2899 neque
844 2859 1065 2901 appendebat,
1089 2861 1147 2893 sed
1178 2861 1275 2893 dabat
1307 2861 1386 2894 mihi

352 2917 499 2956 tautumr,
515 2916 670 2956 quantum
687 2915 767 2948 serre
786 2918 938 2957 poteram.
984 2919 1086 2959 Atque
1100 2920 1249 2960 equidem
1269 2920 1387 2952 nemini

358 2982 427 3006 mea
457 2982 543 3006 nunc
562 2974 701 3014 invideo,
726 2974 781 3006 sed
822 2975 1049 3009 abundantiam
1089 2978 1199 3010 amicis
1235 2979 1387 3011 omnibus

350 3033 490 3075 ostento,
508 3033 540 3064 et
555 3032 652 3064 animi
671 3041 748 3074 opes
766 3033 885 3065 volenti
904 3034 1061 3075 impertio.
1108 3037 1191 3075 Quin
1205 3038 1299 3070 etiam
1320 3046 1386 3070 rem

353 3091 497 3123 omnium
527 3090 804 3131 delicatissimam,
834 3092 934 3124 otium
957 3093 1123 3135 videlicet,
1151 3105 1278 3137 semper
1300 3099 1387 3130 certe

351 3150 463 3182 adesse
482 3149 560 3181 mihi
579 3149 694 3181 videtis
706 3171 715 3186 ,
738 3150 782 3181 ita
807 3151 843 3182 ut
862 3154 999 3191 spectem
1017 3161 1088 3192 quae
1112 3155 1257 3194 spectatu
1279 3144 1311 3186 et
1327 3163 1386 3186 au·

353 3208 437 3240 diam
460 3217 532 3249 quae
549 3208 658 3240 auditu
685 3208 780 3249 digna
808 3210 884 3241 sunt
908 3213 951 3249 et,
977 3211 1062 3250 quod
1091 3212 1238 3252 equidem
1255 3213 1386 3245 maximi

351 3266 486 3306 aestimo,
510 3267 674 3299 conterere
691 3275 764 3298 cum
784 3268 911 3299 Socrate
927 3269 1011 3299 totos
1031 3269 1098 3300 dies
1111 3270 1143 3301 in
1165 3272 1232 3302 otio
1253 3272 1386 3312 possim.

352 3327 454 3366 Atque
467 3325 494 3357 is
513 3325 606 3357 etiam
624 3325 692 3367 ipse
710 3334 773 3358 non
787 3334 843 3358 eos
859 3326 1036 3358 admiratur
1054 3328 1108 3368 qui
1127 3329 1302 3368 plurimum
1316 3331 1386 3362 auri

352 3384 533 3424 numerant,
552 3383 607 3416 sed
630 3386 782 3425 perpetuo
795 3393 870 3416 cum
885 3384 924 3417 iis
937 3387 1082 3418 versatur
1095 3387 1150 3427 qui
1170 3387 1231 3428 ipsi
1249 3387 1383 3428 placent.

354 3440 414 3472 Hic
428 3441 521 3482 igitur
532 3451 570 3475 eo
586 3442 681 3474 modo
696 3442 820 3475 locutus
832 3445 886 3476 est.

1487 2219 1539 2246 62.
1562 2213 1665 2246 Video
1677 2213 1763 2246 enim
1779 2212 1866 2254 apud
1883 2221 1942 2244 vos
1954 2210 2161 2252 multiplicem
2179 2210 2312 2243 lentium
2324 2212 2502 2246 coctarum

1427 2289 1434 2303 .·
1446 2274 1653 2315 apparatum,
1671 2272 1705 2304 in
1721 2280 1817 2314 quem
1835 2270 1949 2303 intuita
1965 2269 2122 2302 suaserim
2135 2269 2228 2302 vobis
2243 2268 2422 2302 secundum
2432 2271 2489 2302 So-

1448 2332 1602 2364 craticum
1630 2331 1870 2370 Antisthenem,
1887 2331 1927 2362 ut
1947 2330 2093 2362 mortem
2118 2327 2214 2361 vobis
2245 2329 2489 2370 consciscam,-

1446 2398 1556 2432 quum
1576 2389 1709 2422 talibus
1726 2390 1924 2422 vescamini.

1488 2454 1540 2482 63.
1564 2449 1627 2482 Sed
1651 2448 1856 2482 Antisthenes
1872 2457 2000 2489 quoque
2018 2446 2202 2481 Socraticus
2227 2446 2269 2480 de
2293 2445 2489 2480 tortitudinis

1447 2508 1587 2550 praemiis
1613 2507 1725 2540 eadem
1745 2515 1819 2548 quae
1839 2506 1930 2539 Plato
1958 2506 2064 2538 tradit.
2094 2507 2136 2538 At
2150 2513 2216 2537 non
2239 2505 2288 2537 est
2322 2508 2403 2538 vera
2425 2505 2490 2538 im

1447 2567 1597 2600 narratio.
1642 2568 1724 2599 Nam
1750 2566 1852 2598 multa
1871 2565 1967 2598 etiam
1993 2565 2045 2597 hic
2062 2564 2152 2597 canis
2169 2571 2243 2605 quae
2259 2563 2382 2597 socrati
2398 2565 2490 2605 grata

1448 2630 1525 2659 sunt
1550 2627 1579 2660 ei
1594 2626 1727 2667 tribuit;
1744 2625 1954 2667 quamobrem
1978 2624 2084 2658 neutri
2111 2632 2226 2657 eorum
2254 2622 2352 2656 fldem
2379 2623 2488 2657 haberi

1426 2687 1590 2741 ..oporteh
1610 2694 1711 2727 quum
1737 2693 1845 2717 rerum
1865 2685 2025 2725 gestarum
2047 2682 2307 2723 investigatorem
2322 2681 2488 2724 Thucydie

1446 2745 1519 2776 dem
1540 2744 1724 2776 habeamus.

1432 2812 1518 2846 urum
1535 2802 1740 2844 explicationi
1757 2803 1828 2834 haec
1847 2810 1974 2844 quoque
1991 2800 2089 2833 verba
2111 2799 2254 2840 adjungit
2271 2811 2280 2832 =
2297 2811 2314 2827 α
2327 2801 2393 2832 Nos
2411 2807 2488 2832 vero

1768 2743 1894 2776 Etenim
1910 2742 2115 2774 Antisthenes
2128 2750 2234 2774 rerum
2249 2740 2487 2774 commenticia·

1446 2860 1605 2901 audimus,
1627 2863 1658 2892 et
1671 2859 1705 2892 in
1721 2859 1835 2901 proelio
1847 2868 1921 2891 cum
1935 2859 2055 2892 Boeotis
2068 2858 2240 2891 commisso
2250 2859 2282 2891 te
2292 2853 2488 2891 fortitudinis

1446 2919 1579 2961 praemia
1597 2918 1718 2951 tulisse.
1740 2919 1829 2951 Bona
1846 2917 1963 2958 verba,
1982 2926 2113 2959 quaese,
2127 2925 2148 2950 o
2163 2917 2283 2959 hospes
2289 2927 2301 2958 ;
2319 2915 2488 2950 Alcibiadis

1446 2980 1497 3011 est
1511 2978 1625 3017 honor,
1639 2986 1704 3010 non
1717 2985 1821 3010 meus,
1864 2977 1959 3010 Certe
1973 2977 2006 3008 te
2020 2975 2226 3016 concedente,
2239 2976 2278 3008 ut
2286 2982 2347 3008 nos
2358 2973 2488 3016 quidem

1448 3037 1641 3078 accepimus.
1659 3049 1676 3065 ιι
1966 3067 1978 3074 ,
2474 3037 2486 3045 ’“

1488 3098 1540 3128 64.
1564 3096 1773 3129 Antisthenes
1801 3103 1876 3128 vero
1903 3094 2102 3136 voluptatem
2128 3093 2238 3126 dicens
2257 3100 2329 3126 esse
2343 3091 2487 3132 bonnm,

1447 3155 1539 3195 cujus
1558 3164 1620 3187 non
1641 3155 1792 3196 poeniteat
1807 3154 1940 3187 addidit.

1488 3219 1539 3247 65.
1564 3215 1770 3247 Antisthenes
1789 3214 1839 3246 vir
1854 3213 1951 3246 animi
1964 3213 2102 3246 elatione
2126 3210 2341 3250 Heracliteus,
2361 3209 2416 3251 qui
2435 3209 2487 3243 di-

1445 3273 1535 3305 cebat
1556 3273 1656 3305 satius
1684 3282 1752 3305 esse
1770 3273 1907 3305 insanire
1930 3281 2029 3314 quam
2044 3270 2216 3311 oblectari,
2235 3267 2373 3309 ideoque
2388 3266 2486 3300 etiam

1445 3331 1619 3373 discipulos
1638 3332 1835 3373 hortabatur,
1850 3341 1891 3365 ne
1912 3339 2053 3373 unquam
2077 3324 2298 3363 delectationis
2315 3333 2410 3360 musa
2434 3327 2485 3358 di-

1444 3390 1544 3429 gitum
1558 3390 1775 3424 extenderent.
