2638 3840
315 252 363 284 58
677 299 680 303 y
1156 242 1627 285 PYTHAGOREORUM
1664 294 1667 297 y

313 333 452 372 πάντων
468 334 536 371 τῶν
548 334 687 384 ἀγαθῶν
705 331 1065 384 συμπεπληρωμένον.
1123 333 1239 371 Τοῦτο
1260 332 1296 370 δὲ
1310 325 1354 380 ἦν

313 393 351 432 τὸ
378 393 418 431 ἐκ
435 394 503 430 τῶν
525 394 629 444 τριῶν
661 394 789 443 γενῶν,
814 392 876 429 οὐκ
901 392 1023 443 ὀρθῶς.
1077 391 1132 430 06
1153 390 1219 443 γὰρ
1239 390 1356 430 πάντα

311 450 446 501 τάγαθὰ
467 450 555 502 μέρη
569 450 701 502 γίνεται
719 453 779 488 τοῦ
795 450 932 492 τέλους
954 447 1033 487 οὔτε
1052 448 1119 502 γὰρ
1148 450 1354 500 σωματικά,

313 508 391 549 οὔτε
411 510 456 549 τὰ
483 509 551 547 ἀπὸ
571 512 640 548 τῶν
668 508 786 556 ἐκτός,
814 508 859 546 τὰ
894 507 929 546 δὲ
959 525 1021 554 της
1053 510 1205 561 ψυχικῆς
1231 510 1356 562 ἄρετ’ἥς

312 570 533 621 ἐνεργήματα
559 568 678 619 μόνης.
739 570 904 620 Κρεῖττον
925 560 1029 605 οὖν
1007 570 1047 614 ἠν
1069 568 1177 605 εἰπεῖν
1198 568 1274 606 ἀντὶ
1295 571 1355 606 τοῦ

312 627 650 680 συμπληρούμενον,
670 626 935 676 ἐνεργούμενον,
958 625 1016 664 ίνα
1033 625 1072 664 τὸ
1091 626 1281 678 χρηστικὸν
1294 630 1356 673 τῆς

313 689 438 739 ἀρετῆς
458 687 682 739 ἐμφαίνηται.
741 687 853 724 Τοῦτο
873 685 904 722 δ’
922 686 953 722 οἱ
973 687 1052 722 κατ’
1068 684 1279 738 Ἐπίκουρον
1300 701 1355 739 φι-

311 747 533 799 λοσοφοῦντες
560 746 597 783 06
614 742 991 796 προσδέχονταιλέγειν
1009 742 1274 796 ἔνεργούμενον,
1299 744 1355 784 διὰ

311 805 349 843 τὸ
370 804 560 851 παθητικὸν
580 802 802 841 ὑποτίθεσθαι
825 801 866 840 τὸ
888 802 1007 849 τέλος,
1029 803 1068 840 06
1091 802 1284 855 πρακτικόν
1305 809 1352 834 ²7·

310 863 415 912 ἡδονὴ
436 863 526 938 γάρ·
556 861 630 900 ὅθεν
654 861 714 900 καὶ
744 860 807 909 τὴν
833 859 966 899 ἔννοιαν
987 861 1194 913 ἀποδιδόασι
1220 866 1279 901 τοῦ
1300 862 1357 900 τέ-

309 925 387 967 λους
413 923 454 961 τὸ
474 922 607 966 οἰκείως
627 923 858 960 διατεθεῖσθαι
882 919 913 944 ²⁸
939 920 973 966 ἐξ
997 923 1120 960 ἑαυτοῦ
1151 920 1237 972 πρὸς
1253 921 1356 960 αυτὸν

309 982 415 1044 γωρὶς
434 985 496 1028 τ’ἧς
509 982 563 1020 ἐπ’
583 979 669 1019 ἄλλο
685 995 719 1018 τι
745 979 894 1031 ἀγούσης
910 986 944 1011 ²⁹
961 980 1126 1028 ἕπιὸολῆς
1143 978 1187 1020 3⁰.
1215 982 1269 1021 Τὸ
1290 981 1352 1032 μὲν

310 1045 368 1080 οὖν
392 1040 503 1090 ὄνομα
523 1043 583 1078 τοῦ
603 1039 720 1083 τέλους
739 1037 936 1091 εἱρίσκεται
965 1039 1025 1078 καὶ
1044 1039 1128 1092 παρ’
1143 1039 1294 1094 εΟμήρῳ
1322 1039 1353 1064 3¹

310 1120 326 1137 «ι
347 1103 384 1139 οὗ
414 1100 480 1161 γὰρ
513 1098 622 1150 ἔγωγέ
648 1098 683 1137 τί
718 1114 809 1151 φημι
830 1099 927 1142 τέλος
953 1098 1177 1152 χαριέστερον
1212 1084 1314 1138 εἶναι,
1339 1118 1355 1133 ι»

310 1160 402 1199 Ἀλλ’
429 1162 527 1202 οὗτος
546 1157 607 1208 μὲν
623 1157 790 1208 δημοτελὲ
794 1173 809 1200 ς
827 1156 992 1209 εἰσήγαγε
1013 1156 1052 1195 τὸ
1071 1156 1186 1204 τέλος,
1203 1157 1356 1195 Πλάτων

313 1219 347 1258 δὲ
369 1216 514 1262 διέστιξε
533 1218 670 1268 πρῶτος
688 1215 728 1254 τὸ
754 1218 834 1255 κατ’
856 1215 966 1269 ἄνδρα
984 1215 1044 1254 καὶ
1064 1216 1136 1268 βίον
1155 1216 1299 1264 ἰδιάζον,
1321 1217 1356 1255 ἔν

308 1293 346 1316 τε
369 1278 419 1315 τῶ
438 1274 581 1328 Τιμαίῳ
603 1276 664 1314 καὶ
683 1277 733 1313 τῶ
759 1273 1036 1328 Πρωταγόρᾳ32
1040 1305 1050 1322 ,
1068 1274 1129 1313 καί
1145 1291 1184 1327 γε
1205 1275 1269 1322 τὴν
1298 1292 1357 1315 του

310 1338 441 1374 σκοποῦ
456 1334 623 1387 διαφορὰν
641 1333 756 1386 πρὸς.
739 1350 780 1373 το
788 1333 898 1378 τέλος.
959 1333 1068 1374 Καὶ”
1050 1350 1123 1372 εστι
1138 1334 1266 1379 σκοπὸς
1283 1335 1358 1385 μέν,

310 1394 349 1433 τὸ
367 1392 594 1447 προκείμενον
618 1394 665 1437 εἷς
683 1392 723 1431 τὸ
743 1395 882 1445 τυχεῖν,
903 1385 974 1431 οἷον
993 1392 1096 1436 ἀσπις
1111 1392 1285 1438 τοξόταις·
1299 1394 1355 1431 τέ-

310 1455 368 1497 λος
385 1451 444 1499 δέ,
462 1467 523 1489 του
537 1450 768 1512 προκειμένου
787 1450 913 1496 τεῦξις.
971 1451 1161 1490 Βούλονται
1178 1452 1246 1504 γὰρ
1263 1451 1358 1504 ἐνέρ-

311 1524 410 1584 γημα
433 1510 601 1562 ἡμέτερον
619 1513 707 1548 εἰναι
734 1509 818 1562 πρὸς
836 1508 876 1548 τὸ
896 1508 1006 1553 τέλος.
1066 1508 1273 1585 Ὑποτελὲςυ
1270 1508 1303 1533 33
1326 1511 1357 1549 δ’

311 1569 385 1607 ἐστὶ
398 1567 438 1606 τὸ
457 1571 594 1621 πρῶτον
614 1567 674 1606 καὶ
688 1571 814 1607 οἰκεῖον
826 1583 885 1607 rou
907 1567 994 1621 ζώου
1012 1568 1137 1616 πάθος,
1154 1569 1213 1622 ἀφ’
1234 1572 1272 1607 ου
1289 1585 1356 1608 κα-

311 1626 461 1679 τήρξατο
482 1627 767 1666 συναισθάνεσθαι
786 1626 826 1665 τὸ
843 1629 929 1679 ζῶον
942 1643 1004 1674 της
1019 1627 1218 1671 συστάσεως
1235 1629 1355 1675 αὐτου,

313 1685 413 1725 οὔπω
443 1687 599 1737 λογικόν,
632 1687 710 1724 ἀλλ’
728 1685 804 1724 ἄλο
793 1702 873 1738 γον
893 1686 984 1725 κατὰ
1010 1685 1087 1730 τους
1106 1686 1269 1738 φυσικους
1296 1686 1357 1725 καὶ

312 1745 570 1798 σπερματικους
583 1743 758 1797 λόγους,“
733 1760 853 1797 ωσπερ
867 1744 906 1783 τὸ
922 1744 1103 1797 θρεπτικον
1115 1745 1173 1783 καὶ
1186 1745 1224 1783 τὸ
1239 1747 1356 1791 αἰσθη-

309 1822 402 1844 τικον
424 1805 485 1844 καὶ
505 1809 574 1844 τῶν
595 1806 758 1844 τοιούτων
777 1805 923 1843 ἕκαστον
952 1804 1046 1858 ῥίζης
1069 1804 1174 1844 τόπον
1205 1805 1355 1858 ἐπέχον,

309 1865 445 1902 οὐδέπω
464 1867 585 1918 φυτοῦ.
644 1866 672 1903 Γ
675 1879 834 1912 ενοαενον
849 1863 917 1916 γὰρ
936 1863 976 1902 τὸ
999 1866 1085 1916 ζῷον
1107 1863 1266 1918 ιξοηιειύθη
1286 1863 1354 1902 τινὶ

309 2022 387 2053 nihil
408 2022 573 2054 reseratur,
619 2022 827 2054 Recentiores
851 2022 960 2053 autem
987 2021 1208 2062 Peripatetici,
1223 2020 1356 2054 Critolai

309 2081 472 2123 discipuli,
502 2081 586 2122 quod
617 2081 766 2113 omnibus
788 2081 881 2113 bonis
914 2082 1143 2122 compleretur,
1162 2083 1355 2122 posuerunt3

309 2141 411 2173 tribus
429 2141 579 2173 videlicet
604 2141 762 2172 bonorum
789 2140 978 2181 generibus;
1006 2140 1061 2172 scd
1091 2140 1184 2172 male.
1229 2140 1356 2172 Etenim

308 2209 372 2232 non
400 2200 507 2232 omnia
536 2199 622 2232 bona
647 2199 720 2231 finis
750 2201 858 2240 partes
877 2202 973 2238 sunt,
995 2199 1072 2240 quia
1093 2197 1199 2240 neque
1217 2199 1358 2240 corporis

308 2260 383 2292 sunt
401 2268 504 2299 neque
521 2259 675 2298 fortunae,
689 2258 744 2290 sed
770 2258 868 2290 solius
886 2258 984 2290 animi
1008 2258 1139 2290 virtutis
1166 2259 1355 2291 functiones.

309 2319 465 2357 Quocirca
480 2318 639 2350 debebant
653 2327 710 2359 pro
726 2318 960 2358 compleretur
973 2317 1079 2349 dicere
1093 2316 1303 2358 efficeretur,
1321 2319 1358 2349 ut

309 2378 440 2410 vii-tutis
461 2387 555 2409 nsum
576 2377 795 2409 ostenderent.
842 2377 992 2418 Epicurei
1022 2385 1099 2409 sane
1124 2377 1184 2408 hoc
1202 2375 1356 2417 efficiens

308 2447 370 2469 non
389 2437 583 2476 admittunt,
600 2439 768 2478 propterea
782 2436 870 2477 quod
885 2437 917 2468 in
938 2435 1089 2476 patiendo
1107 2435 1204 2468 linem
1216 2460 1225 2476 ‚
1247 2436 1356 2468 nonin

309 2495 430 2534 agendo
444 2497 570 2535 ponunt
595 2504 602 2525 :
622 2494 771 2535 voluptas
791 2493 877 2525 enim
901 2493 940 2526 iis
961 2493 1031 2525 finis
1050 2494 1099 2525 est
1116 2502 1125 2525 :
1146 2493 1356 2533 quamobrem

309 2554 381 2586 sinis
410 2554 572 2585 notionem
593 2562 662 2584 esse
689 2553 804 2585 volunt
832 2553 1034 2584 commodam
1064 2552 1202 2592 alicujus
1227 2561 1300 2592 erga
1322 2561 1357 2584 se

309 2611 510 2643 affectionem
530 2611 597 2642 sine
616 2610 679 2642 ulla
701 2611 833 2642 alterius
851 2611 894 2642 rei
912 2610 1180 2642 consideratione.
1229 2612 1276 2642 Ac
1293 2620 1354 2642 vox

309 2670 438 2710 quidem
451 2671 535 2705 τέλος
549 2670 644 2701 etiam
667 2669 752 2710 apud
774 2671 951 2701 Homerum
969 2670 1074 2701 exstat
1092 2677 1100 2696 ι
1121 2668 1158 2700 οὐ
1180 2668 1239 2710 γὰρ
1258 2668 1357 2709 ἔγωγέ

309 2729 337 2760 τί
359 2741 436 2770 φημι
455 2730 540 2765 τέλος
558 2729 757 2770 χαριέστερον
774 2729 863 2760 εἶναι.
906 2730 1030 2760 Verum
1061 2727 1113 2759 hic
1139 2727 1266 2768 quidem
1288 2736 1354 2758 rem

309 2788 453 2820 omnium
473 2796 675 2819 communem
694 2788 824 2829 attulit,
838 2788 931 2819 Plato
947 2788 1054 2819 autem
1072 2786 1195 2828 primus
1213 2786 1356 2826 proprios

311 2857 367 2888 pro
392 2855 597 2887 personarum
627 2855 664 2877 ac
685 2847 762 2878 vitae
788 2854 902 2886 genere
924 2846 999 2877 sines
1027 2847 1060 2877 in
1080 2845 1202 2877 Timaeo
1225 2846 1257 2876 et
1276 2847 1355 2876 Pro-

310 2908 418 2946 tagora
434 2905 581 2937 distinxit
595 2929 604 2944 ,
625 2914 685 2936 nec
704 2914 768 2936 non
785 2905 872 2945 scopi
888 2907 920 2936 et
936 2904 1008 2936 finis
1025 2904 1195 2936 discrimen
1211 2903 1354 2936 tradidit.

311 2968 365 2997 Est
381 2965 465 2996 enim
492 2972 608 3004 scopus
626 2963 755 3003 quidem
776 2963 861 3004 quod
880 2963 1005 3003 assequi
1032 2963 1194 3003 cupimus,
1224 2964 1260 2994 ut
1279 2971 1355 2994 scu-

313 3026 381 3055 lum
399 3025 495 3055 metae
524 3023 625 3054 instar
646 3022 814 3062 sagittariis
832 3022 1050 3062 propositnm;
1069 3021 1139 3053 linis
1165 3022 1273 3053 autem
1290 3021 1355 3061 ipsa

317 3083 362 3115 rei
381 3081 550 3123 propositae
571 3080 710 3121 adeptio.
755 3080 803 3112 Ad
831 3079 927 3111 tinem
946 3082 1029 3111 enim
1048 3079 1281 3120 assequendum
1302 3088 1357 3110 no-

312 3144 411 3174 stram
440 3149 570 3182 operam
601 3140 778 3180 requirunt.-
823 3138 952 3170 indoles
979 3141 1086 3171 autem
1119 3141 1165 3169 est
1193 3138 1295 3178 prima
1325 3128 1356 3169 et

311 3202 436 3243 propria
460 3198 606 3231 animalis
628 3197 754 3229 affectio
775 3205 839 3237 qua
858 3196 1043 3237 impellitur,
1063 3205 1102 3227 ex
1122 3205 1187 3237 qua
1216 3188 1356 3236 corporis

311 3259 358 3290 sui
390 3265 575 3298 compagem
596 3255 709 3294 sentit,
727 3254 868 3285 nondum
899 3253 1029 3286 rationis
1055 3262 1186 3294 compos
1213 3254 1354 3293 sactum,

311 3317 366 3349 sed
387 3325 424 3348 ea
444 3315 552 3347 adhuc
571 3322 703 3353 carens,
724 3322 742 3345 e
758 3314 882 3344 naturae
899 3314 930 3344 et
947 3312 1101 3353 prosapiae
1121 3321 1188 3343 suae
1210 3312 1332 3352 legibus
1344 3337 1353 3352 ‚

314 3375 400 3407 velut
418 3373 580 3406 nutriendi
600 3375 632 3405 et
650 3372 809 3404 sentiendi
829 3372 962 3404 facultas
979 3371 1176 3411 aliarumque
1202 3371 1353 3402 similium

312 3442 511 3475 unaquaeque
523 3457 533 3473 ,
551 3432 708 3471 radicum,
723 3440 787 3463 non
803 3431 906 3472 ipsius
920 3430 1050 3472 plantae,
1068 3430 1170 3462 vicem
1191 3429 1351 3461 obtinens.

316 3492 442 3524 Etenim
467 3491 661 3532 simulatque
677 3489 819 3529 genitum
839 3489 889 3521 est
911 3487 1048 3527 animal,
1073 3494 1111 3520 ea
1135 3486 1203 3527 ejus
1230 3486 1354 3518 indoles

1414 332 1553 377 πάντως
1582 331 1679 377 εὐθὺς
1698 333 1732 379 ἐξ
1758 334 1891 386 ἀρχῆς,
1917 332 2002 385 ὅπερ
2025 332 2119 373 ἐστὶν
2137 331 2319 380 ὗποτελές,
2343 334 2458 372 κεῖται

1415 392 1445 430 δ’
1466 392 1501 430 ἔν
1520 407 1588 431 τινι
1604 394 1672 430 τῶν
1690 395 1812 446 τριῶν·
1833 392 1856 440 ἢ
1880 392 1948 445 γὰρ
1967 393 2003 430 ἐν
2017 394 2147 445 ἡδονῇ,
2160 391 2184 440 ἢ
2198 393 2233 431 ἐν
2253 390 2430 445 ἀοχλησίᾳ
2443 421 2456 439 ,

1414 448 1437 496 ἢ
1457 451 1491 488 ἐν
1506 453 1578 496 τοῖς
1600 449 1750 506 πρώτοις
1773 451 1865 489 κατὰ
1882 451 1999 505 φύσιν.
2057 453 2191 505 Πρῶτα
2216 452 2247 490 δ’
2266 451 2341 490 ἐστὶ
2366 449 2460 491 κατὰ

1415 508 1537 562 φύσιν,
1556 509 1636 563 περὶ
1655 509 1718 560 μὲν
1732 509 1771 548 τὸ
1791 513 1893 560 σῶμα
1916 509 1983 555 ἕξις
1995 541 2006 563 ,
2028 511 2163 559 κίνησις
2175 540 2187 561 ,
2201 509 2342 563 σχέσις,
2363 509 2460 562 ἐνέρ-

1413 582 1509 618 γεια,
1531 567 1692 618 δύναμις,
1725 568 1850 622 ὄρεξις,
1876 568 2008 620 ὑγίεια,
2037 569 2161 622 ἰσχύς,
2198 568 2329 616 secti«,
2358 569 2462 608 εὐαι-

1414 626 1562 675 σθησία,
1584 627 1729 676 κάλλος,
1744 628 1867 680 τάχος,
1891 627 2051 681 ἀρτιότης
2065 659 2075 676 ,
2094 630 2130 667 αἱ
2149 630 2211 675 τῆς
2229 630 2377 674 ζωτικῆς
2392 628 2461 679 ἃρ-

1417 686 1538 735 μονίας
1574 686 1774 733 ποιότητες·
1812 687 1892 739 περὶ
1923 686 1958 725 δὲ
1990 687 2054 734 τὴν
2087 686 2227 741 ψυχήν,
2255 686 2460 739 themata,

1417 742 1540 798 εὐφυια
1559 743 1605 794 ³⁴,
1637 745 1848 808 φιλοπονία,
1880 746 2052 798 ἓπιμονη,
2083 746 2226 798 μνήμη,
2257 745 2301 786 τὰ
2330 745 2463 791 τούτοις

1415 804 1672 858 παραπλήσια,
1695 809 1744 844 ὧν
1776 805 1913 843 οὐδέπω
1932 806 2124 858 τεχνοειδὲς
2144 804 2242 843 οὐδέν
2252 803 2462 856 ,σύμφυτον

1412 863 1452 903 δὲ
1474 866 1620 915 μᾶλλον.
1675 863 1750 910 Τὴν
1781 865 1811 902 δ’
1830 864 2019 903 ὑποτελίδα
2039 862 2072 888 3⁵
2089 867 2157 903 τῶν
2178 863 2333 917 ἀρχαίων
2353 863 2464 908 οὗδεις

1417 922 1622 973 ὠνόμασεν,
1643 923 1758 962 καίτοι
1780 923 1818 961 τὸ
1849 929 2000 975 πρᾶγμα
2027 923 2311 974 γιγνωσκόντων,
2338 922 2403 978 τὴν
2430 925 2461 962 δ’

1417 982 1640 1033 εὐδαιμονίαν
1661 984 1875 1032 συνωνυμεῒν
1904 984 1955 1020 τῶ
1975 982 2069 1021 τέλει
2095 982 2270 1034 λέγουσιν.
2328 983 2464 1021 Εὐδαι-

1418 1043 1521 1091 μονία
1554 1041 1582 1079 δ’
1604 1040 1678 1080 ἐστὶ
1701 1040 1740 1079 τὸ
1761 1041 1902 1093 ἄριστον
1927 1042 1965 1079 ἐν
1991 1043 2041 1094 τῷ
2066 1040 2151 1094 βίω,
2178 1041 2202 1088 ἢ
2230 1040 2271 1080 τὸ
2300 1039 2462 1092 μέγιστον

1416 1102 1485 1138 τῶν
1501 1101 1667 1151 ἀγαθῶν,
1685 1098 1708 1146 ἢ
1728 1098 1768 1137 τὸ
1794 1099 1997 1151 κράτιστον.
2057 1101 2182 1139 Ἰαυτα
2207 1099 2276 1153 γάρ
2292 1101 2367 1139 ἐστι
2393 1102 2464 1139 τῶν

1417 1158 1496 1210 περὶ
1512 1159 1620 1206 αὖτης
1636 1157 1859 1208 ἐννοημάτων
1874 1158 2109 1211 ἁπλούστερα.
2168 1157 2247 1198 Κᾶν
2261 1159 2346 1212 λέγῃ
2364 1158 2403 1197 δέ
2413 1174 2465 1204 τις

1419 1216 1662 1270 μακαριότητα
1674 1233 1734 1255 και
1748 1216 1788 1256 τὸ
1802 1217 1983 1270 μακαρίως
1999 1219 2083 1268 ζῆν,
2098 1218 2147 1261 εἷς
2157 1217 2199 1256 τὸ
2213 1216 2298 1256 αὐτὸ
2317 1218 2465 1269 συνδρα·

1419 1282 1536 1327 μεῖται
1557 1279 1627 1320 τοῖς
1645 1276 1802 1320 τελικοῖς.
1858 1276 2150 1329 Προσδιαιρετέον
2176 1270 2247 1316 ουν.
2277 1275 2362 1315 Τῶν
2383 1275 2463 1328 περὶ

1417 1335 1537 1379 τέλους
1554 1334 1804 1387 διαλεχθέντων
1829 1336 1861 1374 οἱ
1877 1335 1940 1386 μὲν
1956 1334 2107 1388 ψυχικὸν
2122 1328 2212 1373 εἶναι
2225 1334 2466 1384 διενοήθησαν,

1418 1393 1450 1430 οἱ
1471 1393 1505 1430 δὲ
1525 1393 1746 1442 σωματικόν,
1766 1394 1797 1431 οἱ
1815 1392 1851 1432 δὲ
1871 1393 1993 1444 μικτὸν
2013 1392 2047 1437 ἐξ
2067 1396 2214 1447 ἀμφοῖν.
2271 1393 2413 1447 Φράσω
2427 1393 2463 1432 δὲ

1400 1452 1706 1504 παραδείγματος
1734 1453 1857 1504 χάριν·
1891 1455 1909 1490 ὃ
1944 1451 2006 1503 μὲν
2028 1451 2142 1490 τοίνυν
2171 1451 2298 1505 ἀρετὴν
2331 1452 2463 1506 λέγων,

1419 1514 1511 1550 τοῦτ’
1533 1510 1628 1550 ἔστιν
1656 1513 1690 1550 ἓν
1712 1513 1819 1564 ἀρετῇ
1837 1510 2016 1562 κείμενον,
2036 1510 2187 1564 ψυχικὸν
2215 1511 2426 1564 υπείληφεν·
2447 1513 2467 1550 ὁ

1420 1571 1449 1608 δ’
1467 1571 1611 1618 ἡδονήν,
1640 1570 1866 1621 σωματικόν·
1884 1574 1902 1609 ὁ
1922 1570 1959 1608 δὲ
1979 1586 2019 1609 το
2037 1572 2155 1614 καλῶς
2173 1570 2234 1610 καὶ
2255 1570 2364 1618 ἡδέως
2382 1572 2465 1619 ζῆν,

1420 1629 1547 1668 κοινόν.
1606 1628 1712 1668 Εἴποι
1729 1630 1760 1668 δ’
1782 1629 1823 1668 ἄν
1839 1645 1891 1675 τις
1908 1629 2095 1678 κάκείνως,
2117 1631 2148 1668 οἱ
2169 1629 2233 1680 μὲν
2251 1630 2414 1682 λογικόν,
2434 1631 2466 1669 ot

1420 1686 1449 1724 δ’
1480 1687 1627 1737 ἄλογον,
1665 1688 1697 1725 οἳ
1731 1686 1794 1737 μὲν
1835 1689 2072 1735 διανοητικόν,
2120 1690 2153 1728 οἱ
2188 1687 2225 1726 δὲ
2256 1687 2464 1735 παθητικόν.

1419 1745 1545 1793 Πάντα
1565 1747 1602 1785 δὲ
1621 1745 1718 1793 τὴν’
1703 1762 1739 1784 εν
1759 1747 1892 1792 τούτοις
1908 1747 2107 1798 ὀνόμασιν*
2089 1763 2214 1800 εχοντα
2233 1747 2400 1801 διαφορὰν
2419 1749 2467 1792 εἷς

1420 1804 1527 1843 ταύτὸ
1555 1805 1746 1857 συντρέχει.
1806 1804 1874 1845 Ἐκ
1894 1805 1961 1858 γὰρ
1995 1805 2156 1857 σώματος
2174 1805 2235 1845 καὶ
2264 1807 2380 1859 ψυχῆς
2404 1822 2467 1846 του

1421 1862 1602 1916 ἀνθρώπου
1623 1853 1852 1912 συνεστῶτος,
1873 1864 2009 1915 ἀνάγκη
2028 1863 2090 1902 καὶ
2106 1862 2169 1911 τὴν
2195 1864 2340 1910 εὖζωιαν
2362 1866 2467 1904 abt-03

1419 2026 1487 2062 est,
1501 2022 1538 2054 ut
1555 2022 1664 2054 statim
1683 2022 1724 2054 ab
1743 2008 1834 2054 initio
1855 2022 1902 2054 rei
1922 2022 2018 2055 alicui
2041 2031 2172 2063 prorsus
2186 2022 2386 2056 adhaerescat
2407 2032 2466 2064 po-

1418 2081 1545 2121 sitaque
1561 2081 1603 2112 sit
1624 2081 1655 2112 in
1677 2081 1913 2114 horumtrium
1936 2082 2044 2123 aliquo
2065 2081 2260 2123 expetendo,
2282 2082 2467 2124 voluptate,

1418 2139 1693 2181 perturbationum
1722 2140 1884 2173 vacuitate
1912 2141 1962 2173 vel
1997 2141 2028 2173 in
2061 2141 2170 2182 primis
2199 2142 2335 2173 naturae.
2382 2142 2466 2174 sunt

1418 2201 1524 2230 autem
1541 2200 1643 2240 prima
1660 2200 1784 2231 naturae
1803 2199 1835 2231 in
1860 2208 1992 2240 corpore
2015 2199 2144 2240 quidem
2163 2199 2370 2239 constitutio,
2393 2208 2465 2231 mo-

1419 2260 1470 2288 tus
1481 2280 1490 2295 ,
1513 2257 1660 2298 habitus,
1677 2258 1795 2289 functio
1807 2282 1817 2298 ‚
1835 2257 1968 2289 facultas
1978 2282 1987 2297 ,
2007 2258 2166 2298 appetitus
2179 2281 2188 2297 ‚
2202 2259 2322 2290 sanitas
2332 2281 2343 2298 ‚
2355 2258 2466 2298 robur,

1419 2315 1612 2347 valetudinis
1630 2316 1814 2356 integritas,
1829 2324 1982 2348 sensuum
2003 2316 2104 2356 vigor,
2129 2316 2356 2357 pulchritudo,
2376 2317 2462 2349 cele-

1419 2374 1519 2415 ritas,
1537 2375 1757 2406 membrorum
1781 2375 2003 2415 incolumitas,
2026 2374 2202 2407 harmoniae
2228 2375 2335 2408 vitalis
2360 2376 2464 2416 quali-

1419 2434 1499 2465 tates
1507 2445 1517 2474 3
1535 2432 1619 2464 circa
1640 2432 1783 2464 animum
1803 2441 1880 2464 vero
1903 2433 2080 2472 sagacitas,
2105 2433 2268 2473 sollertia,
2294 2433 2464 2474 industria,

1419 2491 1673 2533 perseverantia,
1703 2490 1858 2523 memoria
1883 2493 1915 2523 et
1938 2491 1988 2523 his
2007 2491 2142 2531 similia,
2162 2501 2236 2533 quoe
2261 2492 2369 2524 omnia
2398 2500 2464 2526 non

1417 2551 1486 2582 arte
1508 2551 1676 2591 parantur,
1702 2549 1758 2582 sed
1786 2551 1911 2582 naturae
1942 2551 2046 2590 potius
2082 2551 2235 2583 beneficio
2262 2551 2463 2591 contingunt.

1419 2610 1510 2641 Hanc
1522 2618 1597 2641 sane
1613 2608 1753 2641 indolem
1767 2617 1862 2640 nemo
1879 2609 2085 2649 antiquorum
2104 2610 2301 2649 nominavit,
2315 2610 2465 2652 quamvis

1418 2676 1482 2699 rem
1519 2667 1678 2707 cognitam
1712 2667 1896 2707 habuerint,
1931 2667 2115 2700 felicitatem
2142 2676 2220 2700 vero
2253 2667 2340 2700 idem
2377 2668 2463 2710 quod

1417 2726 1512 2758 tinem
1543 2726 1647 2758 valere
1674 2725 1799 2757 volunt.
1844 2727 1902 2758 Est
1936 2730 2044 2758 autem
2079 2726 2212 2758 felicitas
2242 2727 2402 2768 optimum
2431 2727 2464 2760 iu

1417 2786 1503 2824 vita,
1534 2785 1585 2817 vel
1605 2785 1783 2817 maximum
1812 2785 1954 2824 bonum,
1982 2786 2033 2818 vel
2066 2794 2244 2819 summurn.
2288 2787 2349 2819 11ae
2376 2787 2462 2820 enim

1416 2844 1577 2885 simplices
1595 2843 1635 2876 de
1650 2852 1687 2876 ea
1704 2843 1871 2875 sententiae
1885 2845 1971 2875 sunt.
2007 2844 2129 2882 Quodsi
2146 2845 2218 2885 quis
2233 2845 2462 2879 beatitudinem

1416 2903 1500 2935 dicat
1519 2905 1552 2935 et
1568 2903 1694 2935 beatam
1711 2902 1809 2934 vitam
1828 2911 1885 2943 pro
1902 2902 1962 2933 tine
1980 2902 2157 2942 bonorum,
2173 2903 2285 2936 eodem
2305 2912 2355 2936 res
2381 2905 2462 2937 reci·

1416 2961 1483 2993 det.
1530 2961 1719 2994 Accuratius
1752 2960 1850 3000 igitur
1872 2960 2080 2991 dividendum
2112 2961 2189 2993 erit.
2239 2961 2303 2998 Qui
2330 2961 2371 2993 de
2400 2961 2464 2994 tine

1416 3019 1657 3058 disseruerunt,
1672 3028 1784 3052 eorum
1803 3018 1856 3050 alii
1874 3018 1906 3050 in
1921 3018 2028 3049 animo
2041 3027 2120 3061 >eum
2144 3020 2341 3060 posuerunt,
2355 3020 2408 3052 alii
2429 3021 2462 3053 in

1416 3087 1548 3119 corpore
1561 3103 1571 3119 ,
1594 3078 1648 3110 alii
1669 3078 1808 3110 mixtum
1834 3086 1874 3109 ex
1900 3078 2038 3117 utroque
2053 3085 2125 3109 esse
2142 3079 2306 3118 putarunt.
2350 3079 2462 3111 Dicam

1415 3141 1524 3169 autem
1541 3138 1696 3178 explicate
1717 3149 1725 3169 :
1744 3136 1799 3177 qui
1817 3136 1902 3168 enim
1925 3135 2062 3175 exempli
2083 3143 2183 3167 causa
2195 3136 2347 3168 virtutem
2364 3136 2460 3170 tinem

1416 3196 1526 3234 ducit,
1547 3196 1579 3228 id
1597 3197 1647 3228 est
1665 3196 1699 3227 in
1716 3195 1838 3227 virtute
1856 3194 1954 3226 situm
1967 3218 1977 3233 ,
2001 3194 2032 3225 in
2049 3194 2157 3226 animo
2174 3194 2281 3234 ponit;
2302 3194 2356 3235 qui
2372 3195 2462 3226 volu·

1416 3255 1535 3294 ptatem
1546 3277 1556 3293 ,
1579 3253 1610 3284 in
1626 3261 1774 3294 corpore3
1795 3252 1849 3293 qui
1865 3252 1964 3284 vitam
1985 3252 2151 3283 honestam
2165 3254 2196 3284 et
2213 3252 2390 3293 jucundam
2401 3278 2411 3292 ‚
2427 3253 2460 3286 iu

1416 3315 1563 3352 utroque.
1607 3312 1730 3343 Dixerit
1752 3311 1869 3351 aliquis
1882 3311 1982 3343 etiam
2005 3311 2065 3342 hoc
2082 3310 2178 3342 modo
2189 3335 2199 3351 ‚
2215 3311 2370 3352 quosdam
2387 3321 2460 3344 cum

1416 3371 1535 3402 ratione
1546 3371 1767 3411 conjunctum,
1779 3370 1857 3401 alios
1870 3370 2000 3402 rationis
2013 3370 2178 3410 expertem
2191 3370 2288 3401 linem
2298 3371 2459 3411 statuisse,

1414 3429 1495 3462 alios
1516 3438 1644 3461 rursum
1667 3430 1699 3461 in
1731 3428 1913 3465 intellectu,
1931 3427 2010 3459 alios
2034 3427 2067 3458 in
2089 3427 2187 3458 animi
2216 3427 2332 3459 affectu
2352 3429 2460 3460 consi-

1415 3488 1498 3519 stere
1511 3487 1663 3519 voluisse.
1707 3486 1851 3530 Sedhaec
1866 3485 1973 3518 omnia
1990 3485 2175 3517 nominibus
2188 3485 2413 3527 discrepantia,
2425 3495 2460 3519 re
