2638 3840
408 254 485 288 ¹⁴⁸2

403 336 494 374 item
526 343 660 373 auctor
687 335 776 372 vitae
799 332 957 371 Homeri
988 330 1091 382 apud
1120 329 1281 367 Galeum
1304 342 1438 381 opusc-

400 408 440 446 Ρ.
466 396 540 432 366
562 403 598 433 et
618 394 840 445 Apostolius
861 390 947 438 xil,
967 404 1032 439 97.
1055 389 1180 427 Porro
1197 389 1335 427 Sextus
1353 388 1442 426 Em-

403 454 550 506 piricus
566 454 655 493 adv.
675 452 792 492 Malli.
810 450 894 497 Vll,
910 451 985 487 218
1007 448 1067 488 ed.
1084 449 1240 486 Bekker.
1256 463 1265 488 z
1283 447 1343 486 καὶ
1362 447 1439 500 Ἀρ-

400 515 544 567 χίλοχος
580 512 615 551 δέ
647 528 729 564 φησι
762 509 840 553 τοὺς
874 507 1075 560 ἀνθρώπους
1110 510 1252 546 τοιαῦτα
1281 512 1438 559 φρονεῖν,

401 574 522 620 ὁποίην
546 572 630 615 Ζεὺς
647 573 700 624 ἐφ’
716 569 849 620 ἡμέρην
871 567 959 618 ἄγει.
983 567 1042 606 Cf.
1061 567 1284 605 Archilochi
1307 567 1439 617 fragm.

401 634 442 672 in
462 632 614 682 Bergkii
632 631 760 669 Poetis
781 629 932 680 Lyricis
948 642 987 679 p.
1010 627 1082 665 551
1103 640 1186 679 seq.
1205 627 1264 665 Ad
1282 627 1440 665 Homeri

402 695 528 732 locum
550 705 662 743 qucm
684 691 858 728 imitatus
886 697 943 726 est
966 687 1227 726 Archilochus
1249 686 1349 724 hanc
1369 700 1438 724 no·

401 762 474 791 tam
508 751 729 789 scholiastes
762 747 944 799 apposuit
965 760 974 782 :
997 747 1028 784 οἱ
1055 744 1118 796 μὲν
1139 744 1320 798 φιλόσοφοι
1339 744 1438 783 ἐκδέ-

400 826 521 864 γονται
541 809 591 847 ὅτι
610 802 678 846 οἷον
696 806 737 845 ἂν
755 801 778 859 ᾗ
796 806 834 844 τὸ
857 805 1070 855 κατάστημα
1086 808 1147 843 τοῦ
1178 804 1299 857 ἀέρος,
1318 803 1436 844 τοιαύ-

399 858 461 917 {nv
482 869 538 908 >toti
563 867 623 914 τὴν
651 865 786 917 ἡμέραν
819 866 1032 903 διατελοῦσιν
1059 863 1092 903 οἱ
1111 863 1301 917 ἄνθρωποι.
1329 862 1373 903 Ὁ
1400 862 1436 901 δὲ

398 929 544 975 ποιητὴς
561 926 674 977 λέγει,
694 928 797 964 ὁποῖα
821 924 865 962 ἃν
883 918 905 974 ἦ
925 923 970 962 τὰ
993 923 1279 977 προσπίπτοντα,
1305 921 1438 966 τούτοις

398 987 656 1036 ἐξομοιούμεθα.
674 985 894 1023 Eustathius
915 993 1041 1022 autem
1058 992 1182 1035 poetae
1195 992 1363 1021 mentem
1381 983 1437 1021 sic

397 1048 565 1085 declarat
597 1059 604 1082 :
640 1047 744 1082 ὁποῖα
779 1043 820 1081 ἂν
848 1037 872 1094 ᾖ
902 1042 946 1081 τὰ
978 1042 1262 1094 προσπίπτοντα,
1286 1041 1438 1085 τοιοῦτός

397 1107 469 1144 ἐστι
497 1105 557 1144 καὶ
578 1106 595 1141 ὁ
620 1108 714 1147 νοῦς·
739 1105 772 1142 ἐν
794 1101 970 1156 εὐτυχίαις
1002 1100 1310 1153 συνεξαιρόμενος,
1335 1101 1370 1138 ἐν
1400 1100 1435 1139 δὲ

395 1168 464 1208 τοῖς
498 1164 671 1203 ἀνάπαλιν
705 1161 987 1213 ταπεινούμενος.
1021 1161 1067 1199 In
1092 1161 1257 1219 eandem.
1282 1168 1436 1199 senten-

395 1224 487 1262 tiam
516 1222 720 1274 Euripides
741 1221 877 1272 Suppl.
902 1234 959 1259 vs.
989 1220 1167 1268 734-736
1192 1234 1200 1257 :
1231 1220 1260 1256 ὠ
1293 1218 1437 1267 Ζεῦ,τί

394 1283 481 1330 δ’ῆτα
503 1281 580 1327 τοὺς
599 1280 843 1334 ταλαιπώρους
864 1278 1008 1332 βροτοὺς
1029 1284 1165 1332 φρονεῖν
1183 1278 1324 1330 λέγουσι
1341 1294 1352 1326 ;
1375 1281 1436 1317 σοῦ

1180 241 1390 282 PRODICI
1420 239 1763 281 FRAGMENTA.

1501 327 1569 383 γὰρ
1590 328 1809 382 ἐξηρτήμεθα
1838 325 1974 379 δρῶμέν
1995 340 2032 364 τε
2060 327 2192 367 τοιαῦθ’
2209 326 2233 366 ἃ
2258 325 2288 367 ’ν
2309 326 2352 367 σὺ
2369 327 2546 383 τυγχάνῃς
2582 335 2586 338 ”

1502 387 1627 436 θέλων,
1650 387 1762 439 cujus
1782 386 1916 425 verbis
1941 385 2003 425 usi
2029 395 2119 425 sunt
2147 386 2341 439 Diogenes
2366 387 2547 429 Laertius

1502 447 1569 496 lx,
1597 462 1642 496 71
1668 456 1706 485 et
1725 445 1958 485 Plutarchus
1987 445 2044 484 De
2064 444 2234 487 Stoi'cor.
2258 460 2426 501 repugu.
2453 461 2540 500 cap.

1503 512 1568 556 47,
1590 507 1667 545 vol.
1690 506 1782 544 Xlll
1815 519 1852 557 p.
1887 506 1965 556 399
1994 504 2056 544 ed.
2080 505 2236 546 Hutten.
2263 506 2418 548 Similia
2443 507 2548 548 dicta

1502 567 1605 616 apud
1638 565 1796 604 Latinos
1826 578 1983 616 quoque
2016 564 2229 617 scriptores
2254 575 2421 607 exstant.
2448 564 2549 612 Nam'

1501 625 1637 663 Cicero
1656 624 1760 675 apud
1781 623 2043 673 Augustinum
2063 624 2121 662 De'
2138 624 2305 664 Civitate
2331 626 2396 666 dei
2412 626 2487 668 lib.
2511 628 2547 666 V

1502 698 1586 735 cap.
1608 684 1631 721 8
1659 685 1715 721 ait
1734 695 1743 722 :
1768 682 1886 721 Tales
1902 691 1991 720 sunt
2010 682 2216 723 hominum
2244 694 2413 735 mentes,
2439 685 2547 739 qunti

1500 752 1610 794 pater
1639 743 1724 794 ipse
1752 741 1938 794 ,luppiter
1957 743 2163 782 auctiferas
2190 743 2372 783 lustravit
2394 738 2546 784 lumine

1501 811 1636 841 terras.
1659 801 1868 840 Terentius
1893 801 2033 853 Hecyr.
2053 811 2128 843 aet.
2153 803 2228 852 111,
2245 817 2349 846 soen.
2368 803 2441 854 111,
2462 817 2513 844 20
2536 820 2547 847 ;
2599 815 2605 820 ’

1499 861 1693 900 Omnibus
1712 861 1829 900 nobis
1846 864 1891 901 ut
1907 874 1971 900 res
1982 861 2078 900 dant
2091 875 2175 901 sese
2187 892 2199 914 ,
2215 863 2270 902 ita
2282 864 2415 915 magni
2429 871 2548 916 atque

1499 921 1666 960 humiles
1696 934 1844 961 sumus.
1872 920 2061 972 Virgilius
2092 921 2377 974 Georgicorum
2411 922 2488 964 lib.
2508 920 2544 972 l,

1502 982 1676 1027 [αι-423
1700 981 1941 1020 :Vertuntur
1966 982 2114 1033 species
2142 973 2386 1032 animm-uui,
2409 973 2450 1022 ei
2478 994 2547 1035 pe-

1501 1050 1607 1080 ctora
1624 1040 1750 1080 mo'tus
1766 1055 1870 1079 nunc
1885 1041 1998 1092 alios,
2014 1042 2128 1089 alios,
2147 1041 2240 1080 dum
2257 1041 2395 1081 nubila
2406 1048 2546 1081 ventu

1498 1103 1659 1152 agebat,
1684 1100 1926 1152 concipiunt.
1953 1100 2123 1152 Reposui
2156 1109 2283 1140 autem
2314 1099 2391 1139 hoc
2414 1099 2504 1140 loeo
2529 1110 2540 1137 ε

1496 1163 1512 1182 ⁸
1528 1160 1737 1212 ἐγκυρέωσιν
1749 1173 1835 1198 cum
1847 1161 2007 1211 optimis
2017 1159 2147 1208 codd.;
2165 1158 2300 1212 steph.
2312 1157 2545 1212 ἔσκυρὲωσιν.

1499 1243 1550 1249 —
1568 1218 1585 1242 b
1605 1218 1778 1272 ἔργμασιν
1798 1232 1885 1258 cum
1911 1218 2108 1271 Stephano
2116 1233 2128 1268 ;
2150 1218 2264 1258 codd.
2286 1217 2475 1272 ἐρύμασιν.
2490 1236 2549 1263 -3

1499 1284 1513 1302 ⁰
1539 1279 1656 1327 δοκοῖς
1677 1278 1792 1319 codd.
1813 1279 1931 1330 δοκῇ.)
