<?xml version="1.0" encoding="UTF-8"?>
<!DOCTYPE html PUBLIC "-//W3C//DTD XHTML 1.0 Transitional//EN"
    "http://www.w3.org/TR/xhtml1/DTD/xhtml1-transitional.dtd">
<html xmlns="http://www.w3.org/1999/xhtml" xml:lang="en" lang="en">
 <head>
  <title>
</title>
<meta http-equiv="Content-Type" content="text/html;charset=utf-8" />
  <meta name='ocr-system' content='tesseract 3.04.00' />
  <meta name='ocr-capabilities' content='ocr_page ocr_carea ocr_par ocr_line ocrx_word'/>
</head>
<body>
  <div class='ocr_page' id='page_1' title='image "./fragmentaphiloso02mulluoft_0079.png"; bbox 0 0 2638 3840; ppageno 0'>
   <div class='ocr_carea' id='block_1_1' title="bbox 996 222 1375 279">
    <p class='ocr_par' dir='ltr' id='par_1_1' title="bbox 996 222 1375 279">
     <span class='ocr_line' id='line_1_1' title="bbox 996 222 1375 279; baseline 0.011 -4"><span class='ocrx_word' id='word_1_1' title='bbox 996 222 1064 275; x_wconf 75' lang='lat' dir='ltr'>iit-z</span> <span class='ocrx_word' id='word_1_2' title='bbox 1092 235 1375 279; x_wconf 68' lang='lat' dir='ltr'>somus-ms,</span> 
     </span>
    </p>
   </div>
   <div class='ocr_carea' id='block_1_2' title="bbox 107 322 2282 1802">
    <p class='ocr_par' dir='ltr' id='par_1_2' title="bbox 107 322 2282 1802">
     <span class='ocr_line' id='line_1_2' title="bbox 127 322 2279 382; baseline 0.002 -18"><span class='ocrx_word' id='word_1_3' title='bbox 127 322 328 364; x_wconf 81' lang='lat' dir='ltr'>suavitatis</span> <span class='ocrx_word' id='word_1_4' title='bbox 346 330 386 362; x_wconf 93' lang='lat' dir='ltr'>et</span> <span class='ocrx_word' id='word_1_5' title='bbox 409 322 631 363; x_wconf 74' lang='lat' dir='ltr'><strong>dulcedinis</strong></span> <span class='ocrx_word' id='word_1_6' title='bbox 655 323 1030 365; x_wconf 82' lang='lat' dir='ltr'><strong>commendationem</strong></span> <span class='ocrx_word' id='word_1_7' title='bbox 1049 325 1174 365; x_wconf 85' lang='lat' dir='ltr'>habe-</span> <span class='ocrx_word' id='word_1_8' title='bbox 1201 329 1206 342; x_wconf 94' lang='lat'>&#39;</span> <span class='ocrx_word' id='word_1_9' title='bbox 1234 328 1274 366; x_wconf 91' lang='lat' dir='ltr'>in</span> <span class='ocrx_word' id='word_1_10' title='bbox 1290 328 1395 367; x_wconf 88' lang='lat' dir='ltr'>bello</span> <span class='ocrx_word' id='word_1_11' title='bbox 1412 341 1483 367; x_wconf 89' lang='lat' dir='ltr'>nec</span> <span class='ocrx_word' id='word_1_12' title='bbox 1499 329 1631 368; x_wconf 87' lang='lat' dir='ltr'>minor</span> <span class='ocrx_word' id='word_1_13' title='bbox 1646 328 1687 367; x_wconf 86' lang='lat' dir='ltr'>in</span> <span class='ocrx_word' id='word_1_14' title='bbox 1707 341 1816 382; x_wconf 87' lang='lat' dir='ltr'>pace.</span> <span class='ocrx_word' id='word_1_15' title='bbox 1875 328 1950 367; x_wconf 88' lang='lat' dir='ltr'>Sed</span> <span class='ocrx_word' id='word_1_16' title='bbox 1969 329 2149 380; x_wconf 84' lang='lat' dir='ltr'>quamvis</span> <span class='ocrx_word' id='word_1_17' title='bbox 2165 330 2279 368; x_wconf 86' lang='lat' dir='ltr'>Athe-</span> 
     </span>
     <span class='ocr_line' id='line_1_3' title="bbox 128 381 2280 436; baseline 0.003 -14"><span class='ocrx_word' id='word_1_18' title='bbox 128 391 201 422; x_wconf 87' lang='lat' dir='ltr'>ret.</span> <span class='ocrx_word' id='word_1_19' title='bbox 258 382 311 421; x_wconf 76' lang='lat' dir='ltr'>At</span> <span class='ocrx_word' id='word_1_20' title='bbox 335 381 442 435; x_wconf 84' lang='lat' dir='ltr'>ipsas</span> <span class='ocrx_word' id='word_1_21' title='bbox 470 394 605 421; x_wconf 89' lang='lat' dir='ltr'>eorum</span> <span class='ocrx_word' id='word_1_22' title='bbox 627 381 824 422; x_wconf 88' lang='lat' dir='ltr'>orationes</span> <span class='ocrx_word' id='word_1_23' title='bbox 858 396 937 422; x_wconf 90' lang='lat' dir='ltr'>non</span> <span class='ocrx_word' id='word_1_24' title='bbox 967 385 1110 436; x_wconf 88' lang='lat' dir='ltr'>politas</span> <span class='ocrx_word' id='word_1_25' title='bbox 1136 395 1174 424; x_wconf 89' lang='lat' dir='ltr'>et</span> <span class='ocrx_word' id='word_1_26' title='bbox 1202 400 1205 410; x_wconf 81' lang='lat'>¹</span> <span class='ocrx_word' id='word_1_27' title='bbox 1234 387 1388 426; x_wconf 86' lang='lat' dir='ltr'>nienses</span> <span class='ocrx_word' id='word_1_28' title='bbox 1406 388 1591 428; x_wconf 81' lang='lat' dir='ltr'>libertate</span> <span class='ocrx_word' id='word_1_29' title='bbox 1613 388 1852 436; x_wconf 89' lang='lat' dir='ltr'>fruerentur,</span> <span class='ocrx_word' id='word_1_30' title='bbox 1881 397 2007 427; x_wconf 86' lang='lat' dir='ltr'>tamen</span> <span class='ocrx_word' id='word_1_31' title='bbox 2024 389 2105 427; x_wconf 84' lang='lat' dir='ltr'>haec</span> <span class='ocrx_word' id='word_1_32' title='bbox 2124 389 2280 428; x_wconf 90' lang='lat' dir='ltr'>dicendi</span> 
     </span>
     <span class='ocr_line' id='line_1_4' title="bbox 126 417 2279 502; baseline 0 -18"><span class='ocrx_word' id='word_1_33' title='bbox 126 445 342 495; x_wconf 75' lang='lat' dir='ltr'>elegantes,</span> <span class='ocrx_word' id='word_1_34' title='bbox 362 444 428 483; x_wconf 91' lang='lat' dir='ltr'>sed</span> <span class='ocrx_word' id='word_1_35' title='bbox 445 453 607 497; x_wconf 86' lang='lat' dir='ltr'>propter</span> <span class='ocrx_word' id='word_1_36' title='bbox 624 444 869 496; x_wconf 77' lang='lat' dir='ltr'><strong>antiquitatis</strong></span> <span class='ocrx_word' id='word_1_37' title='bbox 885 446 997 497; x_wconf 80' lang='lat' dir='ltr'>quasi</span> <span class='ocrx_word' id='word_1_38' title='bbox 1018 446 1173 497; x_wconf 85' lang='lat' dir='ltr'>rubigi-</span> <span class='ocrx_word' id='word_1_39' title='bbox 1201 417 1206 502; x_wconf 72' lang='grc' dir='ltr'>Ι</span> <span class='ocrx_word' id='word_1_40' title='bbox 1232 446 1295 484; x_wconf 88' lang='lat' dir='ltr'>vis</span> <span class='ocrx_word' id='word_1_41' title='bbox 1319 455 1357 484; x_wconf 92' lang='lat' dir='ltr'>et</span> <span class='ocrx_word' id='word_1_42' title='bbox 1374 447 1487 499; x_wconf 90' lang='lat' dir='ltr'>copia</span> <span class='ocrx_word' id='word_1_43' title='bbox 1506 461 1585 486; x_wconf 85' lang='lat' dir='ltr'>nou</span> <span class='ocrx_word' id='word_1_44' title='bbox 1606 457 1696 487; x_wconf 87' lang='lat' dir='ltr'>ante</span> <span class='ocrx_word' id='word_1_45' title='bbox 1711 448 1910 487; x_wconf 87' lang='lat' dir='ltr'>inventam</span> <span class='ocrx_word' id='word_1_46' title='bbox 1929 456 2051 486; x_wconf 88' lang='lat' dir='ltr'>artem</span> <span class='ocrx_word' id='word_1_47' title='bbox 2070 449 2279 486; x_wconf 82' lang='lat' dir='ltr'>oratoriam</span> 
     </span>
     <span class='ocr_line' id='line_1_5' title="bbox 125 502 2276 559; baseline 0.002 -16"><span class='ocrx_word' id='word_1_48' title='bbox 125 516 214 543; x_wconf 86' lang='lat' dir='ltr'>nem</span> <span class='ocrx_word' id='word_1_49' title='bbox 233 502 478 542; x_wconf 80' lang='lat' dir='ltr'>horridiores</span> <span class='ocrx_word' id='word_1_50' title='bbox 499 503 617 542; x_wconf 89' lang='lat' dir='ltr'>fuisse</span> <span class='ocrx_word' id='word_1_51' title='bbox 633 516 747 542; x_wconf 90' lang='lat' dir='ltr'>nemo</span> <span class='ocrx_word' id='word_1_52' title='bbox 767 517 848 543; x_wconf 92' lang='lat' dir='ltr'>non</span> <span class='ocrx_word' id='word_1_53' title='bbox 863 504 984 545; x_wconf 81' lang='lat' dir='ltr'>videt.</span> <span class='ocrx_word' id='word_1_54' title='bbox 1041 505 1173 557; x_wconf 83' lang='lat' dir='ltr'>Neque</span> <span class='ocrx_word' id='word_1_55' title='bbox 1200 503 1205 559; x_wconf 54' lang='grc' dir='ltr'>ᾗ</span> <span class='ocrx_word' id='word_1_56' title='bbox 1233 505 1406 556; x_wconf 88' lang='lat' dir='ltr'>perfecta</span> <span class='ocrx_word' id='word_1_57' title='bbox 1430 515 1502 545; x_wconf 87' lang='lat' dir='ltr'>est.</span> <span class='ocrx_word' id='word_1_58' title='bbox 1564 507 1692 559; x_wconf 83' lang='lat' dir='ltr'>Hujus</span> <span class='ocrx_word' id='word_1_59' title='bbox 1719 508 1901 546; x_wconf 85' lang='lat' dir='ltr'>inventio</span> <span class='ocrx_word' id='word_1_60' title='bbox 1928 507 2073 545; x_wconf 85' lang='lat' dir='ltr'><strong>Siculis</strong></span> <span class='ocrx_word' id='word_1_61' title='bbox 2101 506 2276 548; x_wconf 88' lang='lat' dir='ltr'>debetur.</span> 
     </span>
     <span class='ocr_line' id='line_1_6' title="bbox 125 562 2277 625; baseline 0.002 -24"><span class='ocrx_word' id='word_1_62' title='bbox 125 575 223 602; x_wconf 78' lang='lat' dir='ltr'>vero</span> <span class='ocrx_word' id='word_1_63' title='bbox 254 563 380 602; x_wconf 88' lang='lat' dir='ltr'>soluta</span> <span class='ocrx_word' id='word_1_64' title='bbox 410 562 538 600; x_wconf 89' lang='lat' dir='ltr'>oratio</span> <span class='ocrx_word' id='word_1_65' title='bbox 571 574 643 614; x_wconf 88' lang='lat' dir='ltr'>per</span> <span class='ocrx_word' id='word_1_66' title='bbox 676 574 715 600; x_wconf 89' lang='lat' dir='ltr'>se</span> <span class='ocrx_word' id='word_1_67' title='bbox 743 562 890 602; x_wconf 88' lang='lat' dir='ltr'>sufficit</span> <span class='ocrx_word' id='word_1_68' title='bbox 921 563 970 602; x_wconf 87' lang='lat' dir='ltr'>ad</span> <span class='ocrx_word' id='word_1_69' title='bbox 1003 563 1171 604; x_wconf 90' lang='lat' dir='ltr'>disertos</span> <span class='ocrx_word' id='word_1_70' title='bbox 1201 562 1204 625; x_wconf 60' lang='grc' dir='ltr'><strong>ξ</strong></span> <span class='ocrx_word' id='word_1_71' title='bbox 1232 564 1298 601; x_wconf 89' lang='lat' dir='ltr'>Ait</span> <span class='ocrx_word' id='word_1_72' title='bbox 1317 565 1421 602; x_wconf 91' lang='lat' dir='ltr'>enim</span> <span class='ocrx_word' id='word_1_73' title='bbox 1448 566 1676 605; x_wconf 86' lang='lat' dir='ltr'>Aristoteles</span> <span class='ocrx_word' id='word_1_74' title='bbox 1694 565 1859 605; x_wconf 85' lang='lat' dir='ltr'>sublatis</span> <span class='ocrx_word' id='word_1_75' title='bbox 1877 566 1919 605; x_wconf 89' lang='lat' dir='ltr'>in</span> <span class='ocrx_word' id='word_1_76' title='bbox 1945 565 2081 604; x_wconf 86' lang='lat' dir='ltr'>Sicilia</span> <span class='ocrx_word' id='word_1_77' title='bbox 2098 567 2277 617; x_wconf 86' lang='lat' dir='ltr'>tyrannis</span> 
     </span>
     <span class='ocr_line' id='line_1_7' title="bbox 107 619 2282 678; baseline 0.001 -17"><span class='ocrx_word' id='word_1_78' title='bbox 107 619 336 666; x_wconf 70' lang='lat' dir='ltr'>faciendos,</span> <span class='ocrx_word' id='word_1_79' title='bbox 357 620 434 659; x_wconf 90' lang='lat' dir='ltr'>nisi</span> <span class='ocrx_word' id='word_1_80' title='bbox 455 633 501 659; x_wconf 90' lang='lat' dir='ltr'>ea</span> <span class='ocrx_word' id='word_1_81' title='bbox 517 629 576 660; x_wconf 92' lang='lat' dir='ltr'>est</span> <span class='ocrx_word' id='word_1_82' title='bbox 590 620 819 671; x_wconf 76' lang='lat' dir='ltr'>reipublicae</span> <span class='ocrx_word' id='word_1_83' title='bbox 833 622 956 662; x_wconf 90' lang='lat' dir='ltr'>forma</span> <span class='ocrx_word' id='word_1_84' title='bbox 970 636 1058 675; x_wconf 84' lang='lat' dir='ltr'>quae</span> <span class='ocrx_word' id='word_1_85' title='bbox 1076 625 1171 663; x_wconf 83' lang='lat' dir='ltr'>civi·</span> <span class='ocrx_word' id='word_1_86' title='bbox 1200 630 1204 674; x_wconf 79' lang='grc' dir='ltr'>Ι</span> <span class='ocrx_word' id='word_1_87' title='bbox 1231 623 1261 664; x_wconf 90' lang='lat' dir='ltr'>i.</span> <span class='ocrx_word' id='word_1_88' title='bbox 1296 636 1330 663; x_wconf 90' lang='lat' dir='ltr'>e.</span> <span class='ocrx_word' id='word_1_89' title='bbox 1370 625 1486 662; x_wconf 88' lang='lat' dir='ltr'>tertio</span> <span class='ocrx_word' id='word_1_90' title='bbox 1515 625 1767 678; x_wconf 76' lang='lat' dir='ltr'>Olympiadis</span> <span class='ocrx_word' id='word_1_91' title='bbox 1800 625 2095 678; x_wconf 80' lang='lat' dir='ltr'>septuagesimae</span> <span class='ocrx_word' id='word_1_92' title='bbox 2136 634 2282 664; x_wconf 81' lang='lat' dir='ltr'>octavae</span> 
     </span>
     <span class='ocr_line' id='line_1_8' title="bbox 122 678 2279 736; baseline 0.001 -16"><span class='ocrx_word' id='word_1_93' title='bbox 122 680 199 720; x_wconf 86' lang='lat' dir='ltr'>bus</span> <span class='ocrx_word' id='word_1_94' title='bbox 219 679 396 732; x_wconf 86' lang='lat' dir='ltr'>quotidie</span> <span class='ocrx_word' id='word_1_95' title='bbox 421 678 654 719; x_wconf 86' lang='lat' dir='ltr'>uberrimam</span> <span class='ocrx_word' id='word_1_96' title='bbox 673 680 830 720; x_wconf 90' lang='lat' dir='ltr'>dicendi</span> <span class='ocrx_word' id='word_1_97' title='bbox 849 683 1048 722; x_wconf 81' lang='lat' dir='ltr'>materiam</span> <span class='ocrx_word' id='word_1_98' title='bbox 1069 697 1171 735; x_wconf 84' lang='lat' dir='ltr'>prae-</span> <span class='ocrx_word' id='word_1_99' title='bbox 1232 695 1336 720; x_wconf 84' lang='lat' dir='ltr'>anno</span> <span class='ocrx_word' id='word_1_100' title='bbox 1357 683 1416 721; x_wconf 85' lang='lat' dir='ltr'>vel</span> <span class='ocrx_word' id='word_1_101' title='bbox 1447 692 1535 722; x_wconf 88' lang='lat' dir='ltr'>ante</span> <span class='ocrx_word' id='word_1_102' title='bbox 1563 685 1653 725; x_wconf 87' lang='lat' dir='ltr'>Chr.</span> <span class='ocrx_word' id='word_1_103' title='bbox 1678 698 1719 725; x_wconf 90' lang='lat' dir='ltr'>n.</span> <span class='ocrx_word' id='word_1_104' title='bbox 1747 686 1824 730; x_wconf 73' lang='lat'>466</span> <span class='ocrx_word' id='word_1_105' title='bbox 1841 715 1851 734; x_wconf 93' lang='lat'>,</span> <span class='ocrx_word' id='word_1_106' title='bbox 1879 698 1999 736; x_wconf 91' lang='lat' dir='ltr'>quum</span> <span class='ocrx_word' id='word_1_107' title='bbox 2029 697 2091 723; x_wconf 90' lang='lat' dir='ltr'>res</span> <span class='ocrx_word' id='word_1_108' title='bbox 2116 685 2279 736; x_wconf 81' lang='lat' dir='ltr'>privatae</span> 
     </span>
     <span class='ocr_line' id='line_1_9' title="bbox 122 738 2277 795; baseline 0.001 -16"><span class='ocrx_word' id='word_1_109' title='bbox 122 738 212 779; x_wconf 88' lang='lat' dir='ltr'>beat</span> <span class='ocrx_word' id='word_1_110' title='bbox 226 738 510 790; x_wconf 87' lang='lat' dir='ltr'>bominumque</span> <span class='ocrx_word' id='word_1_111' title='bbox 525 739 685 789; x_wconf 86' lang='lat' dir='ltr'>ingenia</span> <span class='ocrx_word' id='word_1_112' title='bbox 704 741 911 780; x_wconf 85' lang='lat' dir='ltr'>multarum</span> <span class='ocrx_word' id='word_1_113' title='bbox 929 755 1172 793; x_wconf 87' lang='lat' dir='ltr'>magnarum·</span> <span class='ocrx_word' id='word_1_114' title='bbox 1232 741 1351 791; x_wconf 87' lang='lat' dir='ltr'>longo</span> <span class='ocrx_word' id='word_1_115' title='bbox 1368 741 1578 780; x_wconf 86' lang='lat' dir='ltr'>intervallo</span> <span class='ocrx_word' id='word_1_116' title='bbox 1598 742 1763 794; x_wconf 89' lang='lat' dir='ltr'>judiciis</span> <span class='ocrx_word' id='word_1_117' title='bbox 1780 751 2062 795; x_wconf 75' lang='lat' dir='ltr'><strong>repeterentur,</strong></span> <span class='ocrx_word' id='word_1_118' title='bbox 2082 750 2163 780; x_wconf 90' lang='lat' dir='ltr'>tum</span> <span class='ocrx_word' id='word_1_119' title='bbox 2185 744 2277 794; x_wconf 89' lang='lat' dir='ltr'>pri-</span> 
     </span>
     <span class='ocr_line' id='line_1_10' title="bbox 121 797 1171 854; baseline 0.004 -16"><span class='ocrx_word' id='word_1_120' title='bbox 121 811 200 852; x_wconf 77' lang='lat' dir='ltr'>que</span> <span class='ocrx_word' id='word_1_121' title='bbox 217 811 349 838; x_wconf 89' lang='lat' dir='ltr'>rerum</span> <span class='ocrx_word' id='word_1_122' title='bbox 366 797 616 837; x_wconf 79' lang='lat' dir='ltr'>meditatione</span> <span class='ocrx_word' id='word_1_123' title='bbox 629 799 721 841; x_wconf 88' lang='lat' dir='ltr'>alat.</span> <span class='ocrx_word' id='word_1_124' title='bbox 778 800 969 841; x_wconf 75' lang='lat' dir='ltr'>Praeterea</span> <span class='ocrx_word' id='word_1_125' title='bbox 985 815 1111 854; x_wconf 89' lang='lat' dir='ltr'>neque</span> <span class='ocrx_word' id='word_1_126' title='bbox 1129 804 1171 842; x_wconf 91' lang='lat' dir='ltr'>in</span> 
     </span>
     <span class='ocr_line' id='line_1_11' title="bbox 123 856 2279 912; baseline 0 -15"><span class='ocrx_word' id='word_1_127' title='bbox 123 856 375 898; x_wconf 81' lang='lat' dir='ltr'>nascentibus</span> <span class='ocrx_word' id='word_1_128' title='bbox 394 856 622 896; x_wconf 85' lang='lat' dir='ltr'>civitatibus</span> <span class='ocrx_word' id='word_1_129' title='bbox 641 871 769 910; x_wconf 89' lang='lat' dir='ltr'>neque</span> <span class='ocrx_word' id='word_1_130' title='bbox 785 859 827 898; x_wconf 87' lang='lat' dir='ltr'>in</span> <span class='ocrx_word' id='word_1_131' title='bbox 847 859 1171 912; x_wconf 82' lang='lat' dir='ltr'>belligerantibus</span> <span class='ocrx_word' id='word_1_132' title='bbox 1230 860 1368 897; x_wconf 73' lang='lat' dir='ltr'>natura</span> <span class='ocrx_word' id='word_1_133' title='bbox 1384 889 1395 908; x_wconf 88' lang='lat'><strong>‚</strong></span> <span class='ocrx_word' id='word_1_134' title='bbox 1415 868 1537 898; x_wconf 87' lang='lat' dir='ltr'>artem</span> <span class='ocrx_word' id='word_1_135' title='bbox 1565 868 1603 897; x_wconf 89' lang='lat' dir='ltr'>et</span> <span class='ocrx_word' id='word_1_136' title='bbox 1630 869 1824 912; x_wconf 78' lang='lat' dir='ltr'>praecepta</span> <span class='ocrx_word' id='word_1_137' title='bbox 1854 860 2006 899; x_wconf 84' lang='lat' dir='ltr'>Siculos</span> <span class='ocrx_word' id='word_1_138' title='bbox 2031 860 2216 899; x_wconf 75' lang='lat' dir='ltr'>Coracem</span> <span class='ocrx_word' id='word_1_139' title='bbox 2242 868 2279 898; x_wconf 90' lang='lat' dir='ltr'>et</span> 
     </span>
     <span class='ocr_line' id='line_1_12' title="bbox 122 915 2277 969; baseline 0.001 -15"><span class='ocrx_word' id='word_1_140' title='bbox 122 916 278 956; x_wconf 83' lang='lat' dir='ltr'>dicendi</span> <span class='ocrx_word' id='word_1_141' title='bbox 299 915 498 968; x_wconf 67' lang='lat' dir='ltr'>cupiditas</span> <span class='ocrx_word' id='word_1_142' title='bbox 522 916 622 955; x_wconf 86' lang='lat' dir='ltr'>oriri</span> <span class='ocrx_word' id='word_1_143' title='bbox 651 918 764 958; x_wconf 89' lang='lat' dir='ltr'>solet.</span> <span class='ocrx_word' id='word_1_144' title='bbox 820 917 934 958; x_wconf 85' lang='lat' dir='ltr'>Pacis</span> <span class='ocrx_word' id='word_1_145' title='bbox 961 927 1020 958; x_wconf 81' lang='lat' dir='ltr'>est</span> <span class='ocrx_word' id='word_1_146' title='bbox 1042 934 1171 960; x_wconf 77' lang='lat' dir='ltr'>comes</span> <span class='ocrx_word' id='word_1_147' title='bbox 1230 917 1378 956; x_wconf 85' lang='lat' dir='ltr'>Tisiam</span> <span class='ocrx_word' id='word_1_148' title='bbox 1399 919 1691 969; x_wconf 84' lang='lat' dir='ltr'>conscripsisse.</span> <span class='ocrx_word' id='word_1_149' title='bbox 1747 919 1842 958; x_wconf 87' lang='lat' dir='ltr'>Nam</span> <span class='ocrx_word' id='word_1_150' title='bbox 1859 928 1972 959; x_wconf 87' lang='lat' dir='ltr'>antea</span> <span class='ocrx_word' id='word_1_151' title='bbox 1987 919 2181 958; x_wconf 87' lang='lat' dir='ltr'>neminem</span> <span class='ocrx_word' id='word_1_152' title='bbox 2204 932 2277 958; x_wconf 84' lang='lat' dir='ltr'>so-</span> 
     </span>
     <span class='ocr_line' id='line_1_13' title="bbox 122 973 2281 1029; baseline 0.002 -17"><span class='ocrx_word' id='word_1_153' title='bbox 122 976 275 1028; x_wconf 79' lang='lat' dir='ltr'>otiique</span> <span class='ocrx_word' id='word_1_154' title='bbox 304 975 413 1015; x_wconf 82' lang='lat' dir='ltr'>socia</span> <span class='ocrx_word' id='word_1_155' title='bbox 442 983 481 1014; x_wconf 88' lang='lat' dir='ltr'>et</span> <span class='ocrx_word' id='word_1_156' title='bbox 506 973 589 1026; x_wconf 86' lang='lat' dir='ltr'>jam</span> <span class='ocrx_word' id='word_1_157' title='bbox 620 974 722 1015; x_wconf 86' lang='lat' dir='ltr'>bene</span> <span class='ocrx_word' id='word_1_158' title='bbox 749 978 969 1016; x_wconf 77' lang='lat' dir='ltr'>constitutae</span> <span class='ocrx_word' id='word_1_159' title='bbox 1001 978 1171 1018; x_wconf 75' lang='lat' dir='ltr'>civitatis</span> <span class='ocrx_word' id='word_1_160' title='bbox 1200 996 1204 1027; x_wconf 72' lang='grc' dir='ltr'>Ι</span> <span class='ocrx_word' id='word_1_161' title='bbox 1230 975 1345 1014; x_wconf 88' lang='lat' dir='ltr'>litum</span> <span class='ocrx_word' id='word_1_162' title='bbox 1373 976 1439 1015; x_wconf 84' lang='lat' dir='ltr'>via</span> <span class='ocrx_word' id='word_1_163' title='bbox 1471 989 1543 1015; x_wconf 88' lang='lat' dir='ltr'>nec</span> <span class='ocrx_word' id='word_1_164' title='bbox 1563 986 1668 1025; x_wconf 86' lang='lat' dir='ltr'>arte,</span> <span class='ocrx_word' id='word_1_165' title='bbox 1698 979 1766 1017; x_wconf 88' lang='lat' dir='ltr'>sed</span> <span class='ocrx_word' id='word_1_166' title='bbox 1797 987 1975 1016; x_wconf 86' lang='lat' dir='ltr'>accurate</span> <span class='ocrx_word' id='word_1_167' title='bbox 2000 986 2150 1029; x_wconf 87' lang='lat' dir='ltr'>tamen,</span> <span class='ocrx_word' id='word_1_168' title='bbox 2171 986 2210 1016; x_wconf 90' lang='lat' dir='ltr'>et</span> <span class='ocrx_word' id='word_1_169' title='bbox 2232 978 2281 1016; x_wconf 89' lang='lat' dir='ltr'>de</span> 
     </span>
     <span class='ocr_line' id='line_1_14' title="bbox 122 1030 2281 1090; baseline 0.001 -15"><span class='ocrx_word' id='word_1_170' title='bbox 122 1035 235 1087; x_wconf 76' lang='lat' dir='ltr'>quasi</span> <span class='ocrx_word' id='word_1_171' title='bbox 263 1034 423 1074; x_wconf 87' lang='lat' dir='ltr'>alumna</span> <span class='ocrx_word' id='word_1_172' title='bbox 452 1034 629 1086; x_wconf 66' lang='lat' dir='ltr'>quadam</span> <span class='ocrx_word' id='word_1_173' title='bbox 658 1036 897 1088; x_wconf 83' lang='lat' dir='ltr'>eloquentia.</span> <span class='ocrx_word' id='word_1_174' title='bbox 956 1037 1023 1077; x_wconf 87' lang='lat' dir='ltr'>Est</span> <span class='ocrx_word' id='word_1_175' title='bbox 1050 1052 1171 1090; x_wconf 84' lang='lat' dir='ltr'>porro</span> <span class='ocrx_word' id='word_1_176' title='bbox 1199 1030 1204 1070; x_wconf 74' lang='lat' dir='ltr'>l</span> <span class='ocrx_word' id='word_1_177' title='bbox 1230 1036 1377 1086; x_wconf 86' lang='lat' dir='ltr'>scripto</span> <span class='ocrx_word' id='word_1_178' title='bbox 1411 1036 1625 1087; x_wconf 89' lang='lat' dir='ltr'>plerosque</span> <span class='ocrx_word' id='word_1_179' title='bbox 1663 1037 1807 1078; x_wconf 84' lang='lat' dir='ltr'>dicere.</span> <span class='ocrx_word' id='word_1_180' title='bbox 1867 1037 1989 1075; x_wconf 85' lang='lat' dir='ltr'>Addit</span> <span class='ocrx_word' id='word_1_181' title='bbox 2019 1037 2281 1089; x_wconf 88' lang='lat' dir='ltr'>philosophus</span> 
     </span>
     <span class='ocr_line' id='line_1_15' title="bbox 123 1092 2280 1148; baseline 0 -15"><span class='ocrx_word' id='word_1_182' title='bbox 123 1106 224 1147; x_wconf 90' lang='lat' dir='ltr'>opus</span> <span class='ocrx_word' id='word_1_183' title='bbox 247 1093 431 1133; x_wconf 89' lang='lat' dir='ltr'>libertate</span> <span class='ocrx_word' id='word_1_184' title='bbox 471 1092 639 1145; x_wconf 87' lang='lat' dir='ltr'>quadam</span> <span class='ocrx_word' id='word_1_185' title='bbox 672 1102 710 1132; x_wconf 90' lang='lat' dir='ltr'>et</span> <span class='ocrx_word' id='word_1_186' title='bbox 748 1094 854 1146; x_wconf 87' lang='lat' dir='ltr'>juris</span> <span class='ocrx_word' id='word_1_187' title='bbox 884 1096 1170 1148; x_wconf 67' lang='lat' dir='ltr'>aequabilitate,</span> <span class='ocrx_word' id='word_1_188' title='bbox 1230 1094 1398 1146; x_wconf 89' lang='lat' dir='ltr'>scriptas</span> <span class='ocrx_word' id='word_1_189' title='bbox 1416 1107 1501 1133; x_wconf 88' lang='lat' dir='ltr'>esse</span> <span class='ocrx_word' id='word_1_190' title='bbox 1529 1103 1568 1132; x_wconf 86' lang='lat' dir='ltr'>et</span> <span class='ocrx_word' id='word_1_191' title='bbox 1587 1104 1739 1146; x_wconf 84' lang='lat' dir='ltr'>paratas</span> <span class='ocrx_word' id='word_1_192' title='bbox 1757 1109 1780 1133; x_wconf 94' lang='lat' dir='ltr'>a</span> <span class='ocrx_word' id='word_1_193' title='bbox 1803 1095 2017 1145; x_wconf 79' lang='lat' dir='ltr'>Protagora</span> <span class='ocrx_word' id='word_1_194' title='bbox 2033 1108 2164 1134; x_wconf 88' lang='lat' dir='ltr'>rerum</span> <span class='ocrx_word' id='word_1_195' title='bbox 2185 1095 2280 1134; x_wconf 88' lang='lat' dir='ltr'>illu-</span> 
     </span>
     <span class='ocr_line' id='line_1_16' title="bbox 122 1151 2281 1207; baseline 0.002 -18"><span class='ocrx_word' id='word_1_196' title='bbox 122 1165 211 1204; x_wconf 80' lang='lat' dir='ltr'>quae</span> <span class='ocrx_word' id='word_1_197' title='bbox 232 1165 312 1191; x_wconf 87' lang='lat' dir='ltr'>non</span> <span class='ocrx_word' id='word_1_198' title='bbox 340 1151 536 1204; x_wconf 89' lang='lat' dir='ltr'>reperitur</span> <span class='ocrx_word' id='word_1_199' title='bbox 555 1152 632 1191; x_wconf 89' lang='lat' dir='ltr'>nisi</span> <span class='ocrx_word' id='word_1_200' title='bbox 655 1152 698 1191; x_wconf 91' lang='lat' dir='ltr'>in</span> <span class='ocrx_word' id='word_1_201' title='bbox 716 1153 920 1205; x_wconf 81' lang='lat' dir='ltr'>republica</span> <span class='ocrx_word' id='word_1_202' title='bbox 937 1154 1056 1195; x_wconf 81' lang='lat' dir='ltr'>bonis</span> <span class='ocrx_word' id='word_1_203' title='bbox 1078 1157 1172 1206; x_wconf 80' lang='lat' dir='ltr'>legi·</span> <span class='ocrx_word' id='word_1_204' title='bbox 1230 1153 1369 1192; x_wconf 88' lang='lat' dir='ltr'>strium</span> <span class='ocrx_word' id='word_1_205' title='bbox 1385 1154 1673 1205; x_wconf 83' lang='lat' dir='ltr'>disputationes</span> <span class='ocrx_word' id='word_1_206' title='bbox 1689 1168 1777 1205; x_wconf 86' lang='lat' dir='ltr'>quae</span> <span class='ocrx_word' id='word_1_207' title='bbox 1789 1168 1892 1193; x_wconf 91' lang='lat' dir='ltr'>nunc</span> <span class='ocrx_word' id='word_1_208' title='bbox 1908 1167 2137 1193; x_wconf 85' lang='lat' dir='ltr'>communes</span> <span class='ocrx_word' id='word_1_209' title='bbox 2152 1156 2281 1207; x_wconf 86' lang='lat' dir='ltr'>appel·</span> 
     </span>
     <span class='ocr_line' id='line_1_17' title="bbox 121 1210 2278 1266; baseline 0.001 -15"><span class='ocrx_word' id='word_1_210' title='bbox 121 1211 198 1251; x_wconf 84' lang='lat' dir='ltr'>bus</span> <span class='ocrx_word' id='word_1_211' title='bbox 216 1220 447 1265; x_wconf 87' lang='lat' dir='ltr'>temperata,</span> <span class='ocrx_word' id='word_1_212' title='bbox 473 1219 517 1250; x_wconf 93' lang='lat' dir='ltr'>ut</span> <span class='ocrx_word' id='word_1_213' title='bbox 531 1220 711 1251; x_wconf 87' lang='lat' dir='ltr'>oratores</span> <span class='ocrx_word' id='word_1_214' title='bbox 734 1221 810 1251; x_wconf 90' lang='lat' dir='ltr'>tam</span> <span class='ocrx_word' id='word_1_215' title='bbox 830 1226 853 1252; x_wconf 91' lang='lat' dir='ltr'>a</span> <span class='ocrx_word' id='word_1_216' title='bbox 872 1214 1009 1253; x_wconf 88' lang='lat' dir='ltr'>servili</span> <span class='ocrx_word' id='word_1_217' title='bbox 1036 1214 1173 1254; x_wconf 90' lang='lat' dir='ltr'>adula-</span> <span class='ocrx_word' id='word_1_218' title='bbox 1199 1210 1203 1238; x_wconf 85' lang='lat'>¹</span> <span class='ocrx_word' id='word_1_219' title='bbox 1230 1211 1360 1251; x_wconf 87' lang='lat' dir='ltr'>lantur</span> <span class='ocrx_word' id='word_1_220' title='bbox 1378 1213 1468 1254; x_wconf 91' lang='lat' dir='ltr'>loci.</span> <span class='ocrx_word' id='word_1_221' title='bbox 1527 1213 1642 1259; x_wconf 88' lang='lat' dir='ltr'>Quod</span> <span class='ocrx_word' id='word_1_222' title='bbox 1660 1213 1764 1252; x_wconf 88' lang='lat' dir='ltr'>idem</span> <span class='ocrx_word' id='word_1_223' title='bbox 1783 1214 1918 1253; x_wconf 87' lang='lat' dir='ltr'>fecisse</span> <span class='ocrx_word' id='word_1_224' title='bbox 1934 1214 2143 1266; x_wconf 83' lang='lat' dir='ltr'>Gorgiam,</span> <span class='ocrx_word' id='word_1_225' title='bbox 2158 1229 2278 1266; x_wconf 90' lang='lat' dir='ltr'>quum</span> 
     </span>
     <span class='ocr_line' id='line_1_18' title="bbox 124 1239 2281 1325; baseline 0.002 -17"><span class='ocrx_word' id='word_1_226' title='bbox 124 1270 231 1310; x_wconf 83' lang='lat' dir='ltr'>tione</span> <span class='ocrx_word' id='word_1_227' title='bbox 247 1278 287 1309; x_wconf 87' lang='lat' dir='ltr'>et</span> <span class='ocrx_word' id='word_1_228' title='bbox 304 1269 570 1323; x_wconf 87' lang='lat' dir='ltr'>potentiorum</span> <span class='ocrx_word' id='word_1_229' title='bbox 591 1278 696 1309; x_wconf 87' lang='lat' dir='ltr'>metu</span> <span class='ocrx_word' id='word_1_230' title='bbox 713 1283 831 1322; x_wconf 89' lang='lat' dir='ltr'>quam</span> <span class='ocrx_word' id='word_1_231' title='bbox 850 1270 901 1309; x_wconf 87' lang='lat' dir='ltr'>ab</span> <span class='ocrx_word' id='word_1_232' title='bbox 916 1271 1170 1312; x_wconf 87' lang='lat' dir='ltr'>humiliorum</span> <span class='ocrx_word' id='word_1_233' title='bbox 1198 1239 1203 1306; x_wconf 74' lang='grc' dir='ltr'>Ι</span> <span class='ocrx_word' id='word_1_234' title='bbox 1228 1271 1470 1321; x_wconf 80' lang='lat' dir='ltr'>singularum</span> <span class='ocrx_word' id='word_1_235' title='bbox 1490 1285 1620 1311; x_wconf 88' lang='lat' dir='ltr'>rerum</span> <span class='ocrx_word' id='word_1_236' title='bbox 1632 1273 1766 1311; x_wconf 89' lang='lat' dir='ltr'>laudes</span> <span class='ocrx_word' id='word_1_237' title='bbox 1783 1274 2173 1325; x_wconf 78' lang='lat' dir='ltr'>vituperationesque</span> <span class='ocrx_word' id='word_1_238' title='bbox 2188 1288 2281 1313; x_wconf 86' lang='lat' dir='ltr'>con-</span> 
     </span>
     <span class='ocr_line' id='line_1_19' title="bbox 123 1326 2279 1382; baseline 0.002 -14"><span class='ocrx_word' id='word_1_239' title='bbox 123 1337 323 1368; x_wconf 87' lang='lat' dir='ltr'>contemtu</span> <span class='ocrx_word' id='word_1_240' title='bbox 350 1326 483 1367; x_wconf 86' lang='lat' dir='ltr'>absint</span> <span class='ocrx_word' id='word_1_241' title='bbox 515 1337 636 1380; x_wconf 90' lang='lat' dir='ltr'>utque</span> <span class='ocrx_word' id='word_1_242' title='bbox 669 1329 755 1368; x_wconf 90' lang='lat' dir='ltr'>sine</span> <span class='ocrx_word' id='word_1_243' title='bbox 783 1329 876 1368; x_wconf 94' lang='lat' dir='ltr'>odio</span> <span class='ocrx_word' id='word_1_244' title='bbox 900 1338 1016 1382; x_wconf 90' lang='lat' dir='ltr'>atque</span> <span class='ocrx_word' id='word_1_245' title='bbox 1039 1344 1172 1371; x_wconf 88' lang='lat' dir='ltr'>amore</span> <span class='ocrx_word' id='word_1_246' title='bbox 1229 1330 1473 1381; x_wconf 80' lang='lat' dir='ltr'>scripsisset,</span> <span class='ocrx_word' id='word_1_247' title='bbox 1506 1331 1601 1382; x_wconf 89' lang='lat' dir='ltr'>quia</span> <span class='ocrx_word' id='word_1_248' title='bbox 1636 1331 1837 1382; x_wconf 86' lang='lat' dir='ltr'>judicaret</span> <span class='ocrx_word' id='word_1_249' title='bbox 1873 1333 1947 1371; x_wconf 92' lang='lat' dir='ltr'>hoc</span> <span class='ocrx_word' id='word_1_250' title='bbox 1986 1334 2154 1371; x_wconf 85' lang='lat' dir='ltr'>oratoris</span> <span class='ocrx_word' id='word_1_251' title='bbox 2194 1346 2279 1372; x_wconf 90' lang='lat' dir='ltr'>esse</span> 
     </span>
     <span class='ocr_line' id='line_1_20' title="bbox 122 1386 2274 1443; baseline 0.001 -15"><span class='ocrx_word' id='word_1_252' title='bbox 122 1401 198 1442; x_wconf 82' lang='lat' dir='ltr'>pro</span> <span class='ocrx_word' id='word_1_253' title='bbox 215 1400 345 1427; x_wconf 83' lang='lat' dir='ltr'>rerum</span> <span class='ocrx_word' id='word_1_254' title='bbox 362 1386 553 1437; x_wconf 82' lang='lat' dir='ltr'>dignitate</span> <span class='ocrx_word' id='word_1_255' title='bbox 568 1389 691 1426; x_wconf 83' lang='lat' dir='ltr'>verba</span> <span class='ocrx_word' id='word_1_256' title='bbox 706 1387 863 1427; x_wconf 86' lang='lat' dir='ltr'>faciant.</span> <span class='ocrx_word' id='word_1_257' title='bbox 895 1390 1027 1440; x_wconf 88' lang='lat' dir='ltr'>Agunt</span> <span class='ocrx_word' id='word_1_258' title='bbox 1043 1399 1170 1430; x_wconf 90' lang='lat' dir='ltr'>autem</span> <span class='ocrx_word' id='word_1_259' title='bbox 1199 1390 1203 1442; x_wconf 68' lang='grc' dir='ltr'>Ι</span> <span class='ocrx_word' id='word_1_260' title='bbox 1231 1390 1401 1428; x_wconf 88' lang='lat' dir='ltr'>maxime</span> <span class='ocrx_word' id='word_1_261' title='bbox 1419 1393 1624 1443; x_wconf 87' lang='lat' dir='ltr'>proprium</span> <span class='ocrx_word' id='word_1_262' title='bbox 1637 1420 1647 1438; x_wconf 93' lang='lat'>,</span> <span class='ocrx_word' id='word_1_263' title='bbox 1667 1404 1747 1429; x_wconf 84' lang='lat' dir='ltr'>rem</span> <span class='ocrx_word' id='word_1_264' title='bbox 1775 1400 1918 1442; x_wconf 82' lang='lat' dir='ltr'>augere</span> <span class='ocrx_word' id='word_1_265' title='bbox 1936 1404 2053 1442; x_wconf 87' lang='lat' dir='ltr'>posse</span> <span class='ocrx_word' id='word_1_266' title='bbox 2076 1392 2274 1430; x_wconf 89' lang='lat' dir='ltr'>laudando</span> 
     </span>
     <span class='ocr_line' id='line_1_21' title="bbox 121 1446 2267 1504; baseline 0 -17"><span class='ocrx_word' id='word_1_267' title='bbox 121 1447 204 1487; x_wconf 77' lang='lat' dir='ltr'>viri</span> <span class='ocrx_word' id='word_1_268' title='bbox 222 1446 449 1498; x_wconf 84' lang='lat' dir='ltr'>eloquentes</span> <span class='ocrx_word' id='word_1_269' title='bbox 464 1446 505 1485; x_wconf 90' lang='lat' dir='ltr'>in</span> <span class='ocrx_word' id='word_1_270' title='bbox 524 1446 808 1496; x_wconf 82' lang='lat' dir='ltr'>concionibus,</span> <span class='ocrx_word' id='word_1_271' title='bbox 829 1449 1022 1497; x_wconf 87' lang='lat' dir='ltr'>comitiis,</span> <span class='ocrx_word' id='word_1_272' title='bbox 1040 1451 1170 1489; x_wconf 89' lang='lat' dir='ltr'>conci·</span> <span class='ocrx_word' id='word_1_273' title='bbox 1199 1446 1203 1504; x_wconf 61' lang='grc' dir='ltr'><strong>Ξ</strong></span> <span class='ocrx_word' id='word_1_274' title='bbox 1230 1449 1570 1501; x_wconf 83' lang='lat' dir='ltr'>vituperandoque</span> <span class='ocrx_word' id='word_1_275' title='bbox 1601 1463 1739 1489; x_wconf 90' lang='lat' dir='ltr'>rursus</span> <span class='ocrx_word' id='word_1_276' title='bbox 1775 1451 1961 1501; x_wconf 75' lang='lat' dir='ltr'>affligere.</span> <span class='ocrx_word' id='word_1_277' title='bbox 2022 1451 2079 1489; x_wconf 87' lang='lat' dir='ltr'>De</span> <span class='ocrx_word' id='word_1_278' title='bbox 2112 1451 2267 1502; x_wconf 84' lang='lat' dir='ltr'>reliquo</span> 
     </span>
     <span class='ocr_line' id='line_1_22' title="bbox 121 1504 2279 1559; baseline 0.001 -14"><span class='ocrx_word' id='word_1_279' title='bbox 121 1506 215 1554; x_wconf 88' lang='lat' dir='ltr'>liis,</span> <span class='ocrx_word' id='word_1_280' title='bbox 239 1505 404 1558; x_wconf 86' lang='lat' dir='ltr'>judiciis</span> <span class='ocrx_word' id='word_1_281' title='bbox 433 1504 482 1544; x_wconf 93' lang='lat' dir='ltr'>de</span> <span class='ocrx_word' id='word_1_282' title='bbox 511 1506 621 1545; x_wconf 91' lang='lat' dir='ltr'>omni</span> <span class='ocrx_word' id='word_1_283' title='bbox 646 1506 895 1558; x_wconf 89' lang='lat' dir='ltr'>publicorum</span> <span class='ocrx_word' id='word_1_284' title='bbox 921 1509 1168 1559; x_wconf 84' lang='lat' dir='ltr'>negotiorum</span> <span class='ocrx_word' id='word_1_285' title='bbox 1199 1508 1202 1539; x_wconf 73' lang='grc' dir='ltr'><strong>ἱ</strong></span> <span class='ocrx_word' id='word_1_286' title='bbox 1230 1507 1332 1545; x_wconf 89' lang='lat' dir='ltr'>inter</span> <span class='ocrx_word' id='word_1_287' title='bbox 1356 1517 1538 1546; x_wconf 86' lang='lat' dir='ltr'>auctores</span> <span class='ocrx_word' id='word_1_288' title='bbox 1560 1509 1745 1547; x_wconf 87' lang='lat' dir='ltr'>convenit</span> <span class='ocrx_word' id='word_1_289' title='bbox 1772 1509 1959 1559; x_wconf 82' lang='lat' dir='ltr'>Gorgiam</span> <span class='ocrx_word' id='word_1_290' title='bbox 1986 1508 2279 1548; x_wconf 85' lang='lat' dir='ltr'>dialecticorum</span> 
     </span>
     <span class='ocr_line' id='line_1_23' title="bbox 121 1543 2280 1620; baseline 0.002 -17"><span class='ocrx_word' id='word_1_291' title='bbox 121 1579 167 1606; x_wconf 79' lang='lat' dir='ltr'>ac</span> <span class='ocrx_word' id='word_1_292' title='bbox 185 1574 403 1618; x_wconf 86' lang='lat' dir='ltr'>temporum</span> <span class='ocrx_word' id='word_1_293' title='bbox 424 1564 636 1611; x_wconf 82' lang='lat' dir='ltr'>varietate,</span> <span class='ocrx_word' id='word_1_294' title='bbox 661 1565 710 1604; x_wconf 93' lang='lat' dir='ltr'>de</span> <span class='ocrx_word' id='word_1_295' title='bbox 726 1579 821 1618; x_wconf 85' lang='lat' dir='ltr'>pace</span> <span class='ocrx_word' id='word_1_296' title='bbox 835 1576 874 1605; x_wconf 89' lang='lat' dir='ltr'>et</span> <span class='ocrx_word' id='word_1_297' title='bbox 897 1566 1028 1616; x_wconf 91' lang='lat' dir='ltr'>bello,</span> <span class='ocrx_word' id='word_1_298' title='bbox 1047 1568 1096 1607; x_wconf 88' lang='lat' dir='ltr'>de</span> <span class='ocrx_word' id='word_1_299' title='bbox 1116 1569 1169 1607; x_wconf 84' lang='lat' dir='ltr'>le·</span> <span class='ocrx_word' id='word_1_300' title='bbox 1199 1543 1202 1595; x_wconf 67' lang='grc' dir='ltr'>Ι</span> <span class='ocrx_word' id='word_1_301' title='bbox 1231 1578 1340 1604; x_wconf 90' lang='lat' dir='ltr'>more</span> <span class='ocrx_word' id='word_1_302' title='bbox 1365 1566 1414 1605; x_wconf 93' lang='lat' dir='ltr'>de</span> <span class='ocrx_word' id='word_1_303' title='bbox 1435 1567 1544 1606; x_wconf 88' lang='lat' dir='ltr'>omni</span> <span class='ocrx_word' id='word_1_304' title='bbox 1574 1580 1616 1606; x_wconf 87' lang='lat' dir='ltr'>re</span> <span class='ocrx_word' id='word_1_305' title='bbox 1640 1569 1847 1620; x_wconf 88' lang='lat' dir='ltr'>proposita</span> <span class='ocrx_word' id='word_1_306' title='bbox 1878 1568 2099 1620; x_wconf 87' lang='lat' dir='ltr'>disputasse</span> <span class='ocrx_word' id='word_1_307' title='bbox 2130 1582 2280 1620; x_wconf 85' lang='lat' dir='ltr'>suaque</span> 
     </span>
     <span class='ocr_line' id='line_1_24' title="bbox 121 1623 2278 1678; baseline 0.001 -14"><span class='ocrx_word' id='word_1_308' title='bbox 121 1624 238 1677; x_wconf 85' lang='lat' dir='ltr'>gibus</span> <span class='ocrx_word' id='word_1_309' title='bbox 268 1624 331 1663; x_wconf 81' lang='lat' dir='ltr'>vel</span> <span class='ocrx_word' id='word_1_310' title='bbox 364 1623 535 1663; x_wconf 89' lang='lat' dir='ltr'>ferendis</span> <span class='ocrx_word' id='word_1_311' title='bbox 565 1625 629 1663; x_wconf 83' lang='lat' dir='ltr'>vel</span> <span class='ocrx_word' id='word_1_312' title='bbox 659 1624 923 1676; x_wconf 69' lang='lat' dir='ltr'>abroganffis,</span> <span class='ocrx_word' id='word_1_313' title='bbox 943 1626 991 1665; x_wconf 89' lang='lat' dir='ltr'>de</span> <span class='ocrx_word' id='word_1_314' title='bbox 1019 1628 1168 1668; x_wconf 85' lang='lat' dir='ltr'>civium</span> <span class='ocrx_word' id='word_1_315' title='bbox 1230 1624 1450 1664; x_wconf 87' lang='lat' dir='ltr'>disserendi</span> <span class='ocrx_word' id='word_1_316' title='bbox 1486 1626 1639 1665; x_wconf 85' lang='lat' dir='ltr'>ratione</span> <span class='ocrx_word' id='word_1_317' title='bbox 1672 1626 1719 1665; x_wconf 88' lang='lat' dir='ltr'>ad</span> <span class='ocrx_word' id='word_1_318' title='bbox 1752 1627 2030 1678; x_wconf 83' lang='lat' dir='ltr'>perficiendam</span> <span class='ocrx_word' id='word_1_319' title='bbox 2064 1629 2278 1667; x_wconf 88' lang='lat' dir='ltr'>oratoriam</span> 
     </span>
     <span class='ocr_line' id='line_1_25' title="bbox 119 1682 2278 1802; baseline 0.002 -81"><span class='ocrx_word' id='word_1_320' title='bbox 119 1683 281 1732; x_wconf 85' lang='lat' dir='ltr'>litibus,</span> <span class='ocrx_word' id='word_1_321' title='bbox 301 1682 350 1722; x_wconf 92' lang='lat' dir='ltr'>de</span> <span class='ocrx_word' id='word_1_322' title='bbox 371 1682 606 1735; x_wconf 87' lang='lat' dir='ltr'>sapientium</span> <span class='ocrx_word' id='word_1_323' title='bbox 635 1693 673 1722; x_wconf 91' lang='lat' dir='ltr'>et</span> <span class='ocrx_word' id='word_1_324' title='bbox 698 1683 858 1723; x_wconf 82' lang='lat' dir='ltr'>fortium</span> <span class='ocrx_word' id='word_1_325' title='bbox 883 1687 1077 1736; x_wconf 88' lang='lat' dir='ltr'>virorum,</span> <span class='ocrx_word' id='word_1_326' title='bbox 1100 1689 1168 1739; x_wconf 87' lang='lat' dir='ltr'>qui</span> <span class='ocrx_word' id='word_1_327' title='bbox 1198 1708 1202 1802; x_wconf 72' lang='grc' dir='ltr'>Ι</span> <span class='ocrx_word' id='word_1_328' title='bbox 1228 1693 1350 1724; x_wconf 90' lang='lat' dir='ltr'>artem</span> <span class='ocrx_word' id='word_1_329' title='bbox 1371 1685 1537 1724; x_wconf 91' lang='lat' dir='ltr'>multum</span> <span class='ocrx_word' id='word_1_330' title='bbox 1554 1687 1744 1727; x_wconf 87' lang='lat' dir='ltr'>attulisse.</span> <span class='ocrx_word' id='word_1_331' title='bbox 1804 1687 1915 1725; x_wconf 92' lang='lat' dir='ltr'>Adde</span> <span class='ocrx_word' id='word_1_332' title='bbox 1933 1687 2040 1738; x_wconf 89' lang='lat' dir='ltr'>quod</span> <span class='ocrx_word' id='word_1_333' title='bbox 2055 1701 2133 1725; x_wconf 91' lang='lat' dir='ltr'>non</span> <span class='ocrx_word' id='word_1_334' title='bbox 2151 1688 2278 1727; x_wconf 85' lang='lat' dir='ltr'>solum</span> 
     </span>
    </p>
   </div>
   <div class='ocr_carea' id='block_1_3' title="bbox 2200 251 2272 280">
    <p class='ocr_par' dir='ltr' id='par_1_3' title="bbox 2200 251 2272 280">
     <span class='ocr_line' id='line_1_26' title="bbox 2200 251 2272 280; baseline 0 0"><span class='ocrx_word' id='word_1_335' title='bbox 2200 251 2272 280; x_wconf 81' lang='lat' dir='ltr'>ux</span> 
     </span>
    </p>
   </div>
   <div class='ocr_carea' id='block_1_4' title="bbox 1199 1072 1204 1205">
    <p class='ocr_par' dir='ltr' id='par_1_4' title="bbox 1199 1072 1204 1205">
     <span class='ocr_line' id='line_1_27' title="bbox 1199 1072 1204 1205; baseline 0 2635"><span class='ocrx_word' id='word_1_336' title='bbox 1199 1072 1204 1205; x_wconf 95' lang='lat' dir='ltr'> </span> 
     </span>
    </p>
   </div>
   <div class='ocr_carea' id='block_1_5' title="bbox 1198 1599 1202 1704">
    <p class='ocr_par' dir='ltr' id='par_1_5' title="bbox 1198 1599 1202 1704">
     <span class='ocr_line' id='line_1_28' title="bbox 1198 1599 1202 1704; baseline 0 0"><span class='ocrx_word' id='word_1_337' title='bbox 1198 1599 1202 1704; x_wconf 95' lang='lat' dir='ltr'> </span> 
     </span>
    </p>
   </div>
   <div class='ocr_carea' id='block_1_6' title="bbox 120 1741 2281 2521">
    <p class='ocr_par' dir='ltr' id='par_1_6' title="bbox 120 1741 2281 2521">
     <span class='ocr_line' id='line_1_29' title="bbox 121 1741 2279 1798; baseline 0.002 -18"><span class='ocrx_word' id='word_1_338' title='bbox 121 1743 228 1783; x_wconf 90' lang='lat' dir='ltr'>domi</span> <span class='ocrx_word' id='word_1_339' title='bbox 249 1741 476 1794; x_wconf 78' lang='lat' dir='ltr'>militiaeque</span> <span class='ocrx_word' id='word_1_340' title='bbox 492 1741 541 1781; x_wconf 89' lang='lat' dir='ltr'>de</span> <span class='ocrx_word' id='word_1_341' title='bbox 559 1743 686 1795; x_wconf 86' lang='lat' dir='ltr'>patria</span> <span class='ocrx_word' id='word_1_342' title='bbox 704 1742 804 1782; x_wconf 91' lang='lat' dir='ltr'>bene</span> <span class='ocrx_word' id='word_1_343' title='bbox 822 1755 1069 1794; x_wconf 88' lang='lat' dir='ltr'>meruerunt,</span> <span class='ocrx_word' id='word_1_344' title='bbox 1089 1748 1168 1786; x_wconf 81' lang='lat' dir='ltr'>lau·</span> <span class='ocrx_word' id='word_1_345' title='bbox 1230 1743 1335 1795; x_wconf 81' lang='lat' dir='ltr'>apud</span> <span class='ocrx_word' id='word_1_346' title='bbox 1354 1743 1568 1784; x_wconf 84' lang='lat' dir='ltr'>Leontinos</span> <span class='ocrx_word' id='word_1_347' title='bbox 1582 1746 1625 1784; x_wconf 90' lang='lat' dir='ltr'>in</span> <span class='ocrx_word' id='word_1_348' title='bbox 1641 1746 1799 1793; x_wconf 87' lang='lat' dir='ltr'>Sicilia,</span> <span class='ocrx_word' id='word_1_349' title='bbox 1820 1746 1887 1784; x_wconf 89' lang='lat' dir='ltr'>sed</span> <span class='ocrx_word' id='word_1_350' title='bbox 1905 1746 2007 1798; x_wconf 89' lang='lat' dir='ltr'>apud</span> <span class='ocrx_word' id='word_1_351' title='bbox 2024 1746 2279 1786; x_wconf 76' lang='lat' dir='ltr'>Athenienses</span> 
     </span>
     <span class='ocr_line' id='line_1_30' title="bbox 120 1800 2279 1861; baseline 0.001 -20"><span class='ocrx_word' id='word_1_352' title='bbox 120 1800 239 1841; x_wconf 87' lang='lat' dir='ltr'>dibus</span> <span class='ocrx_word' id='word_1_353' title='bbox 260 1809 377 1852; x_wconf 83' lang='lat' dir='ltr'>atque</span> <span class='ocrx_word' id='word_1_354' title='bbox 406 1803 687 1850; x_wconf 67' lang='lat' dir='ltr'>ornamentis,</span> <span class='ocrx_word' id='word_1_355' title='bbox 704 1802 752 1841; x_wconf 89' lang='lat' dir='ltr'>de</span> <span class='ocrx_word' id='word_1_356' title='bbox 782 1804 1073 1853; x_wconf 84' lang='lat' dir='ltr'>magistratibus</span> <span class='ocrx_word' id='word_1_357' title='bbox 1106 1806 1167 1845; x_wconf 84' lang='lat' dir='ltr'>vel</span> <span class='ocrx_word' id='word_1_358' title='bbox 1198 1804 1202 1861; x_wconf 68' lang='grc' dir='ltr'>ξ</span> <span class='ocrx_word' id='word_1_359' title='bbox 1229 1815 1394 1854; x_wconf 88' lang='lat' dir='ltr'>quoque</span> <span class='ocrx_word' id='word_1_360' title='bbox 1411 1812 1533 1842; x_wconf 87' lang='lat' dir='ltr'>artem</span> <span class='ocrx_word' id='word_1_361' title='bbox 1554 1805 1757 1855; x_wconf 84' lang='lat' dir='ltr'>professus</span> <span class='ocrx_word' id='word_1_362' title='bbox 1777 1813 1859 1852; x_wconf 83' lang='lat' dir='ltr'>est,</span> <span class='ocrx_word' id='word_1_363' title='bbox 1881 1805 1949 1856; x_wconf 93' lang='lat' dir='ltr'>qui</span> <span class='ocrx_word' id='word_1_364' title='bbox 1971 1804 2089 1856; x_wconf 88' lang='lat' dir='ltr'>hujus</span> <span class='ocrx_word' id='word_1_365' title='bbox 2108 1818 2217 1856; x_wconf 75' lang='lat' dir='ltr'>aeque</span> <span class='ocrx_word' id='word_1_366' title='bbox 2236 1820 2279 1844; x_wconf 86' lang='lat' dir='ltr'>ac</span> 
     </span>
     <span class='ocr_line' id='line_1_31' title="bbox 120 1858 2279 1915; baseline 0.002 -16"><span class='ocrx_word' id='word_1_367' title='bbox 120 1858 289 1899; x_wconf 80' lang='lat' dir='ltr'>ducibus</span> <span class='ocrx_word' id='word_1_368' title='bbox 301 1859 567 1910; x_wconf 82' lang='lat' dir='ltr'>creandis,de</span> <span class='ocrx_word' id='word_1_369' title='bbox 579 1859 841 1911; x_wconf 82' lang='lat' dir='ltr'>legationibus</span> <span class='ocrx_word' id='word_1_370' title='bbox 854 1860 1047 1902; x_wconf 89' lang='lat' dir='ltr'>obeundis</span> <span class='ocrx_word' id='word_1_371' title='bbox 1062 1864 1169 1903; x_wconf 90' lang='lat' dir='ltr'>aliis·</span> <span class='ocrx_word' id='word_1_372' title='bbox 1198 1867 1201 1911; x_wconf 68' lang='grc' dir='ltr'>ξ</span> <span class='ocrx_word' id='word_1_373' title='bbox 1231 1861 1458 1913; x_wconf 85' lang='lat' dir='ltr'>Protagorae</span> <span class='ocrx_word' id='word_1_374' title='bbox 1487 1863 1689 1913; x_wconf 81' lang='lat' dir='ltr'>ingenium</span> <span class='ocrx_word' id='word_1_375' title='bbox 1723 1863 1960 1915; x_wconf 86' lang='lat' dir='ltr'>dicendique</span> <span class='ocrx_word' id='word_1_376' title='bbox 1993 1864 2211 1903; x_wconf 83' lang='lat' dir='ltr'>facultatem</span> <span class='ocrx_word' id='word_1_377' title='bbox 2242 1874 2279 1903; x_wconf 93' lang='lat' dir='ltr'>et</span> 
     </span>
     <span class='ocr_line' id='line_1_32' title="bbox 121 1915 2279 1975; baseline 0.002 -16"><span class='ocrx_word' id='word_1_378' title='bbox 121 1932 200 1972; x_wconf 89' lang='lat' dir='ltr'>que</span> <span class='ocrx_word' id='word_1_379' title='bbox 224 1917 454 1971; x_wconf 87' lang='lat' dir='ltr'>hujusmodi</span> <span class='ocrx_word' id='word_1_380' title='bbox 482 1917 615 1959; x_wconf 89' lang='lat' dir='ltr'>rebus.</span> <span class='ocrx_word' id='word_1_381' title='bbox 672 1919 800 1966; x_wconf 88' lang='lat' dir='ltr'>Quum</span> <span class='ocrx_word' id='word_1_382' title='bbox 821 1921 942 1971; x_wconf 88' lang='lat' dir='ltr'>igitur</span> <span class='ocrx_word' id='word_1_383' title='bbox 957 1922 1170 1963; x_wconf 89' lang='lat' dir='ltr'>Athenien·</span> <span class='ocrx_word' id='word_1_384' title='bbox 1198 1915 1201 1932; x_wconf 64' lang='lat'>³</span> <span class='ocrx_word' id='word_1_385' title='bbox 1228 1931 1423 1974; x_wconf 80' lang='lat' dir='ltr'>praecepta</span> <span class='ocrx_word' id='word_1_386' title='bbox 1452 1922 1635 1962; x_wconf 89' lang='lat' dir='ltr'>admirati</span> <span class='ocrx_word' id='word_1_387' title='bbox 1667 1932 1773 1964; x_wconf 88' lang='lat' dir='ltr'>sunt.</span> <span class='ocrx_word' id='word_1_388' title='bbox 1848 1923 2068 1975; x_wconf 87' lang='lat' dir='ltr'>Caeteroqui</span> <span class='ocrx_word' id='word_1_389' title='bbox 2102 1924 2279 1974; x_wconf 78' lang='lat' dir='ltr'>Gorgias</span> 
     </span>
     <span class='ocr_line' id='line_1_33' title="bbox 121 1976 2280 2035; baseline 0.002 -17"><span class='ocrx_word' id='word_1_390' title='bbox 121 1980 224 2018; x_wconf 84' lang='lat' dir='ltr'>sium</span> <span class='ocrx_word' id='word_1_391' title='bbox 244 1976 468 2031; x_wconf 76' lang='lat' dir='ltr'>respublica</span> <span class='ocrx_word' id='word_1_392' title='bbox 481 1977 704 2017; x_wconf 89' lang='lat' dir='ltr'>illustribus</span> <span class='ocrx_word' id='word_1_393' title='bbox 721 1979 822 2018; x_wconf 81' lang='lat' dir='ltr'>viris</span> <span class='ocrx_word' id='word_1_394' title='bbox 838 1981 879 2018; x_wconf 90' lang='lat' dir='ltr'>in</span> <span class='ocrx_word' id='word_1_395' title='bbox 900 1982 1006 2020; x_wconf 90' lang='lat' dir='ltr'>omni</span> <span class='ocrx_word' id='word_1_396' title='bbox 1026 1982 1168 2021; x_wconf 87' lang='lat' dir='ltr'>artium</span> <span class='ocrx_word' id='word_1_397' title='bbox 1230 1980 1479 2033; x_wconf 82' lang='lat' dir='ltr'>Empedoclis</span> <span class='ocrx_word' id='word_1_398' title='bbox 1503 1981 1724 2034; x_wconf 89' lang='lat' dir='ltr'>discipulus</span> <span class='ocrx_word' id='word_1_399' title='bbox 1743 1983 1838 2030; x_wconf 88' lang='lat' dir='ltr'>suit,</span> <span class='ocrx_word' id='word_1_400' title='bbox 1861 1996 1999 2035; x_wconf 89' lang='lat' dir='ltr'>quem,</span> <span class='ocrx_word' id='word_1_401' title='bbox 2017 1983 2051 2022; x_wconf 88' lang='lat' dir='ltr'>si</span> <span class='ocrx_word' id='word_1_402' title='bbox 2072 1995 2166 2021; x_wconf 89' lang='lat' dir='ltr'>vera</span> <span class='ocrx_word' id='word_1_403' title='bbox 2188 1993 2280 2023; x_wconf 89' lang='lat' dir='ltr'>sunt</span> 
     </span>
     <span class='ocr_line' id='line_1_34' title="bbox 122 2035 2279 2094; baseline 0.002 -17"><span class='ocrx_word' id='word_1_404' title='bbox 122 2051 168 2078; x_wconf 85' lang='lat' dir='ltr'>ac</span> <span class='ocrx_word' id='word_1_405' title='bbox 195 2035 465 2076; x_wconf 86' lang='lat' dir='ltr'>doctrinarum</span> <span class='ocrx_word' id='word_1_406' title='bbox 494 2050 636 2087; x_wconf 80' lang='lat' dir='ltr'>genere</span> <span class='ocrx_word' id='word_1_407' title='bbox 666 2036 883 2077; x_wconf 81' lang='lat' dir='ltr'>abundaret</span> <span class='ocrx_word' id='word_1_408' title='bbox 912 2053 1037 2091; x_wconf 88' lang='lat' dir='ltr'>neque</span> <span class='ocrx_word' id='word_1_409' title='bbox 1067 2055 1169 2094; x_wconf 76' lang='lat' dir='ltr'>prae-</span> <span class='ocrx_word' id='word_1_410' title='bbox 1230 2053 1319 2092; x_wconf 79' lang='lat' dir='ltr'>quae</span> <span class='ocrx_word' id='word_1_411' title='bbox 1351 2042 1552 2092; x_wconf 84' lang='lat' dir='ltr'>Diogenes</span> <span class='ocrx_word' id='word_1_412' title='bbox 1578 2041 1759 2081; x_wconf 87' lang='lat' dir='ltr'>Laertius</span> <span class='ocrx_word' id='word_1_413' title='bbox 1789 2042 1863 2082; x_wconf 89' lang='lat' dir='ltr'>lib.</span> <span class='ocrx_word' id='word_1_414' title='bbox 1897 2042 2007 2090; x_wconf 87' lang='lat' dir='ltr'>Vlll,</span> <span class='ocrx_word' id='word_1_415' title='bbox 2038 2043 2085 2091; x_wconf 85' lang='lat'>57</span> <span class='ocrx_word' id='word_1_416' title='bbox 2120 2043 2279 2092; x_wconf 86' lang='lat' dir='ltr'>scribit,</span> 
     </span>
     <span class='ocr_line' id='line_1_35' title="bbox 120 2094 2277 2153; baseline 0.002 -16"><span class='ocrx_word' id='word_1_417' title='bbox 120 2095 316 2137; x_wconf 79' lang='lat' dir='ltr'>stantibus</span> <span class='ocrx_word' id='word_1_418' title='bbox 348 2094 443 2134; x_wconf 87' lang='lat' dir='ltr'>belli</span> <span class='ocrx_word' id='word_1_419' title='bbox 475 2095 643 2136; x_wconf 89' lang='lat' dir='ltr'>ducibus</span> <span class='ocrx_word' id='word_1_420' title='bbox 675 2106 826 2136; x_wconf 86' lang='lat' dir='ltr'>careret</span> <span class='ocrx_word' id='word_1_421' title='bbox 862 2106 978 2150; x_wconf 83' lang='lat' dir='ltr'>atque</span> <span class='ocrx_word' id='word_1_422' title='bbox 1006 2100 1170 2153; x_wconf 88' lang='lat' dir='ltr'>insuper</span> <span class='ocrx_word' id='word_1_423' title='bbox 1229 2100 1460 2140; x_wconf 84' lang='lat' dir='ltr'>Aristoteles</span> <span class='ocrx_word' id='word_1_424' title='bbox 1474 2102 1516 2139; x_wconf 92' lang='lat' dir='ltr'>in</span> <span class='ocrx_word' id='word_1_425' title='bbox 1529 2100 1855 2152; x_wconf 87' lang='lat' dir='ltr'>Sophista,libro</span> <span class='ocrx_word' id='word_1_426' title='bbox 1871 2101 2087 2153; x_wconf 82' lang='lat' dir='ltr'>deperditO,</span> <span class='ocrx_word' id='word_1_427' title='bbox 2106 2102 2277 2153; x_wconf 87' lang='lat' dir='ltr'>primum</span> 
     </span>
     <span class='ocr_line' id='line_1_36' title="bbox 121 2155 2277 2213; baseline 0.004 -21"><span class='ocrx_word' id='word_1_428' title='bbox 121 2162 465 2205; x_wconf 78' lang='lat' dir='ltr'>rerumgestarum</span> <span class='ocrx_word' id='word_1_429' title='bbox 498 2155 627 2205; x_wconf 87' lang='lat' dir='ltr'>gloria</span> <span class='ocrx_word' id='word_1_430' title='bbox 659 2155 845 2196; x_wconf 84' lang='lat' dir='ltr'>floreret:</span> <span class='ocrx_word' id='word_1_431' title='bbox 874 2170 953 2197; x_wconf 93' lang='lat' dir='ltr'>non</span> <span class='ocrx_word' id='word_1_432' title='bbox 981 2162 1165 2212; x_wconf 79' lang='lat' dir='ltr'>estquod</span> <span class='ocrx_word' id='word_1_433' title='bbox 1231 2158 1408 2208; x_wconf 84' lang='lat' dir='ltr'>attigisse</span> <span class='ocrx_word' id='word_1_434' title='bbox 1439 2157 1662 2197; x_wconf 86' lang='lat' dir='ltr'>rhetoricen</span> <span class='ocrx_word' id='word_1_435' title='bbox 1693 2168 1810 2211; x_wconf 87' lang='lat' dir='ltr'>atque</span> <span class='ocrx_word' id='word_1_436' title='bbox 1836 2160 1935 2198; x_wconf 88' lang='lat' dir='ltr'>adeo</span> <span class='ocrx_word' id='word_1_437' title='bbox 1962 2170 2084 2199; x_wconf 86' lang='lat' dir='ltr'>artem</span> <span class='ocrx_word' id='word_1_438' title='bbox 2107 2162 2277 2213; x_wconf 88' lang='lat' dir='ltr'>primum</span> 
     </span>
     <span class='ocr_line' id='line_1_37' title="bbox 121 2213 2280 2275; baseline 0.004 -24"><span class='ocrx_word' id='word_1_439' title='bbox 121 2215 312 2255; x_wconf 82' lang='lat' dir='ltr'>miremur</span> <span class='ocrx_word' id='word_1_440' title='bbox 329 2213 372 2252; x_wconf 91' lang='lat' dir='ltr'>in</span> <span class='ocrx_word' id='word_1_441' title='bbox 392 2213 463 2252; x_wconf 90' lang='lat' dir='ltr'>illo</span> <span class='ocrx_word' id='word_1_442' title='bbox 482 2213 680 2253; x_wconf 81' lang='lat' dir='ltr'>Musarum</span> <span class='ocrx_word' id='word_1_443' title='bbox 701 2224 740 2253; x_wconf 91' lang='lat' dir='ltr'>et</span> <span class='ocrx_word' id='word_1_444' title='bbox 763 2216 987 2255; x_wconf 85' lang='lat' dir='ltr'>Gratiarum</span> <span class='ocrx_word' id='word_1_445' title='bbox 1005 2218 1171 2260; x_wconf 88' lang='lat' dir='ltr'>domici·</span> <span class='ocrx_word' id='word_1_446' title='bbox 1200 2238 1204 2275; x_wconf 57' lang='grc' dir='ltr'>ι</span> <span class='ocrx_word' id='word_1_447' title='bbox 1232 2217 1497 2257; x_wconf 83' lang='lat' dir='ltr'>commovisse</span> <span class='ocrx_word' id='word_1_448' title='bbox 1525 2216 1793 2270; x_wconf 78' lang='grc' dir='ltr'>(κεκινηκέναι)</span> <span class='ocrx_word' id='word_1_449' title='bbox 1816 2220 1992 2260; x_wconf 88' lang='lat' dir='ltr'>tradidit.</span> <span class='ocrx_word' id='word_1_450' title='bbox 2050 2220 2125 2259; x_wconf 90' lang='lat' dir='ltr'>Sed</span> <span class='ocrx_word' id='word_1_451' title='bbox 2148 2230 2190 2259; x_wconf 93' lang='lat' dir='ltr'>ut</span> <span class='ocrx_word' id='word_1_452' title='bbox 2212 2222 2280 2260; x_wconf 91' lang='lat' dir='ltr'>in-</span> 
     </span>
     <span class='ocr_line' id='line_1_38' title="bbox 121 2270 2281 2338; baseline 0.003 -25"><span class='ocrx_word' id='word_1_453' title='bbox 121 2273 179 2313; x_wconf 91' lang='lat' dir='ltr'>lio</span> <span class='ocrx_word' id='word_1_454' title='bbox 194 2270 423 2312; x_wconf 85' lang='lat' dir='ltr'>hominibus</span> <span class='ocrx_word' id='word_1_455' title='bbox 444 2273 623 2313; x_wconf 84' lang='lat' dir='ltr'>facundis</span> <span class='ocrx_word' id='word_1_456' title='bbox 642 2274 799 2313; x_wconf 84' lang='lat' dir='ltr'>dicendi</span> <span class='ocrx_word' id='word_1_457' title='bbox 820 2285 1047 2326; x_wconf 82' lang='lat' dir='ltr'>argumenta</span> <span class='ocrx_word' id='word_1_458' title='bbox 1066 2291 1168 2317; x_wconf 84' lang='lat' dir='ltr'>nnn-</span> <span class='ocrx_word' id='word_1_459' title='bbox 1200 2278 1204 2338; x_wconf 58' lang='grc' dir='ltr'><strong>ξ</strong></span> <span class='ocrx_word' id='word_1_460' title='bbox 1232 2276 1427 2315; x_wconf 86' lang='lat' dir='ltr'>tellectum</span> <span class='ocrx_word' id='word_1_461' title='bbox 1446 2284 1527 2323; x_wconf 86' lang='lat' dir='ltr'>est,</span> <span class='ocrx_word' id='word_1_462' title='bbox 1552 2286 1736 2328; x_wconf 84' lang='lat' dir='ltr'>quantam</span> <span class='ocrx_word' id='word_1_463' title='bbox 1755 2279 1837 2316; x_wconf 81' lang='lat' dir='ltr'>vim</span> <span class='ocrx_word' id='word_1_464' title='bbox 1860 2278 2022 2318; x_wconf 87' lang='lat' dir='ltr'>haberet</span> <span class='ocrx_word' id='word_1_465' title='bbox 2047 2289 2226 2319; x_wconf 85' lang='lat' dir='ltr'>accurata</span> <span class='ocrx_word' id='word_1_466' title='bbox 2241 2290 2281 2319; x_wconf 88' lang='lat' dir='ltr'>et</span> 
     </span>
     <span class='ocr_line' id='line_1_39' title="bbox 121 2329 2278 2389; baseline 0.003 -18"><span class='ocrx_word' id='word_1_467' title='bbox 121 2343 238 2385; x_wconf 82' lang='lat' dir='ltr'>quam</span> <span class='ocrx_word' id='word_1_468' title='bbox 266 2329 451 2372; x_wconf 74' lang='lat' dir='ltr'>defuisse.</span> <span class='ocrx_word' id='word_1_469' title='bbox 511 2332 613 2371; x_wconf 81' lang='lat' dir='ltr'>ltine</span> <span class='ocrx_word' id='word_1_470' title='bbox 640 2333 779 2382; x_wconf 78' lang='lat' dir='ltr'>ingens</span> <span class='ocrx_word' id='word_1_471' title='bbox 798 2342 998 2373; x_wconf 86' lang='lat' dir='ltr'>oratorum</span> <span class='ocrx_word' id='word_1_472' title='bbox 1026 2348 1162 2375; x_wconf 89' lang='lat' dir='ltr'>nume·</span> <span class='ocrx_word' id='word_1_473' title='bbox 1200 2340 1203 2348; x_wconf 79' lang='lat'><em>¹</em></span> <span class='ocrx_word' id='word_1_474' title='bbox 1231 2335 1329 2373; x_wconf 84' lang='lat' dir='ltr'>facta</span> <span class='ocrx_word' id='word_1_475' title='bbox 1358 2334 1650 2386; x_wconf 88' lang='lat' dir='ltr'>quodammodo</span> <span class='ocrx_word' id='word_1_476' title='bbox 1669 2337 1818 2384; x_wconf 89' lang='lat' dir='ltr'>oratio,</span> <span class='ocrx_word' id='word_1_477' title='bbox 1844 2346 1924 2375; x_wconf 90' lang='lat' dir='ltr'>tum</span> <span class='ocrx_word' id='word_1_478' title='bbox 1954 2340 2069 2375; x_wconf 92' lang='lat' dir='ltr'>etiam</span> <span class='ocrx_word' id='word_1_479' title='bbox 2099 2339 2278 2389; x_wconf 83' lang='lat' dir='ltr'>magistri</span> 
     </span>
     <span class='ocr_line' id='line_1_40' title="bbox 123 2388 2280 2464; baseline 0.003 -34"><span class='ocrx_word' id='word_1_480' title='bbox 123 2403 191 2431; x_wconf 82' lang='lat' dir='ltr'>rus</span> <span class='ocrx_word' id='word_1_481' title='bbox 210 2388 315 2443; x_wconf 81' lang='lat' dir='ltr'>apud</span> <span class='ocrx_word' id='word_1_482' title='bbox 343 2388 449 2429; x_wconf 87' lang='lat' dir='ltr'>solos</span> <span class='ocrx_word' id='word_1_483' title='bbox 471 2389 729 2430; x_wconf 75' lang='lat' dir='ltr'>Athenienses</span> <span class='ocrx_word' id='word_1_484' title='bbox 747 2401 907 2431; x_wconf 80' lang='lat' dir='ltr'>exortus</span> <span class='ocrx_word' id='word_1_485' title='bbox 924 2401 983 2431; x_wconf 86' lang='lat' dir='ltr'>est</span> <span class='ocrx_word' id='word_1_486' title='bbox 1001 2406 1169 2444; x_wconf 85' lang='lat' dir='ltr'>quorum</span> <span class='ocrx_word' id='word_1_487' title='bbox 1200 2429 1204 2464; x_wconf 44' lang='lat'><em>3</em></span> <span class='ocrx_word' id='word_1_488' title='bbox 1232 2393 1390 2433; x_wconf 86' lang='lat' dir='ltr'>dicendi</span> <span class='ocrx_word' id='word_1_489' title='bbox 1420 2394 1533 2433; x_wconf 86' lang='lat' dir='ltr'>multi</span> <span class='ocrx_word' id='word_1_490' title='bbox 1560 2394 1693 2434; x_wconf 84' lang='lat' dir='ltr'>subito</span> <span class='ocrx_word' id='word_1_491' title='bbox 1713 2397 1961 2435; x_wconf 85' lang='lat' dir='ltr'>exstiterunt.</span> <span class='ocrx_word' id='word_1_492' title='bbox 2017 2396 2110 2435; x_wconf 89' lang='lat' dir='ltr'>Nam</span> <span class='ocrx_word' id='word_1_493' title='bbox 2140 2407 2280 2449; x_wconf 82' lang='lat' dir='ltr'>praeter</span> 
     </span>
     <span class='ocr_line' id='line_1_41' title="bbox 122 2447 2277 2521; baseline 0.003 -32"><span class='ocrx_word' id='word_1_494' title='bbox 122 2450 185 2489; x_wconf 81' lang='lat' dir='ltr'>vel</span> <span class='ocrx_word' id='word_1_495' title='bbox 205 2447 436 2489; x_wconf 85' lang='lat' dir='ltr'>nominibus</span> <span class='ocrx_word' id='word_1_496' title='bbox 450 2450 765 2490; x_wconf 89' lang='lat' dir='ltr'>commemoratis</span> <span class='ocrx_word' id='word_1_497' title='bbox 780 2451 1076 2503; x_wconf 72' lang='lat' dir='ltr'>perfectissimae</span> <span class='ocrx_word' id='word_1_498' title='bbox 1095 2454 1173 2493; x_wconf 83' lang='lat' dir='ltr'>elo·</span> <span class='ocrx_word' id='word_1_499' title='bbox 1200 2467 1204 2521; x_wconf 57' lang='grc' dir='ltr'>ί</span> <span class='ocrx_word' id='word_1_500' title='bbox 1231 2452 1417 2503; x_wconf 80' lang='lat' dir='ltr'>Gorgiam</span> <span class='ocrx_word' id='word_1_501' title='bbox 1442 2452 1676 2493; x_wconf 85' lang='lat' dir='ltr'>Leontinum</span> <span class='ocrx_word' id='word_1_502' title='bbox 1701 2463 1739 2493; x_wconf 93' lang='lat' dir='ltr'>et</span> <span class='ocrx_word' id='word_1_503' title='bbox 1760 2454 2012 2505; x_wconf 79' lang='lat' dir='ltr'>Protagoram</span> <span class='ocrx_word' id='word_1_504' title='bbox 2041 2455 2277 2504; x_wconf 82' lang='lat' dir='ltr'>Abderiten,</span> 
     </span>
    </p>
   </div>
   <div class='ocr_carea' id='block_1_7' title="bbox 1200 2114 1203 2233">
    <p class='ocr_par' dir='ltr' id='par_1_7' title="bbox 1200 2114 1203 2233">
     <span class='ocr_line' id='line_1_42' title="bbox 1200 2114 1203 2233; baseline 0 0"><span class='ocrx_word' id='word_1_505' title='bbox 1200 2114 1203 2233; x_wconf 95' lang='lat' dir='ltr'> </span> 
     </span>
    </p>
   </div>
   <div class='ocr_carea' id='block_1_8' title="bbox 1230 801 2349 852">
    <p class='ocr_par' dir='ltr' id='par_1_8' title="bbox 1230 801 2349 852">
     <span class='ocr_line' id='line_1_43' title="bbox 1230 801 2349 852; baseline 0 -14"><span class='ocrx_word' id='word_1_506' title='bbox 1230 813 1361 847; x_wconf 88' lang='lat' dir='ltr'>mum,</span> <span class='ocrx_word' id='word_1_507' title='bbox 1382 801 1488 851; x_wconf 91' lang='lat' dir='ltr'>quod</span> <span class='ocrx_word' id='word_1_508' title='bbox 1507 810 1608 840; x_wconf 86' lang='lat' dir='ltr'>esset</span> <span class='ocrx_word' id='word_1_509' title='bbox 1628 810 1740 840; x_wconf 86' lang='lat' dir='ltr'>acuta</span> <span class='ocrx_word' id='word_1_510' title='bbox 1768 802 1838 840; x_wconf 87' lang='lat' dir='ltr'>illa</span> <span class='ocrx_word' id='word_1_511' title='bbox 1857 814 1952 852; x_wconf 87' lang='lat' dir='ltr'>gens</span> <span class='ocrx_word' id='word_1_512' title='bbox 1973 810 2012 840; x_wconf 93' lang='lat' dir='ltr'>et</span> <span class='ocrx_word' id='word_1_513' title='bbox 2027 810 2280 840; x_wconf 86' lang='lat' dir='ltr'>controversa</span> <span class='ocrx_word' id='word_1_514' title='bbox 2346 802 2349 805; x_wconf 83' lang='lat'>&#39;</span> 
     </span>
    </p>
   </div>
   <div class='ocr_carea' id='block_1_9' title="bbox 0 0 51 3840">
    <p class='ocr_par' dir='ltr' id='par_1_9' title="bbox 0 0 51 3840">
     <span class='ocr_line' id='line_1_44' title="bbox 0 0 51 3840; baseline 0 0"><span class='ocrx_word' id='word_1_515' title='bbox 0 0 51 3840; x_wconf 95' lang='lat' dir='ltr'> </span> 
     </span>
    </p>
   </div>
   <div class='ocr_carea' id='block_1_10' title="bbox 121 2508 1171 2562">
    <p class='ocr_par' dir='ltr' id='par_1_10' title="bbox 121 2508 1171 2562">
     <span class='ocr_line' id='line_1_45' title="bbox 121 2508 1171 2562; baseline 0.003 -13"><span class='ocrx_word' id='word_1_516' title='bbox 121 2508 292 2562; x_wconf 76' lang='lat' dir='ltr'>quentiae</span> <span class='ocrx_word' id='word_1_517' title='bbox 310 2508 460 2560; x_wconf 84' lang='lat' dir='ltr'>species</span> <span class='ocrx_word' id='word_1_518' title='bbox 475 2509 618 2549; x_wconf 88' lang='lat' dir='ltr'>animis</span> <span class='ocrx_word' id='word_1_519' title='bbox 642 2509 885 2549; x_wconf 88' lang='lat' dir='ltr'>audientium</span> <span class='ocrx_word' id='word_1_520' title='bbox 914 2513 1099 2551; x_wconf 83' lang='lat' dir='ltr'>occurrit.</span> <span class='ocrx_word' id='word_1_521' title='bbox 1127 2514 1171 2553; x_wconf 79' lang='lat' dir='ltr'>Et</span> 
     </span>
    </p>
   </div>
   <div class='ocr_carea' id='block_1_11' title="bbox 123 2566 1203 2635">
    <p class='ocr_par' dir='ltr' id='par_1_11' title="bbox 123 2566 1203 2635">
     <span class='ocr_line' id='line_1_46' title="bbox 123 2566 1203 2635; baseline 0.003 -27"><span class='ocrx_word' id='word_1_522' title='bbox 123 2579 258 2608; x_wconf 81' lang='lat' dir='ltr'>revera</span> <span class='ocrx_word' id='word_1_523' title='bbox 277 2579 357 2606; x_wconf 81' lang='lat' dir='ltr'>una</span> <span class='ocrx_word' id='word_1_524' title='bbox 378 2566 476 2607; x_wconf 88' lang='lat' dir='ltr'>urbs</span> <span class='ocrx_word' id='word_1_525' title='bbox 498 2568 627 2607; x_wconf 82' lang='lat' dir='ltr'>Attica</span> <span class='ocrx_word' id='word_1_526' title='bbox 645 2569 829 2622; x_wconf 87' lang='lat' dir='ltr'>pluribus</span> <span class='ocrx_word' id='word_1_527' title='bbox 858 2583 961 2609; x_wconf 88' lang='lat' dir='ltr'>sanae</span> <span class='ocrx_word' id='word_1_528' title='bbox 981 2571 1168 2623; x_wconf 81' lang='lat' dir='ltr'>eloquen·</span> <span class='ocrx_word' id='word_1_529' title='bbox 1200 2589 1203 2635; x_wconf 55' lang='grc' dir='ltr'>ἰ</span> 
     </span>
    </p>
   </div>
   <div class='ocr_carea' id='block_1_12' title="bbox 1232 2511 2278 2623">
    <p class='ocr_par' dir='ltr' id='par_1_12' title="bbox 1232 2511 2278 2623">
     <span class='ocr_line' id='line_1_47' title="bbox 1233 2511 2278 2564; baseline 0.004 -14"><span class='ocrx_word' id='word_1_530' title='bbox 1233 2511 1552 2564; x_wconf 83' lang='lat' dir='ltr'>Thrasymachus</span> <span class='ocrx_word' id='word_1_531' title='bbox 1587 2513 1895 2562; x_wconf 87' lang='lat' dir='ltr'>Chalcedonius,</span> <span class='ocrx_word' id='word_1_532' title='bbox 1929 2513 2121 2553; x_wconf 87' lang='lat' dir='ltr'>Prodicus</span> <span class='ocrx_word' id='word_1_533' title='bbox 2153 2515 2278 2563; x_wconf 86' lang='lat' dir='ltr'>Ceus,</span> 
     </span>
     <span class='ocr_line' id='line_1_48' title="bbox 1232 2570 2277 2623; baseline 0.004 -15"><span class='ocrx_word' id='word_1_534' title='bbox 1232 2570 1398 2623; x_wconf 81' lang='lat' dir='ltr'>llippias</span> <span class='ocrx_word' id='word_1_535' title='bbox 1417 2571 1532 2610; x_wconf 81' lang='lat' dir='ltr'>Eleus</span> <span class='ocrx_word' id='word_1_536' title='bbox 1551 2571 1702 2623; x_wconf 85' lang='lat' dir='ltr'>aliique</span> <span class='ocrx_word' id='word_1_537' title='bbox 1724 2572 1764 2611; x_wconf 91' lang='lat' dir='ltr'>in</span> <span class='ocrx_word' id='word_1_538' title='bbox 1785 2571 1935 2611; x_wconf 87' lang='lat' dir='ltr'>honore</span> <span class='ocrx_word' id='word_1_539' title='bbox 1951 2586 2090 2623; x_wconf 85' lang='lat' dir='ltr'>magno</span> <span class='ocrx_word' id='word_1_540' title='bbox 2108 2573 2277 2613; x_wconf 85' lang='lat' dir='ltr'>suerunt.</span> 
     </span>
    </p>
   </div>
   <div class='ocr_carea' id='block_1_13' title="bbox 122 2626 2277 2696">
    <p class='ocr_par' dir='ltr' id='par_1_13' title="bbox 122 2626 2277 2696">
     <span class='ocr_line' id='line_1_49' title="bbox 122 2626 2277 2696; baseline 0.001 -28"><span class='ocrx_word' id='word_1_541' title='bbox 122 2629 187 2668; x_wconf 70' lang='lat' dir='ltr'>tiae</span> <span class='ocrx_word' id='word_1_542' title='bbox 205 2626 395 2680; x_wconf 84' lang='lat' dir='ltr'>operibus</span> <span class='ocrx_word' id='word_1_543' title='bbox 421 2639 539 2679; x_wconf 87' lang='lat' dir='ltr'>quam</span> <span class='ocrx_word' id='word_1_544' title='bbox 574 2629 761 2668; x_wconf 81' lang='lat' dir='ltr'>universa</span> <span class='ocrx_word' id='word_1_545' title='bbox 791 2629 943 2668; x_wconf 82' lang='lat' dir='ltr'>Graecia</span> <span class='ocrx_word' id='word_1_546' title='bbox 969 2630 1168 2671; x_wconf 84' lang='lat' dir='ltr'>excelluit.</span> <span class='ocrx_word' id='word_1_547' title='bbox 1200 2639 1204 2696; x_wconf 50' lang='grc' dir='ltr'>’Ξ</span> <span class='ocrx_word' id='word_1_548' title='bbox 1229 2631 1358 2676; x_wconf 87' lang='lat' dir='ltr'>Quum</span> <span class='ocrx_word' id='word_1_549' title='bbox 1389 2631 1513 2681; x_wconf 85' lang='lat' dir='ltr'>igitur</span> <span class='ocrx_word' id='word_1_550' title='bbox 1547 2630 1741 2683; x_wconf 78' lang='lat' dir='ltr'>Sophistae</span> <span class='ocrx_word' id='word_1_551' title='bbox 1769 2632 1944 2670; x_wconf 91' lang='lat' dir='ltr'>animum</span> <span class='ocrx_word' id='word_1_552' title='bbox 1976 2632 2024 2671; x_wconf 88' lang='lat' dir='ltr'>ad</span> <span class='ocrx_word' id='word_1_553' title='bbox 2060 2633 2277 2672; x_wconf 85' lang='lat' dir='ltr'>ornandam</span> 
     </span>
    </p>
   </div>
   <div class='ocr_carea' id='block_1_14' title="bbox 123 2683 1173 3506">
    <p class='ocr_par' dir='ltr' id='par_1_14' title="bbox 123 2683 1173 3506">
     <span class='ocr_line' id='line_1_50' title="bbox 125 2683 1169 2737; baseline 0.002 -12"><span class='ocrx_word' id='word_1_554' title='bbox 125 2685 299 2736; x_wconf 80' lang='lat' dir='ltr'>Namque</span> <span class='ocrx_word' id='word_1_555' title='bbox 327 2683 401 2722; x_wconf 89' lang='lat' dir='ltr'>hoc</span> <span class='ocrx_word' id='word_1_556' title='bbox 429 2684 601 2724; x_wconf 88' lang='lat' dir='ltr'>studium</span> <span class='ocrx_word' id='word_1_557' title='bbox 636 2698 715 2725; x_wconf 91' lang='lat' dir='ltr'>non</span> <span class='ocrx_word' id='word_1_558' title='bbox 746 2699 953 2726; x_wconf 90' lang='lat' dir='ltr'>commune</span> <span class='ocrx_word' id='word_1_559' title='bbox 985 2687 1169 2737; x_wconf 83' lang='lat' dir='ltr'>Graeciae,</span> 
     </span>
     <span class='ocr_line' id='line_1_51' title="bbox 123 2742 1172 2796; baseline 0.004 -13"><span class='ocrx_word' id='word_1_560' title='bbox 123 2743 191 2783; x_wconf 88' lang='lat' dir='ltr'>sed</span> <span class='ocrx_word' id='word_1_561' title='bbox 207 2742 413 2796; x_wconf 86' lang='lat' dir='ltr'>proprium</span> <span class='ocrx_word' id='word_1_562' title='bbox 432 2742 672 2782; x_wconf 78' lang='lat' dir='ltr'>Athenarum</span> <span class='ocrx_word' id='word_1_563' title='bbox 694 2745 779 2786; x_wconf 86' lang='lat' dir='ltr'>fuit.</span> <span class='ocrx_word' id='word_1_564' title='bbox 836 2747 935 2792; x_wconf 89' lang='lat' dir='ltr'>Quis</span> <span class='ocrx_word' id='word_1_565' title='bbox 960 2756 1086 2785; x_wconf 89' lang='lat' dir='ltr'>autem</span> <span class='ocrx_word' id='word_1_566' title='bbox 1108 2758 1172 2787; x_wconf 85' lang='lat' dir='ltr'>aut</span> 
     </span>
     <span class='ocr_line' id='line_1_52' title="bbox 125 2802 1172 2853; baseline 0.005 -12"><span class='ocrx_word' id='word_1_567' title='bbox 125 2802 313 2853; x_wconf 79' lang='lat' dir='ltr'>Argivum</span> <span class='ocrx_word' id='word_1_568' title='bbox 334 2810 529 2841; x_wconf 83' lang='lat' dir='ltr'>oratorem</span> <span class='ocrx_word' id='word_1_569' title='bbox 553 2804 689 2851; x_wconf 81' lang='lat' dir='ltr'>novit,</span> <span class='ocrx_word' id='word_1_570' title='bbox 720 2813 787 2843; x_wconf 85' lang='lat' dir='ltr'>aut</span> <span class='ocrx_word' id='word_1_571' title='bbox 810 2804 1078 2853; x_wconf 86' lang='lat' dir='ltr'>Corinthium,</span> <span class='ocrx_word' id='word_1_572' title='bbox 1107 2817 1172 2846; x_wconf 87' lang='lat' dir='ltr'>ant</span> 
     </span>
     <span class='ocr_line' id='line_1_53' title="bbox 123 2859 1170 2908; baseline 0.002 -6"><span class='ocrx_word' id='word_1_573' title='bbox 123 2859 379 2908; x_wconf 69' lang='lat' dir='ltr'>Theb-num,</span> <span class='ocrx_word' id='word_1_574' title='bbox 409 2868 476 2900; x_wconf 84' lang='lat' dir='ltr'>aut</span> <span class='ocrx_word' id='word_1_575' title='bbox 507 2860 877 2903; x_wconf 72' lang='lat' dir='ltr'>Lacedaemonium?</span> <span class='ocrx_word' id='word_1_576' title='bbox 916 2863 1111 2903; x_wconf 83' lang='lat' dir='ltr'>Nimirum</span> <span class='ocrx_word' id='word_1_577' title='bbox 1137 2866 1170 2904; x_wconf 87' lang='lat' dir='ltr'>si</span> 
     </span>
     <span class='ocr_line' id='line_1_54' title="bbox 123 2918 1172 2973; baseline 0.002 -13"><span class='ocrx_word' id='word_1_578' title='bbox 123 2920 192 2973; x_wconf 84' lang='lat' dir='ltr'>qui</span> <span class='ocrx_word' id='word_1_579' title='bbox 212 2919 311 2959; x_wconf 84' lang='lat' dir='ltr'>forte</span> <span class='ocrx_word' id='word_1_580' title='bbox 327 2918 431 2959; x_wconf 86' lang='lat' dir='ltr'>inter</span> <span class='ocrx_word' id='word_1_581' title='bbox 446 2920 544 2959; x_wconf 84' lang='lat' dir='ltr'>istos</span> <span class='ocrx_word' id='word_1_582' title='bbox 559 2923 762 2969; x_wconf 83' lang='lat' dir='ltr'>exstitere,</span> <span class='ocrx_word' id='word_1_583' title='bbox 778 2922 886 2961; x_wconf 82' lang='lat' dir='ltr'>velut</span> <span class='ocrx_word' id='word_1_584' title='bbox 903 2923 1005 2961; x_wconf 85' lang='lat' dir='ltr'>inter</span> <span class='ocrx_word' id='word_1_585' title='bbox 1023 2922 1057 2961; x_wconf 84' lang='grc' dir='ltr'><strong>Τ</strong></span> <span class='ocrx_word' id='word_1_586' title='bbox 1061 2923 1172 2963; x_wconf 87' lang='lat' dir='ltr'>heba-</span> 
     </span>
     <span class='ocr_line' id='line_1_55' title="bbox 124 2977 1171 3032; baseline 0.004 -14"><span class='ocrx_word' id='word_1_587' title='bbox 124 2990 198 3018; x_wconf 86' lang='lat' dir='ltr'>nos</span> <span class='ocrx_word' id='word_1_588' title='bbox 216 2977 527 3031; x_wconf 74' lang='lat' dir='ltr'>Epaminondas,</span> <span class='ocrx_word' id='word_1_589' title='bbox 544 2987 582 3018; x_wconf 89' lang='lat' dir='ltr'>et</span> <span class='ocrx_word' id='word_1_590' title='bbox 600 2980 715 3032; x_wconf 83' lang='lat' dir='ltr'>pauci</span> <span class='ocrx_word' id='word_1_591' title='bbox 739 2980 846 3020; x_wconf 87' lang='lat' dir='ltr'>fuere</span> <span class='ocrx_word' id='word_1_592' title='bbox 860 2990 898 3020; x_wconf 92' lang='lat' dir='ltr'>et</span> <span class='ocrx_word' id='word_1_593' title='bbox 924 2982 1171 3023; x_wconf 87' lang='lat' dir='ltr'>Atheniensi·</span> 
     </span>
     <span class='ocr_line' id='line_1_56' title="bbox 123 3036 1171 3093; baseline 0.005 -16"><span class='ocrx_word' id='word_1_594' title='bbox 123 3036 200 3077; x_wconf 82' lang='lat' dir='ltr'>bus</span> <span class='ocrx_word' id='word_1_595' title='bbox 214 3037 433 3077; x_wconf 82' lang='lat' dir='ltr'>inferiores.</span> <span class='ocrx_word' id='word_1_596' title='bbox 489 3037 679 3078; x_wconf 68' lang='lat' dir='ltr'>Ceterum</span> <span class='ocrx_word' id='word_1_597' title='bbox 693 3038 797 3079; x_wconf 83' lang='lat' dir='ltr'>baud</span> <span class='ocrx_word' id='word_1_598' title='bbox 819 3041 932 3093; x_wconf 90' lang='lat' dir='ltr'>pauci</span> <span class='ocrx_word' id='word_1_599' title='bbox 954 3042 1021 3093; x_wconf 86' lang='lat' dir='ltr'>qui</span> <span class='ocrx_word' id='word_1_600' title='bbox 1039 3055 1171 3082; x_wconf 80' lang='lat' dir='ltr'>veram</span> 
     </span>
     <span class='ocr_line' id='line_1_57' title="bbox 123 3095 1171 3150; baseline 0.005 -15"><span class='ocrx_word' id='word_1_601' title='bbox 123 3095 386 3144; x_wconf 79' lang='lat' dir='ltr'>eruditionem</span> <span class='ocrx_word' id='word_1_602' title='bbox 431 3108 519 3135; x_wconf 90' lang='lat' dir='ltr'>cum</span> <span class='ocrx_word' id='word_1_603' title='bbox 561 3096 786 3149; x_wconf 85' lang='lat' dir='ltr'>eloquentia</span> <span class='ocrx_word' id='word_1_604' title='bbox 819 3099 1103 3150; x_wconf 75' lang='lat' dir='ltr'>conjungerent</span> <span class='ocrx_word' id='word_1_605' title='bbox 1131 3102 1171 3141; x_wconf 90' lang='lat' dir='ltr'>in</span> 
     </span>
     <span class='ocr_line' id='line_1_58' title="bbox 125 3154 1171 3210; baseline 0.005 -16"><span class='ocrx_word' id='word_1_606' title='bbox 125 3154 424 3195; x_wconf 82' lang='lat' dir='ltr'>Atheniensium</span> <span class='ocrx_word' id='word_1_607' title='bbox 446 3154 652 3208; x_wconf 84' lang='lat' dir='ltr'>republica</span> <span class='ocrx_word' id='word_1_608' title='bbox 677 3170 868 3210; x_wconf 85' lang='lat' dir='ltr'>prospero</span> <span class='ocrx_word' id='word_1_609' title='bbox 894 3158 1061 3197; x_wconf 61' lang='lat' dir='ltr'>fortuna</span> <span class='ocrx_word' id='word_1_610' title='bbox 1080 3159 1171 3199; x_wconf 82' lang='lat' dir='ltr'>tlatu</span> 
     </span>
     <span class='ocr_line' id='line_1_59' title="bbox 124 3212 1172 3267; baseline 0.005 -14"><span class='ocrx_word' id='word_1_611' title='bbox 124 3213 186 3254; x_wconf 88' lang='lat' dir='ltr'>usi</span> <span class='ocrx_word' id='word_1_612' title='bbox 207 3225 382 3253; x_wconf 82' lang='lat' dir='ltr'>summos</span> <span class='ocrx_word' id='word_1_613' title='bbox 401 3212 594 3254; x_wconf 86' lang='lat' dir='ltr'>honorum</span> <span class='ocrx_word' id='word_1_614' title='bbox 616 3215 760 3267; x_wconf 82' lang='lat' dir='ltr'>gradus</span> <span class='ocrx_word' id='word_1_615' title='bbox 780 3217 945 3255; x_wconf 87' lang='lat' dir='ltr'>assecuti</span> <span class='ocrx_word' id='word_1_616' title='bbox 967 3226 1056 3256; x_wconf 90' lang='lat' dir='ltr'>sunt</span> <span class='ocrx_word' id='word_1_617' title='bbox 1072 3218 1172 3258; x_wconf 82' lang='lat' dir='ltr'>mul·</span> 
     </span>
     <span class='ocr_line' id='line_1_60' title="bbox 125 3273 1168 3327; baseline 0.006 -16"><span class='ocrx_word' id='word_1_618' title='bbox 125 3280 287 3325; x_wconf 86' lang='lat' dir='ltr'>tumque</span> <span class='ocrx_word' id='word_1_619' title='bbox 322 3273 426 3325; x_wconf 84' lang='lat' dir='ltr'>apud</span> <span class='ocrx_word' id='word_1_620' title='bbox 461 3274 650 3327; x_wconf 87' lang='lat' dir='ltr'>populum</span> <span class='ocrx_word' id='word_1_621' title='bbox 685 3276 915 3314; x_wconf 84' lang='lat' dir='ltr'>auctoritate</span> <span class='ocrx_word' id='word_1_622' title='bbox 948 3276 1168 3319; x_wconf 81' lang='lat' dir='ltr'>valuerunt.</span> 
     </span>
     <span class='ocr_line' id='line_1_61' title="bbox 124 3329 1170 3385; baseline 0.006 -15"><span class='ocrx_word' id='word_1_623' title='bbox 124 3329 196 3371; x_wconf 78' lang='lat' dir='ltr'>llis</span> <span class='ocrx_word' id='word_1_624' title='bbox 219 3332 502 3372; x_wconf 83' lang='lat' dir='ltr'>annumerandi</span> <span class='ocrx_word' id='word_1_625' title='bbox 529 3334 699 3385; x_wconf 87' lang='lat' dir='ltr'>primum</span> <span class='ocrx_word' id='word_1_626' title='bbox 729 3333 874 3381; x_wconf 87' lang='lat' dir='ltr'>Solon,</span> <span class='ocrx_word' id='word_1_627' title='bbox 907 3347 929 3372; x_wconf 91' lang='lat' dir='ltr'>a</span> <span class='ocrx_word' id='word_1_628' title='bbox 947 3347 1027 3385; x_wconf 82' lang='lat' dir='ltr'>quo</span> <span class='ocrx_word' id='word_1_629' title='bbox 1051 3336 1170 3376; x_wconf 81' lang='lat' dir='ltr'>Athe-</span> 
     </span>
     <span class='ocr_line' id='line_1_62' title="bbox 125 3386 1173 3444; baseline 0.006 -15"><span class='ocrx_word' id='word_1_630' title='bbox 125 3386 321 3430; x_wconf 65' lang='lat' dir='ltr'>niensium</span> <span class='ocrx_word' id='word_1_631' title='bbox 341 3390 553 3444; x_wconf 84' lang='lat' dir='ltr'>disciplina</span> <span class='ocrx_word' id='word_1_632' title='bbox 574 3392 727 3443; x_wconf 73' lang='lat' dir='ltr'>legibus</span> <span class='ocrx_word' id='word_1_633' title='bbox 745 3393 902 3431; x_wconf 69' lang='lat' dir='ltr'>astricta</span> <span class='ocrx_word' id='word_1_634' title='bbox 920 3401 996 3442; x_wconf 80' lang='lat' dir='ltr'>est,</span> <span class='ocrx_word' id='word_1_635' title='bbox 1013 3402 1051 3433; x_wconf 81' lang='lat' dir='ltr'>et</span> <span class='ocrx_word' id='word_1_636' title='bbox 1071 3395 1173 3435; x_wconf 82' lang='lat' dir='ltr'>Pisi·</span> 
     </span>
     <span class='ocr_line' id='line_1_63' title="bbox 126 3451 1172 3506; baseline 0.007 -18"><span class='ocrx_word' id='word_1_637' title='bbox 126 3452 271 3490; x_wconf 77' lang='lat' dir='ltr'>stratus</span> <span class='ocrx_word' id='word_1_638' title='bbox 300 3459 514 3503; x_wconf 78' lang='lat' dir='ltr'>tyrannus,</span> <span class='ocrx_word' id='word_1_639' title='bbox 541 3451 684 3491; x_wconf 87' lang='lat' dir='ltr'>deinde</span> <span class='ocrx_word' id='word_1_640' title='bbox 703 3451 984 3493; x_wconf 82' lang='lat' dir='ltr'>Themistocles</span> <span class='ocrx_word' id='word_1_641' title='bbox 1011 3467 1172 3506; x_wconf 83' lang='lat' dir='ltr'>magnus</span> 
     </span>
    </p>
   </div>
   <div class='ocr_carea' id='block_1_15' title="bbox 1200 2689 2279 2745">
    <p class='ocr_par' dir='ltr' id='par_1_15' title="bbox 1200 2689 2279 2745">
     <span class='ocr_line' id='line_1_64' title="bbox 1200 2689 2279 2745; baseline 0.005 -18"><span class='ocrx_word' id='word_1_642' title='bbox 1200 2698 1203 2740; x_wconf 67' lang='grc' dir='ltr'>ξ</span> <span class='ocrx_word' id='word_1_643' title='bbox 1231 2690 1465 2729; x_wconf 84' lang='lat' dir='ltr'>rhetoricam</span> <span class='ocrx_word' id='word_1_644' title='bbox 1489 2689 1739 2743; x_wconf 83' lang='lat' dir='ltr'>disciplinam</span> <span class='ocrx_word' id='word_1_645' title='bbox 1757 2691 2020 2743; x_wconf 82' lang='lat' dir='ltr'>appulissent,</span> <span class='ocrx_word' id='word_1_646' title='bbox 2039 2706 2176 2731; x_wconf 86' lang='lat' dir='ltr'>omnes</span> <span class='ocrx_word' id='word_1_647' title='bbox 2192 2693 2279 2745; x_wconf 72' lang='lat' dir='ltr'>ejus</span> 
     </span>
    </p>
   </div>
   <div class='ocr_carea' id='block_1_16' title="bbox 1230 2751 2280 3099">
    <p class='ocr_par' dir='ltr' id='par_1_16' title="bbox 1230 2751 2280 3099">
     <span class='ocr_line' id='line_1_65' title="bbox 1232 2751 2278 2803; baseline 0.004 -16"><span class='ocrx_word' id='word_1_648' title='bbox 1232 2758 1362 2801; x_wconf 85' lang='lat' dir='ltr'>partes</span> <span class='ocrx_word' id='word_1_649' title='bbox 1390 2762 1544 2789; x_wconf 85' lang='lat' dir='ltr'>summa</span> <span class='ocrx_word' id='word_1_650' title='bbox 1565 2763 1663 2789; x_wconf 86' lang='lat' dir='ltr'>cura</span> <span class='ocrx_word' id='word_1_651' title='bbox 1694 2759 1864 2789; x_wconf 79' lang='lat' dir='ltr'>tractatae</span> <span class='ocrx_word' id='word_1_652' title='bbox 1892 2759 1982 2789; x_wconf 80' lang='lat' dir='ltr'>sunt</span> <span class='ocrx_word' id='word_1_653' title='bbox 2016 2751 2171 2803; x_wconf 85' lang='lat' dir='ltr'>ipsique</span> <span class='ocrx_word' id='word_1_654' title='bbox 2199 2754 2278 2792; x_wconf 86' lang='lat' dir='ltr'>elu-</span> 
     </span>
     <span class='ocr_line' id='line_1_66' title="bbox 1230 2808 2273 2863; baseline 0.006 -18"><span class='ocrx_word' id='word_1_655' title='bbox 1230 2808 1400 2859; x_wconf 85' lang='lat' dir='ltr'>quentiae</span> <span class='ocrx_word' id='word_1_656' title='bbox 1421 2821 1555 2847; x_wconf 84' lang='lat' dir='ltr'>corum</span> <span class='ocrx_word' id='word_1_657' title='bbox 1578 2811 1696 2862; x_wconf 65' lang='lat' dir='ltr'>operti</span> <span class='ocrx_word' id='word_1_658' title='bbox 1719 2809 1916 2859; x_wconf 79' lang='lat' dir='ltr'>fastigium</span> <span class='ocrx_word' id='word_1_659' title='bbox 1941 2810 2168 2863; x_wconf 84' lang='lat' dir='ltr'>impositum</span> <span class='ocrx_word' id='word_1_660' title='bbox 2201 2822 2273 2852; x_wconf 82' lang='lat' dir='ltr'>est.</span> 
     </span>
     <span class='ocr_line' id='line_1_67' title="bbox 1232 2867 2277 2923; baseline 0.006 -19"><span class='ocrx_word' id='word_1_661' title='bbox 1232 2867 1313 2906; x_wconf 72' lang='lat' dir='ltr'>Etsi</span> <span class='ocrx_word' id='word_1_662' title='bbox 1329 2867 1435 2906; x_wconf 89' lang='lat' dir='ltr'>enim</span> <span class='ocrx_word' id='word_1_663' title='bbox 1453 2876 1588 2920; x_wconf 80' lang='lat' dir='ltr'>postea</span> <span class='ocrx_word' id='word_1_664' title='bbox 1602 2868 1805 2922; x_wconf 85' lang='lat' dir='ltr'>Antiphon</span> <span class='ocrx_word' id='word_1_665' title='bbox 1826 2869 2103 2917; x_wconf 75' lang='lat' dir='ltr'>llhamnusins,</span> <span class='ocrx_word' id='word_1_666' title='bbox 2125 2870 2277 2923; x_wconf 76' lang='lat' dir='ltr'>Lysias,</span> 
     </span>
     <span class='ocr_line' id='line_1_68' title="bbox 1233 2924 2277 2982; baseline 0.007 -20"><span class='ocrx_word' id='word_1_667' title='bbox 1233 2924 1422 2966; x_wconf 82' lang='lat' dir='ltr'>isocrates</span> <span class='ocrx_word' id='word_1_668' title='bbox 1446 2928 1657 2978; x_wconf 74' lang='lat' dir='ltr'>caeterique</span> <span class='ocrx_word' id='word_1_669' title='bbox 1676 2936 1852 2967; x_wconf 86' lang='lat' dir='ltr'>oratores</span> <span class='ocrx_word' id='word_1_670' title='bbox 1884 2929 2004 2967; x_wconf 83' lang='lat' dir='ltr'>Attici</span> <span class='ocrx_word' id='word_1_671' title='bbox 2026 2938 2102 2968; x_wconf 88' lang='lat' dir='ltr'>tam</span> <span class='ocrx_word' id='word_1_672' title='bbox 2130 2941 2277 2982; x_wconf 74' lang='lat' dir='ltr'>pra-re-</span> 
     </span>
     <span class='ocr_line' id='line_1_69' title="bbox 1231 2985 2280 3039; baseline 0.006 -17"><span class='ocrx_word' id='word_1_673' title='bbox 1231 2985 1310 3036; x_wconf 81' lang='lat' dir='ltr'>ptis</span> <span class='ocrx_word' id='word_1_674' title='bbox 1340 2998 1457 3037; x_wconf 84' lang='lat' dir='ltr'>quam</span> <span class='ocrx_word' id='word_1_675' title='bbox 1484 2987 1716 3039; x_wconf 89' lang='lat' dir='ltr'>quotidiano</span> <span class='ocrx_word' id='word_1_676' title='bbox 1746 2987 1903 3027; x_wconf 87' lang='lat' dir='ltr'>dicendi</span> <span class='ocrx_word' id='word_1_677' title='bbox 1934 3002 2006 3026; x_wconf 85' lang='lat' dir='ltr'>usu</span> <span class='ocrx_word' id='word_1_678' title='bbox 2040 2997 2078 3027; x_wconf 84' lang='lat' dir='ltr'>et</span> <span class='ocrx_word' id='word_1_679' title='bbox 2095 2992 2280 3029; x_wconf 79' lang='lat' dir='ltr'>exercita·</span> 
     </span>
     <span class='ocr_line' id='line_1_70' title="bbox 1232 3044 2276 3099; baseline 0.007 -18"><span class='ocrx_word' id='word_1_680' title='bbox 1232 3044 1337 3083; x_wconf 88' lang='lat' dir='ltr'>tione</span> <span class='ocrx_word' id='word_1_681' title='bbox 1369 3044 1592 3086; x_wconf 86' lang='lat' dir='ltr'>inchoatum</span> <span class='ocrx_word' id='word_1_682' title='bbox 1631 3046 1681 3086; x_wconf 85' lang='lat' dir='ltr'>ab</span> <span class='ocrx_word' id='word_1_683' title='bbox 1713 3047 1802 3086; x_wconf 90' lang='lat' dir='ltr'>aliis</span> <span class='ocrx_word' id='word_1_684' title='bbox 1840 3060 1941 3099; x_wconf 84' lang='lat' dir='ltr'>opus</span> <span class='ocrx_word' id='word_1_685' title='bbox 1980 3046 2232 3087; x_wconf 80' lang='lat' dir='ltr'>absolverunt</span> <span class='ocrx_word' id='word_1_686' title='bbox 2267 3065 2276 3088; x_wconf 76' lang='lat' dir='ltr'>z</span> 
     </span>
    </p>
   </div>
   <div class='ocr_carea' id='block_1_17' title="bbox 1201 3104 2279 3335">
    <p class='ocr_par' dir='ltr' id='par_1_17' title="bbox 1201 3104 2279 3275">
     <span class='ocr_line' id='line_1_71' title="bbox 1201 3104 2279 3158; baseline 0.006 -18"><span class='ocrx_word' id='word_1_687' title='bbox 1201 3128 1204 3154; x_wconf 51' lang='lat'>1</span> <span class='ocrx_word' id='word_1_688' title='bbox 1234 3110 1359 3142; x_wconf 85' lang='lat' dir='ltr'>tamen</span> <span class='ocrx_word' id='word_1_689' title='bbox 1384 3116 1406 3142; x_wconf 86' lang='lat' dir='ltr'>a</span> <span class='ocrx_word' id='word_1_690' title='bbox 1431 3104 1627 3157; x_wconf 84' lang='lat' dir='ltr'>Sophistis</span> <span class='ocrx_word' id='word_1_691' title='bbox 1648 3106 1705 3144; x_wconf 83' lang='lat' dir='ltr'>rei</span> <span class='ocrx_word' id='word_1_692' title='bbox 1727 3106 1976 3144; x_wconf 82' lang='lat' dir='ltr'>fundamenta</span> <span class='ocrx_word' id='word_1_693' title='bbox 1997 3115 2072 3144; x_wconf 86' lang='lat' dir='ltr'>tam</span> <span class='ocrx_word' id='word_1_694' title='bbox 2094 3108 2279 3158; x_wconf 75' lang='lat' dir='ltr'>pra-clare</span> 
     </span>
     <span class='ocr_line' id='line_1_72' title="bbox 1202 3160 2278 3217; baseline 0.003 -17"><span class='ocrx_word' id='word_1_695' title='bbox 1202 3191 1203 3210; x_wconf 40' lang='lat'><em>2</em></span> <span class='ocrx_word' id='word_1_696' title='bbox 1226 3160 1331 3212; x_wconf 80' lang='lat' dir='ltr'>Jacta</span> <span class='ocrx_word' id='word_1_697' title='bbox 1349 3172 1479 3211; x_wconf 76' lang='lat' dir='ltr'>erant,</span> <span class='ocrx_word' id='word_1_698' title='bbox 1496 3173 1538 3203; x_wconf 86' lang='lat' dir='ltr'>ut.</span> <span class='ocrx_word' id='word_1_699' title='bbox 1555 3164 1630 3217; x_wconf 89' lang='lat' dir='ltr'>ipsi</span> <span class='ocrx_word' id='word_1_700' title='bbox 1650 3164 1721 3203; x_wconf 86' lang='lat' dir='ltr'>soli</span> <span class='ocrx_word' id='word_1_701' title='bbox 1744 3165 1954 3203; x_wconf 87' lang='lat' dir='ltr'>oratoriam</span> <span class='ocrx_word' id='word_1_702' title='bbox 1976 3173 2094 3202; x_wconf 82' lang='lat' dir='ltr'>artem</span> <span class='ocrx_word' id='word_1_703' title='bbox 2116 3173 2151 3203; x_wconf 84' lang='lat' dir='ltr'>et</span> <span class='ocrx_word' id='word_1_704' title='bbox 2171 3166 2278 3203; x_wconf 72' lang='lat' dir='ltr'>invo-</span> 
     </span>
     <span class='ocr_line' id='line_1_73' title="bbox 1201 3220 1923 3275; baseline 0.007 -16"><span class='ocrx_word' id='word_1_705' title='bbox 1201 3230 1204 3274; x_wconf 61' lang='lat'>}</span> <span class='ocrx_word' id='word_1_706' title='bbox 1231 3220 1336 3261; x_wconf 88' lang='lat' dir='ltr'>nisse</span> <span class='ocrx_word' id='word_1_707' title='bbox 1369 3231 1407 3261; x_wconf 90' lang='lat' dir='ltr'>et</span> <span class='ocrx_word' id='word_1_708' title='bbox 1439 3224 1651 3275; x_wconf 80' lang='lat' dir='ltr'>perfecisse</span> <span class='ocrx_word' id='word_1_709' title='bbox 1680 3224 1923 3264; x_wconf 82' lang='lat' dir='ltr'>viderentur.</span> 
     </span>
    </p>

    <p class='ocr_par' dir='ltr' id='par_1_18' title="bbox 1233 3282 2279 3335">
     <span class='ocr_line' id='line_1_74' title="bbox 1233 3282 2279 3335; baseline 0 -15"><span class='ocrx_word' id='word_1_710' title='bbox 1233 3289 1367 3333; x_wconf 88' lang='lat' dir='ltr'>postea</span> <span class='ocrx_word' id='word_1_711' title='bbox 1387 3282 1524 3322; x_wconf 79' lang='lat' dir='ltr'>Asiani</span> <span class='ocrx_word' id='word_1_712' title='bbox 1544 3282 1593 3322; x_wconf 89' lang='lat' dir='ltr'>ab</span> <span class='ocrx_word' id='word_1_713' title='bbox 1612 3284 1739 3322; x_wconf 75' lang='lat' dir='ltr'>atticae</span> <span class='ocrx_word' id='word_1_714' title='bbox 1758 3283 1991 3335; x_wconf 79' lang='lat' dir='ltr'>eloquentia·</span> <span class='ocrx_word' id='word_1_715' title='bbox 2012 3295 2149 3321; x_wconf 85' lang='lat' dir='ltr'>norma</span> <span class='ocrx_word' id='word_1_716' title='bbox 2167 3282 2279 3320; x_wconf 88' lang='lat' dir='ltr'>aber·</span> 
     </span>
    </p>
   </div>
   <div class='ocr_carea' id='block_1_18' title="bbox 1985 3222 2278 3273">
    <p class='ocr_par' dir='ltr' id='par_1_19' title="bbox 1985 3222 2278 3273">
     <span class='ocr_line' id='line_1_75' title="bbox 1985 3222 2278 3273; baseline -0.003 -12"><span class='ocrx_word' id='word_1_717' title='bbox 1985 3223 2136 3262; x_wconf 73' lang='lat' dir='ltr'>Accedit</span> <span class='ocrx_word' id='word_1_718' title='bbox 2173 3222 2278 3273; x_wconf 76' lang='lat' dir='ltr'>qnod</span> 
     </span>
    </p>
   </div>
   <div class='ocr_carea' id='block_1_19' title="bbox 1233 3340 2279 3511">
    <p class='ocr_par' dir='ltr' id='par_1_20' title="bbox 1233 3340 2279 3511">
     <span class='ocr_line' id='line_1_76' title="bbox 1233 3340 2279 3394; baseline 0.001 -15"><span class='ocrx_word' id='word_1_719' title='bbox 1233 3349 1362 3380; x_wconf 84' lang='lat' dir='ltr'>rantes</span> <span class='ocrx_word' id='word_1_720' title='bbox 1384 3354 1516 3381; x_wconf 83' lang='lat' dir='ltr'>veram</span> <span class='ocrx_word' id='word_1_721' title='bbox 1534 3342 1692 3381; x_wconf 73' lang='lat' dir='ltr'>dicendi</span> <span class='ocrx_word' id='word_1_722' title='bbox 1713 3343 1792 3382; x_wconf 83' lang='lat' dir='ltr'>vim</span> <span class='ocrx_word' id='word_1_723' title='bbox 1814 3356 1929 3394; x_wconf 79' lang='lat' dir='ltr'>qnam</span> <span class='ocrx_word' id='word_1_724' title='bbox 1953 3342 2067 3393; x_wconf 83' lang='lat' dir='ltr'>primi</span> <span class='ocrx_word' id='word_1_725' title='bbox 2090 3340 2279 3393; x_wconf 75' lang='lat' dir='ltr'>Sopluistte</span> 
     </span>
     <span class='ocr_line' id='line_1_77' title="bbox 1237 3400 2279 3451; baseline 0 -14"><span class='ocrx_word' id='word_1_726' title='bbox 1237 3408 1516 3451; x_wconf 74' lang='lat' dir='ltr'>perspexerant</span> <span class='ocrx_word' id='word_1_727' title='bbox 1555 3400 1751 3450; x_wconf 79' lang='lat' dir='ltr'>fregerunt</span> <span class='ocrx_word' id='word_1_728' title='bbox 1787 3401 2084 3450; x_wconf 82' lang='lat' dir='ltr'>orationemque</span> <span class='ocrx_word' id='word_1_729' title='bbox 2116 3412 2279 3438; x_wconf 79' lang='lat' dir='ltr'>enerva-</span> 
     </span>
     <span class='ocr_line' id='line_1_78' title="bbox 1237 3457 2275 3511; baseline -0.001 -15"><span class='ocrx_word' id='word_1_730' title='bbox 1237 3466 1340 3498; x_wconf 88' lang='lat' dir='ltr'>runt.</span> <span class='ocrx_word' id='word_1_731' title='bbox 1397 3457 1526 3498; x_wconf 75' lang='lat' dir='ltr'>Manet</span> <span class='ocrx_word' id='word_1_732' title='bbox 1545 3459 1667 3509; x_wconf 80' lang='lat' dir='ltr'>igitur</span> <span class='ocrx_word' id='word_1_733' title='bbox 1694 3459 1886 3511; x_wconf 88' lang='lat' dir='ltr'>Sophistis</span> <span class='ocrx_word' id='word_1_734' title='bbox 1906 3458 1972 3496; x_wconf 82' lang='lat' dir='ltr'>illa</span> <span class='ocrx_word' id='word_1_735' title='bbox 1998 3458 2083 3495; x_wconf 84' lang='lat' dir='ltr'>laus</span> <span class='ocrx_word' id='word_1_736' title='bbox 2101 3470 2275 3510; x_wconf 87' lang='lat' dir='ltr'>semper·</span> 
     </span>
    </p>
   </div>
  </div>
 </body>
</html>
