2606 3828
323 244 399 278 296

319 326 488 365 instituit
500 325 570 378 (6),
586 335 628 364 ut
638 334 724 377 post
737 334 933 377 perceptas
950 325 1118 375 reliquas
1135 325 1365 377 disciplinas

320 386 548 436 equitarent,
570 386 808 435 sagittarent,
829 385 944 422 sunda
965 384 1112 435 lapides
1123 393 1361 433 excuterent,

319 445 488 496 denique
500 444 778 496 jacularentur.
803 444 846 481 ln
867 443 1044 494 palaestra
1060 455 1152 481 vero
1173 457 1250 481 non
1271 457 1363 495 per-

319 503 494 541 mittebat
530 504 699 541 luctandi
736 504 918 551 magistro
954 514 1019 539 eos
1055 502 1285 540 athletarum
1321 504 1362 542 in

319 574 464 600 morem
485 575 683 607 exercere,
704 560 769 598 sed
797 569 942 597 tantum
966 560 1015 598 ad
1047 561 1218 599 colorem
1255 561 1362 601 rubi-

316 619 484 658 cundum
506 621 565 658 ori
600 618 859 657 inducendum
891 627 929 656 et
951 618 999 655 ad
1019 617 1161 657 bonam
1182 621 1361 671 corporis

314 678 597 716 habitudinem.
617 676 815 714 Tenebant
842 685 967 713 autem
989 679 1102 728 pueri
1125 679 1247 716 multa
1266 692 1360 730 poe-

314 745 438 774 tarum
458 737 703 785 aliorumque
717 734 949 784 scriptorum
969 743 1007 772 et
1027 735 1152 786 ipsius
1172 736 1359 787 Diogenis

313 795 415 833 dicta
443 795 687 840 nienioriter3
720 806 952 843 omnemque
982 794 1062 832 illis
1089 794 1275 834 doctrinae
1295 810 1357 835 ra-

313 854 455 891 tionem
473 883 483 900 ‚
514 861 556 890 ut
597 852 707 890 facile
742 852 928 890 memoria
969 853 1359 904 comprehenderetur

310 911 481 950 breviter
493 910 705 962 expositam
722 910 951 949 inculcabat.
978 912 1089 949 Domi
1107 912 1221 950 etiam
1240 913 1357 951 mini·

309 980 433 1009 strare
445 983 510 1008 eos
526 968 701 1015 docebat,
720 968 791 1006 vili
810 968 900 1007 cibo
916 978 952 1007 et
966 982 1075 1020 aquae
1090 979 1183 1022 potu
1199 980 1356 1010 conten-

311 1038 383 1068 tos.
417 1028 547 1074 Quid?
567 1027 670 1078 quod
705 1036 837 1065 tonsos
859 1028 905 1065 ad
926 1037 1051 1066 cutem
1084 1030 1356 1081 incomtosque

306 1087 527 1133 erudiebat,
555 1098 679 1136 neque
708 1086 823 1124 modo
844 1086 929 1124 sine
963 1088 1104 1126 tunicis
1138 1102 1182 1126 ac
1213 1089 1354 1127 discal-

306 1154 431 1183 ceatos
462 1157 562 1190 esse,
592 1143 659 1182 sed
686 1151 812 1181 tacere
845 1145 960 1182 etiam
990 1153 1027 1182 et
1055 1158 1094 1183 se
1119 1146 1222 1184 solos
1252 1147 1354 1185 inter

304 1204 408 1241 viam
430 1204 573 1240 intueri
601 1201 773 1241 volebat.
793 1202 958 1253 Insuper
979 1202 1027 1240 ad
1046 1205 1271 1243 venationes
1289 1219 1352 1243 eos

303 1261 500 1300 educebat.
533 1260 675 1298 Contra
719 1260 784 1298 isti
826 1260 1012 1310 Diogenis
1048 1262 1175 1313 ipsius
1220 1277 1350 1302 curam

302 1327 456 1369 agentes
475 1332 498 1358 a
514 1318 742 1370 parentibus
762 1318 966 1370 petebant,
986 1328 1028 1358 ut
1042 1334 1130 1359 eum
1146 1321 1223 1360 sibi
1243 1337 1351 1361 com-

303 1378 524 1416 mendatum
553 1377 752 1416 haberent.
780 1377 846 1416 Est
862 1387 988 1416 autem
1011 1379 1189 1419 Eubulus
1215 1391 1350 1421 auctor

301 1436 513 1487 Diogenem
528 1436 631 1488 apud
645 1435 856 1474 Xeniadem
878 1437 925 1475 ad
942 1447 1176 1476 senectutem
1192 1441 1348 1480 venisse

298 1580 403 1622 ρίμους
416 1579 631 1621 λυτρώσασθαι
654 1579 747 1612 αὐτὸν
767 1580 910 1617 θελῆσαι·
927 1580 980 1612 τὸν
997 1581 1030 1612 δὲ
1048 1581 1166 1620 εὐήθεις
1181 1583 1293 1620 αὐτοὺς
1307 1586 1347 1618 εῖ-

297 1631 376 1660 πεῖν·
401 1627 472 1659 οὐδὲ
486 1627 546 1667 γὰρ
561 1627 631 1664 τοὺς
658 1627 782 1663 λέοντας
811 1627 938 1663 δούλους
964 1628 1042 1660 εἶναι
1063 1632 1125 1660 τῶν
1154 1631 1344 1675 τρεφόντων,

297 1674 375 1706 ἀλλὰ
387 1674 458 1710 τοὺς
474 1674 636 1714 τρέφοντας
652 1676 714 1705 τῶν
731 1673 874 1705 λεόντων·
903 1674 1014 1706 δούλου
1034 1675 1094 1715 γὰρ
1117 1676 1155 1708 τὸ
1171 1678 1342 1717 φοῧεῖσθαι·

297 1721 337 1752 τὰ
359 1721 392 1752 δὲ
407 1720 496 1762 θηρία
514 1720 628 1761 φοὸερὰ
651 1722 716 1756 τοῖς
734 1720 905 1761 ἀνθρώποις
930 1721 1020 1753 εἶναι.
1040 1722 1134 1754 Philo
1159 1724 1292 1757 ludaeus
1310 1727 1344 1758 in

295 1766 403 1798 libello
416 1775 505 1799 omn.
519 1766 588 1797 libr.
609 1766 700 1807 prob.
719 1776 746 1807 p.
765 1769 825 1799 883
842 1766 892 1799 ed.
912 1768 1058 1800 Francos,
1075 1780 1084 1800 ε
1103 1769 1121 1801 ὁ
1133 1773 1208 1808 γοῦν
1220 1774 1344 1811 κυνικὸς

294 1815 459 1855 φιλόσοφος
484 1813 630 1853 Διογένης
653 1814 726 1855 ὕψει
749 1814 802 1845 καὶ
830 1813 949 1854 μεγέθει
974 1815 1118 1856 τοσούτῳ
1146 1818 1340 1859 φρονήματος

294 1861 449 1902 ἐχρήσατο
462 1883 471 1900 ,
485 1859 562 1891 ὥσθ’
584 1859 676 1896 ἁλοὺς
692 1860 754 1892 ὐπὸ
767 1861 903 1900 λῃστῶν,
925 1861 991 1892 ἐπεὶ
1004 1861 1160 1903 γλίσχρως
1182 1865 1235 1896 καὶ
1253 1866 1342 1907 μόγις

294 1908 348 1945 τὰς
363 1906 532 1947 ἀναγκαίας
548 1909 696 1947 παρεῖχον
714 1907 800 1947 αὐτῷ
814 1906 936 1947 τροφάς,
955 1908 1021 1939 οὐδ’
1033 1910 1095 1941 ὑπὸ
1109 1914 1164 1947 τῆς
1181 1913 1340 1953 παρούσης

291 1955 388 1995 τύχης
407 1954 573 1994 καμφθείς,
587 1954 658 1985 οὔτε
678 1954 734 1992 τὴν
753 1954 902 1995 ὠμότητα
923 1958 986 1986 τῶν
1006 1956 1194 1996 ὑπηγμένων
1216 1959 1341 1997 δείσας,
1371 1975 1373 1983 1

291 2002 502 2033 Ἀτοπώτατον
515 2022 525 2038 ,
548 1999 616 2040 ἔφη,
631 2000 770 2041 γίνεται,
788 2001 935 2040 δελφάκια
950 2003 1006 2041 μἐν
1024 2003 1044 2040 ἢ
1067 2003 1212 2044 πρόὸατα
1247 2006 1341 2038 ὁπότε

1130 235 1197 276 DE
1225 236 1454 278 DIOGENE
1481 239 1683 281 CYNICO.

1425 337 1464 366 et
1480 326 1557 367 fato
1585 331 1829 382 perfunctum
1850 331 1898 370 ab
1919 331 2004 384 ejus
2026 334 2117 375 filiis
2148 350 2232 378 esse
2259 342 2465 393 sepultum.

1424 387 1684 433 Quamobrem
1705 404 1792 442 quae
1811 391 1878 429 alii
1901 391 2073 433 fabulose
2091 395 2139 434 de
2157 397 2241 449 ejus
2261 410 2386 441 morte
2403 417 2467 443 re·

1425 446 1593 486 tulerunt
1607 448 1674 500 (7),
1686 449 1935 488 incredibilia
1950 451 2066 492 nobis
2076 454 2272 499 videntur.
2291 459 2468 503 Mortuus

1422 514 1500 554 est,
1519 516 1722 558 postquam
1752 522 1876 560 prope
1895 512 2105 561 nonaginta
2125 517 2291 557 confecit
2317 533 2464 570 annos,

1421 563 1652 616 Olympiade
1665 566 1785 606 exul
1798 596 1809 614 ‚
1829 581 1908 619 quo
1925 577 2097 622 tempore
2115 575 2230 613 etiam
2248 577 2467 621 Alexander

1421 622 1672 662 Macedonum
1692 638 1760 663 rex
1773 625 1972 678 Babylone
1988 641 2212 682 supremum
2226 634 2328 674 diem
2344 639 2460 681 obiit.

1420 680 1495 720 Sed
1514 682 1696 721 defuncto
1729 684 1834 723 cives
1866 699 2023 738 quoque
2050 688 2136 741 ejus
2165 704 2289 733 aeneas
2320 686 2465 738 statuas

1420 750 1633 792 posuerunt
1651 744 1707 781 sic
1724 743 1931 797 inscriptas
1948 760 1957 784 z

1480 843 1554 874 AEra
1576 842 1704 882 quidem
1723 843 1865 878 absumit
1882 846 2031 888 tempus.
2053 850 2109 883 sed
2132 852 2277 894 tempore
2296 863 2463 900 uunquam

1521 889 1687 923 interitura
1707 892 1762 923 tna
1779 896 1829 924 est
1847 893 1966 935 gloria,
1984 895 2142 937 Diogenes
2163 912 2171 932 ι
2339 938 2344 943 ,

1480 935 1569 968 solus
1586 937 1671 970 enim
1692 938 1786 980 vitae,
1805 948 1879 982 qum
1898 949 1935 975 se
1951 946 2101 977 contenta
2119 946 2179 987 sit,
2198 948 2338 991 amplam

1474 1023 1478 1026 .
1520 986 1703 1018 monstrasti
1720 985 1814 1019 nobis
1830 988 1864 1020 tu
1882 988 2076 1033 facilemque
2093 993 2191 1027 viam.

1412 1103 1521 1144 γονέας
1534 1104 1702 1143 αἰτητικῶς
1727 1106 1826 1148 εἶχον.
1841 1106 1879 1140 '0
1896 1107 1924 1140 δ’
1949 1108 2041 1148 αὐτός
2063 1123 2138 1154 φησι
2159 1113 2246 1156 παρὰ
2264 1117 2312 1157 τῷ
2327 1116 2461 1161 Ξενιάδῃ

1412 1151 1466 1182 καὶ
1483 1154 1617 1192 γηρᾶσαι
1634 1153 1742 1194 αὐτόν,
1758 1155 1811 1186 καὶ
1831 1155 1965 1190 θανόντα
1986 1162 2118 1200 ταφῆναι
2137 1161 2212 1203 πρὸς
2232 1166 2295 1195 τῶν
2306 1165 2384 1198 υἱῶν
2401 1166 2459 1199 αὐ·

1411 1201 1479 1230 τοῦ.
1492 1197 1588 1230 Ἔνθα
1599 1200 1652 1231 καὶ
1668 1201 1898 1242 πυνθανομένου
1912 1207 1967 1237 τοῦ
1978 1205 2130 1243 Ξενιάδου
2141 1211 2209 1245 πῶς
2219 1209 2313 1242 αὐτὸν
2323 1211 2460 1254 θάψειεν,

1411 1245 1479 1285 ἔφη·
1493 1246 1563 1277 Ἐπὶ
1577 1246 1760 1288 πρόσωπον.
1776 1251 1843 1282 Τοῦ
1856 1251 1890 1283 δὲ
1912 1252 2072 1294 ἐρομένου·
2091 1254 2152 1286 Διὰ
2165 1255 2214 1295 τίς
2224 1255 2300 1290 Ὀτι
2317 1258 2385 1298 μετ’
2399 1259 2461 1294 ὀλί·

1409 1303 1478 1333 γον,
1494 1293 1572 1332 εἷπε,
1587 1295 1691 1335 μέλλει
1711 1297 1752 1328 τὰ
1769 1297 1857 1330 κάτω
1871 1298 1939 1332 ἄνω
1958 1301 2157 1342 στρέφεσθαι.
2181 1304 2284 1337 Τοῦτο
2305 1305 2340 1338 δὲ
2354 1306 2408 1339 διὰ
2422 1307 2460 1341 τὸ

1410 1339 1585 1381 ἐπικρατεῖν
1597 1342 1656 1381 ήδη
1672 1343 1744 1381 τοὺς
1767 1345 1970 1385 Μακεδόνας,
1989 1348 2008 1385 ἢ
2029 1347 2066 1379 ἐκ
2081 1353 2238 1381 ταπεινῶν
2257 1351 2395 1392 ὑψηλοὺς
2411 1354 2460 1395 γί-

1409 1389 1527 1420 νεσθαι.
1540 1407 1580 1412 -
1597 1390 1642 1430 (7)
1656 1390 1814 1431 Diogenes
1829 1393 1973 1426 Laertius
1990 1393 2045 1428 lib.
2063 1396 2118 1435 Vl,
2135 1399 2232 1431 76-79
2246 1411 2255 1431 :
2274 1399 2408 1440 Λέγεται
2425 1400 2459 1434 δὲ

1407 1437 1483 1479 πρὸς
1501 1436 1540 1468 τὰ
1551 1436 1733 1475 ἐνενήκοντα
1746 1438 1800 1476 ἔτη
1815 1440 1901 1480 βιοὺς
1913 1442 2110 1481 τελευτῆσαι.
2124 1444 2201 1484 Περὶ
2213 1445 2247 1477 δὲ
2257 1449 2313 1478 τοῦ
2325 1447 2458 1481 θανάτου

1407 1486 1548 1525 διάφοροι
1560 1485 1702 1525 λέγονται
1721 1485 1820 1526 λόγοι·
1846 1489 1876 1519 ot
1894 1487 1950 1528 μὲν
1963 1489 2024 1531 γὰρ
2043 1490 2206 1523 πολύποδα
2217 1492 2355 1534 φαγόντα
2369 1495 2457 1536 ὠμὸν

1407 1533 1553 1574 χολερικῇ
1575 1532 1724 1570 ληφθῆναι
1743 1533 1806 1565 ὧδε
1817 1534 2010 1573 τελευτῆσαι·
2033 1537 2109 1569 οἶδὲ
2127 1538 2163 1570 τὸ
2186 1542 2309 1579 πνεῦμα
2444 1559 2457 1568 ·

1405 1579 1557 1618 τήσαντα,
1572 1580 1616 1612 ὧν
1624 1579 1690 1612 ἐστι
1704 1581 1756 1612 καὶ
1770 1582 1921 1621 Κερκιδᾶς
1933 1583 1951 1614 ὁ
1963 1583 2220 1624 Μεγαλοπολίτης
2232 1587 2253 1624 ἢ
2264 1587 2348 1628 Κρὴς
2356 1589 2456 1631 λέγων

1405 1625 1437 1658 ἐν
1452 1630 1516 1664 τοῖς
1533 1626 1713 1667 μελιάμὸοις
1729 1627 1839 1665 οὕτως·
1853 1629 1901 1660 Οὐ
1918 1629 1979 1669 μὰν
1995 1630 2013 1661 ό
2029 1631 2126 1672 πάρος
2135 1642 2172 1672 γε
2187 1633 2344 1672 Σινωπεὺς
2356 1637 2456 1676 Τῆνος

1405 1674 1423 1705 ὁ
1443 1673 1666 1715 βακτροφόρας,
1682 1674 1899 1715 διπλοείματος
1911 1701 1921 1716 ,
1935 1677 2165 1719 αἱθεριὸόσκας,
2181 1678 2269 1712 ,Ἀλλ’
2283 1682 2379 1714 ἁνέὸα
2390 1685 2458 1725 χοῖ-

1404 1721 1455 1757 λος
1464 1721 1535 1753 ποτ’
1555 1720 1684 1755 ὀδόντας
1699 1721 1819 1762 ἐρείσας
1840 1721 1905 1763 [καὶ
1922 1723 1958 1755 τὸ
1974 1727 2097 1764 πνεῦμα
2110 1725 2298 1770 συνδακών].
2318 1727 2378 1766 Ἦς
2396 1730 2456 1772 γὰρ

1404 1769 1542 1805 ἀλαθέως
1556 1768 1703 1806 Διογένης
1720 1768 1817 1804 Ζανὸς
1838 1769 1930 1809 γόνος
1947 1771 2089 1813 οὐράνιός
2105 1783 2140 1804 τε
2151 1773 2247 1806 κύων.
2262 1773 2364 1808 Ἄλλοι
2377 1778 2453 1818 φασί

1402 1813 1562 1848 πολύπουν
1595 1814 1669 1845 κυσὶ
1699 1815 1950 1857 συμμερίσασθαι
1978 1818 2167 1859 βουλόμενον
2197 1820 2281 1852 οὕτω
2303 1821 2454 1863 δηχθῆναι

1401 1864 1458 1893 τοῦ
1475 1861 1568 1897 ποδὸς
1584 1861 1638 1892 τὸν
1653 1861 1780 1893 τένοντα
1795 1863 1849 1894 καὶ
1866 1866 2091 1905 καταστρέψαι.
2113 1867 2152 1897 Οἶ
2180 1867 2285 1906 μέντοι·
2303 1868 2452 1910 γνώριμοι

1401 1908 1511 1947 αὐτοῦ,
1525 1907 1606 1939 καθά
1624 1919 1716 1948 φησιν
1735 1909 1924 1949 Ἀντισθένης
1938 1911 1969 1943 ἐν
1980 1913 2144 1954 διαδοχαῖς
2155 1938 2165 1952 ,
2182 1914 2305 1952 εἴκαζον
2316 1916 2373 1954 τήν
2395 1919 2452 1950 τοῦ

1401 1955 1574 1995 πνεύματος
1588 1956 1810 1997 συγκράτησιν.
1825 1957 1994 2000 Ἐτύγχανε
2007 1959 2062 1999 μὲν
2073 1961 2134 2002 γὰρ
2144 1959 2261 2001 διάγων
2273 1963 2305 1994 ἐν
2314 1965 2360 2005 τῷ
2373 1965 2442 2007 Κρα

1401 2002 1473 2043 νείῳ
1485 2005 1530 2043 τῷ
1539 2003 1598 2044 πρὸ
1610 2006 1664 2041 τῆς
1683 2003 1832 2044 Κορίνθου
1852 2006 2028 2047 γυμνασίῳ·
2044 2008 2124 2038 κατὰ
2141 2008 2174 2039 δὲ
2186 2008 2222 2040 τὸ
2241 2008 2308 2046 ἔθος
2325 2009 2404 2050 ἧκον
2419 2013 2450 2045 ol

293 2048 396 2089 μέλλοι
418 2047 667 2087 πιπράσκεσθαι,
691 2051 816 2088 τροφαῖς
841 2048 1089 2090 ἐπιμελεστέραις
1106 2051 1148 2087 εἷς
1169 2052 1339 2094 εὐσαρκιαν
1369 2059 1373 2077 ἵ
1399 2050 1547 2090 γνώριμοι
1565 2051 1616 2081 καὶ
1639 2050 1731 2082 αὐτὸν
1744 2053 2035 2091 καταλαμῧάνθυσῑν
2053 2054 2320 2096 ἐγκεκαλυμμένον
2338 2059 2391 2091 ²²²3
2411 2059 2452 2092 Εἷ-

1368 2098 1372 2120 :
1399 2108 1502 2128 κασαν
1515 2097 1609 2129 αὐτὸν
1619 2100 1798 2137 κοιμᾶσθαι·
1813 2099 1882 2131 οὐδὲ
1891 2100 1950 2142 γὰρ
1959 2100 1996 2139 ἦν
2006 2111 2051 2137 τις
2060 2101 2225 2138 νυσταλέος
2237 2103 2291 2134 καί
2303 2104 2448 2144 ὑπνηλός.

291 2144 455 2183 κευθέντα,
476 2141 727 2179 έπιυωνίζεσθαι.
745 2143 862 2175 Λαὸὼν
879 2142 913 2174 δὲ
931 2144 1044 2183 τροφὰς
1065 2145 1214 2186 διαρκεῖς,
1233 2148 1339 2187 ἐπειδὴ
1367 2146 1371 2171 !
1398 2146 1492 2176 ’Ὀθεν
1511 2143 1763 2181 ἀποπετάσαντες
1783 2147 1836 2178 τὸν
1855 2147 1991 2188 τρίὸωνα
2010 2148 2143 2179 ἔκπνῦυν
2168 2148 2262 2180 αὐτὸν
2286 2152 2450 2194 καταλαμ-

292 2096 440 2135 πιαίνειν,
454 2096 542 2137 ζῴων
561 2095 594 2126 δὲ
612 2095 648 2126 τὸ
662 2094 801 2136 ἄριστον,
819 2095 991 2136 ἄνθρωπον,
1010 2097 1146 2135 ἀσιτίαις
1159 2102 1338 2132 κατασκλη-

292 2190 356 2229 μεθ’
370 2190 480 2230 ἑτέρων
498 2189 620 2229 ἔμελλεν
638 2189 899 2230 ἀπεμπολεῖσθαι,
913 2190 1045 2227 καθίσας
1062 2192 1208 2232 πρότερον
1226 2194 1339 2236 ἠρίστα

292 2237 362 2277 μάλ’
375 2237 544 2277 εὐθαρσῶς,
562 2235 715 2273 ἐπιδιδοὺς
732 2237 786 2267 καὶ
802 2239 865 2272 τοῖς
882 2236 1026 2274 πλησίον.
1041 2238 1130 2274 Ἑνὸς
1145 2239 1177 2270 δὲ
1191 2239 1228 2271 οὐ
1245 2240 1338 2281 μόνον

291 2284 504 2323 λυπουμένου,
527 2283 606 2314 ἀλλὰ
628 2283 680 2314 καὶ
698 2283 817 2324 σφόδρα
835 2287 1046 2325 κατηφοῦντος
1058 2309 1067 2324 ,
1088 2286 1135 2317 Οὐ
1152 2287 1259 2328 παύσῃ
1283 2291 1338 2326 τῆς

291 2330 452 2369 συννοίαςς
469 2330 539 2370 ἔφη,
563 2332 629 2370 χρῶ
646 2333 710 2366 τοῖς
728 2333 874 2371 παροῦσι.
894 2331 955 2362 Καὶ
970 2331 1028 2373 γάρ
1043 2332 1071 2363 τ’
1085 2333 1226 2373 ἠΰκομος
1238 2334 1337 2375 Νιόὸη

291 2378 447 2416 ἐμνήσατο
462 2377 562 2414 σίτου,
576 2379 682 2418 Τῇπερ
699 2378 823 2409 δώδεκα
837 2379 945 2414 παῖδες
966 2379 1008 2410 ἐνὶ
1025 2379 1204 2420 μεγάροισιν
1217 2381 1336 2420 ὄλοντο,

290 2426 345 2461 Ἓξ
370 2425 424 2464 μὲν
444 2425 624 2465 θυγατέρες,
646 2425 676 2460 ἓξ
697 2424 725 2468 δ’
743 2426 821 2460 υἱέες
847 2426 1013 2462 ἡὸώοντες.
1039 2427 1336 2468 Ἐπινεανιευμένοις

290 2473 352 2503 τισὶ
366 2475 428 2502 τῶν
445 2472 606 2508 ὠνητικῶς
629 2471 783 2512 ἐχόντων,
797 2471 835 2503 Τί
851 2472 876 2504 δ’
890 2474 975 2509 οἶδας
988 2485 997 2512 ;
1014 2473 1146 2515 Ἅρχειν,
1164 2475 1248 2506 εἶπεν
1259 2499 1267 2515 ,
1281 2476 1336 2506 ἀν-

290 2519 441 2560 θρώπων,
459 2520 501 2554 ὡς
521 2519 621 2556 ἔοικε,
638 2522 691 2556 τῆς
713 2520 815 2560 ψυχῆς
837 2520 874 2551 τὸ
897 2520 1050 2560 ἐλεύθερον
1073 2522 1125 2552 καὶ
1142 2522 1261 2562 εὐγενὲς
1281 2525 1335 2555 καὶ

290 2565 380 2605 φύσει
401 2565 565 2605 βασιλικὸν
587 2565 780 2604 ὑπηχούσης.
798 2565 879 2603 Ἤδη
899 2567 932 2598 δὲ
953 2567 1098 2607 καὶπρὸς
1120 2570 1336 2609 χαριεντισμὸν

289 2613 351 2643 ὑπὸ
365 2616 419 2649 τῆς
434 2611 582 2648 συνήθους
602 2612 785 2652 ἐκεχειρίας,
800 2612 831 2643 ἐν
845 2613 871 2653 ᾧ
886 2614 916 2644 οἱ
929 2613 1016 2645 ἄλλοι
1034 2614 1176 2650 συννοίας
1193 2617 1335 2655 γέμοντες

290 2659 461 2698 κατήφουν,
476 2658 639 2698 ἐτράπετο.
664 2659 796 2698 Λέγεται
813 2662 887 2699 γοῦν
897 2683 906 2699 ,
926 2662 973 2692 ὅτι
985 2661 1173 2701 θεασάμενός
1189 2674 1259 2694 τινα
1271 2668 1335 2695 τῶν

290 2706 487 2744 ὠνουμένων,
504 2704 538 2735 ὃν
552 2705 658 2741 θήλεια
671 2705 761 2741 νόσος
781 2706 864 2746 εἶχεν
875 2730 884 2746 ,
898 2708 933 2738 ἐκ
945 2711 996 2745 τῆς
1010 2707 1110 2748 ὄψεως
1130 2709 1187 2740 οὐκ
1200 2709 1311 2752 ἄῤῥενα
1323 2736 1332 2752 ,

291 2753 469 2793 προσελθὼν
485 2751 552 2791 ἔφη·
568 2753 609 2783 Σύ
629 2763 667 2791 με
686 2753 777 2792 πρίω·
799 2754 839 2784 σὺ
854 2755 911 2794 γὰρ
928 2755 1034 2796 ἀνδρὸς
1052 2755 1159 2795 χρείαν
1176 2757 1258 2798 ἔχειν
1281 2770 1334 2799 μοι

289 2798 400 2837 δοκεῖς,
423 2800 465 2833 ὡς
480 2798 533 2829 τὸν
548 2799 602 2838 μὲν
619 2799 855 2838 δυσωπηθέντα,
870 2801 915 2840 ἐφ’
930 2801 975 2837 οἷς
989 2803 1091 2841 ἑαυτῷ
1108 2802 1248 2844 σύνοιδε,
1271 2816 1332 2837 κα-

288 2845 428 2883 ταδῦναι,
448 2844 518 2880 τοὺς
546 2845 578 2876 δὲ
593 2845 704 2881 ἄλλους
725 2846 760 2877 τὸ
775 2846 832 2877 σὺν
855 2847 1002 2888 εὐτολμίᾳ
1016 2849 1179 2880 εὐθύὸολον
1204 2850 1335 2889 ἐκπλήτ-

289 2893 405 2923 τεσθαι.
417 2909 460 2914 -
476 2892 520 2931 (6)
539 2892 628 2931 Πίος.
643 2894 746 2923 Laert.
763 2892 816 2924 lib.
835 2895 893 2933 vl,
905 2896 1002 2926 30·32
1023 2907 1031 2925 z
1055 2896 1210 2933 Εὐὸουλος
1223 2898 1256 2929 δέ
1271 2910 1330 2939 φη-

293 2949 343 2970 σιν
356 2939 387 2970 ἐν
406 2941 451 2978 τῷ
465 2938 702 2979 ἐπιγραφομένῳ
719 2939 882 2978 Διογένους
900 2943 1010 2980 πρᾶσις
1021 2964 1030 2979 ,
1041 2942 1139 2978 οὕτως
1159 2944 1245 2980 ἄγειν
1261 2946 1332 2982 τοὺς

287 2986 400 3021 παῖδας
412 2987 467 3016 τοῦ
485 2985 634 3016 Ξενιάδου
648 2986 725 3025 μετὰ
737 2986 776 3016 τὰ
787 2986 882 3017 λοιπὰ
895 2987 1074 3027 μαθήματα,
1087 2989 1169 3020 ὥστε
1179 2991 1329 3031 ἱππεύειν,

287 3031 439 3071 τοξεύειν,
469 3033 659 3071 σφενδονᾶν,
681 3032 861 3068 ἀκοντίζειν.
886 3032 1017 3065 Ἔπειτα
1036 3034 1067 3065 ἐν
1095 3038 1132 3075 τῇ
1157 3038 1333 3079 παλαίστρᾳ

288 3079 347 3110 οὐκ
360 3079 506 3119 ἐπέτρεπε
519 3082 563 3118 τῷ
579 3079 761 3120 παιδοτρίῧῃ
776 3079 948 3117 ἀθλητικῶς
964 3082 1062 3121 ἄγειν,
1082 3082 1147 3114 ἀλλ’
1169 3084 1264 3116 αὐτοῦ
1277 3090 1332 3118 τοῦ

289 3126 475 3166 ἐρυθήματος
496 3125 586 3167 χάριν
604 3127 658 3157 καὶ
685 3126 811 3163 εὐεξίας.
828 3128 982 3168 Κατεῖχον
998 3129 1031 3159 δὲ
1049 3130 1078 3160 οἱ
1102 3131 1210 3166 παῖδες
1231 3133 1329 3164 πολλὰ

288 3175 425 3209 ποιητῶν
442 3173 495 3203 καὶ
515 3171 717 3213 συγγραφέων
729 3173 783 3203 καὶ
798 3176 860 3204 τῶν
878 3174 973 3205 αὐτοῦ
987 3176 1159 3214 Διογένους·
1180 3178 1285 3209 πᾶσάν
1297 3190 1331 3211 τε

289 3218 396 3258 ἔφοδον
415 3219 579 3257 σύντομον,
593 3219 668 3259 πρὸς
683 3219 718 3250 τὸ
731 3219 974 3260 εὐμνημόνευτον
986 3243 994 3258 ,
1015 3221 1156 3260 ἐπήσκει.
1176 3223 1227 3254 Ἐν
1252 3225 1330 3266 οἷκῳ

288 3275 322 3296 τε
339 3265 483 3297 ἐδίδασκε
504 3266 714 3297 διακονεῖσθαι
735 3267 802 3307 λιτῇ
829 3270 928 3306 τροφῇ
953 3269 1127 3307 χρωμένους
1140 3292 1149 3308 ,
1173 3271 1227 3301 καὶ
1248 3271 1330 3313 ὕδωρ

288 3311 442 3347 πίνοντας.
461 3312 512 3343 Ἐν
525 3315 592 3353 χρῷ
611 3311 735 3353 κουρίας
754 3323 786 3344 τε
805 3315 858 3344 καὶ
878 3313 1134 3352 ἀκαλλωπίστους
1154 3315 1328 3356 εἰργάζετο,

289 3359 342 3388 καὶ
356 3357 509 3398 ἀχίτωνας
524 3359 578 3390 καὶ
595 3359 821 3397 ἀνυποδήτους,
839 3360 893 3391 καὶ
911 3361 1089 3398 σιωπηλούς
1100 3385 1108 3399 ,
1128 3363 1197 3393 καθ’
1219 3364 1330 3400 αὐτοὺς

291 3404 456 3444 βλέποντας
469 3405 500 3436 ἐν
517 3409 583 3441 ταῖς
599 3406 692 3442 ὁδοῖς.
721 3405 831 3446 Ἐξῆγε
847 3407 876 3438 δ’
887 3406 996 3443 αὐτοὺς
1017 3408 1068 3438 καὶ
1084 3409 1133 3439 ἐπὶ
1147 3410 1327 3451 κυνηγεσία.

291 3451 331 3482 02
345 3450 378 3481 δὲ
388 3451 439 3482 καὶ
451 3452 545 3484 αὐτοῦ
558 3453 719 3493 Διογένους
734 3453 910 3494 ἐπιμέλειαν
924 3454 1096 3494 ἐποιοῦντο,
1107 3456 1160 3487 καὶ
1174 3456 1248 3497 πρὸς
1260 3457 1330 3494 τοὺς

1366 2177 1371 2329 1

1365 2332 1369 2361 1

1400 2191 1531 2223 ὅάνουσι
1549 2192 1602 2222 καὶ
1616 2192 1771 2223 ὐπέλαῧον
1787 2197 1881 2225 τοῦτο
1897 2195 2009 2234 πρᾶξαι
2026 2188 2215 2236 βουλόμενον
2238 2197 2346 2230 λοιπὸν
2360 2199 2451 2237 onet-

1399 2240 1495 2271 ελθεῖν
1514 2241 1571 2270 τοῦ
1598 2238 1680 2279 βίου.
1696 2238 1795 2271 Ἔνθα
1812 2240 1864 2271 καὶ
1884 2241 2012 2279 στάσις,
2034 2241 2076 2278 ὣς
2105 2252 2217 2282 φασιν,
2244 2243 2365 2283 ἐγένετο
2385 2249 2448 2278 τῶν

1397 2285 1577 2327 γνωρίμων,
1595 2285 1682 2325 τίνες,
1689 2286 1783 2318 αὐτὸν
1799 2286 1959 2328 θάψουσιν·
1983 2287 2063 2319 ἀλλὰ
2081 2289 2135 2319 καὶ
2160 2290 2250 2330 μέχρι
2266 2295 2381 2334 χειρῶν
2396 2293 2448 2333 ἦλ-

1398 2335 1462 2365 θον.
1481 2333 1683 2374 Ἀφικομένων
1697 2333 1730 2364 δὲ
1749 2336 1812 2365 τῶν
1827 2335 1969 2375 πατέρων
1990 2336 2044 2366 καὶ
2058 2338 2121 2366 τῶν
2139 2336 2447 2381 ὑπερεχόντων,,ὓπὸ

1397 2381 1516 2417 τούτοις
1533 2384 1667 2421 ταφῆναι
1684 2381 1737 2411 τὸν
1758 2379 1853 2418 ἄνδρα
1867 2381 1953 2421 παρὰ
1968 2385 2005 2423 τῇ
2028 2381 2110 2423 πύλῃ
2126 2386 2164 2424 τῇ
2182 2384 2316 2425 φερούσῃ
2333 2386 2381 2424 εἰς,
2391 2387 2445 2420 τὸν

1401 2427 1539 2468 Ἰσθμόν.
1557 2427 1755 2465 Ἐπέστησάν
1777 2428 1804 2458 τ’
1822 2427 1908 2468 αὐτῷ
1924 2428 2014 2459 κίονα
2029 2430 2082 2460 καὶ
2103 2429 2153 2461 ἐπ’
2168 2431 2255 2470 αὐτῷ
2271 2431 2358 2464 λίθου
2377 2435 2447 2467 Πα-

1395 2475 1463 2515 ρίου
1480 2475 1573 2507 κύνα.
1592 2474 1743 2516 ’Ύστερον
1761 2473 1795 2505 δὲ
1810 2475 1864 2505 καὶ
1877 2475 1906 2505 οἱ
1919 2475 2044 2506 πολῖται
2065 2475 2161 2508 αὐτοῦ
2178 2478 2310 2517 χαλκαῖς
2324 2479 2445 2512 εἰκόσιν

1395 2522 1546 2562 ἐτίμησαν
1566 2521 1659 2553 αὐτὸν
1686 2522 1738 2552 καὶ
1754 2521 1931 2561 ἐπέγραψαν
1953 2522 2047 2554 οὕτω·
2071 2522 2226 2565 Γηράοκει
2258 2526 2312 2556 καὶ
2327 2527 2445 2568 χαλκὸς

1395 2571 1455 2601 ὑπὸ
1466 2570 1589 2610 χρόνον,
1601 2569 1678 2601 ἀλλὰ
1692 2569 1748 2601 σὸν
1764 2569 1829 2601 οὔτι
1851 2569 1951 2605 Κῡδος
1970 2570 1987 2600 ό
2007 2572 2067 2606 πᾶς
2090 2571 2187 2612 αἰών,
2205 2571 2351 2612 Διόγενες
2364 2598 2374 2614 ,
2387 2586 2444 2608 χα.

1396 2616 1484 2647 θελεῖ·
1501 2619 1612 2656 μοῦνος
1631 2615 1697 2646 ἐπεὶ
1721 2615 1826 2656 βιοτᾶς
1840 2615 1994 2656 αὐτάρκεα
2018 2615 2108 2652 δόξαν
2121 2617 2233 2654 ἔδειξας
2248 2619 2378 2656 θνατοῖς
2390 2621 2444 2653 καὶ

1395 2665 1474 2700 ζωᾶς
1494 2663 1583 2703 οἷμον
1599 2662 1815 2702 ἐλαφροτάταν.
1833 2661 1924 2693 Ἐστι
1942 2663 1994 2694 καὶ
2007 2664 2096 2704 ἡμῶν
2107 2664 2138 2695 ἐν
2151 2667 2196 2705 τῷ
2208 2666 2443 2708 προκελευσμα,

1394 2712 1471 2750 τικῷ
1486 2711 1598 2753 μέτρῳ·
1613 2713 1650 2742 Α.
1659 2708 1813 2749 Διόγενες,
1827 2708 1883 2750 ἄγε
1898 2709 1967 2748 λέγε
1977 2710 2021 2746 τίς
2035 2710 2126 2742 έλαὸέ
2138 2722 2175 2742 σε
2185 2711 2276 2754 μόρος
2289 2714 2319 2749 ἐς
2329 2713 2442 2752 Ἄϊδος.

1394 2759 1431 2789 Δ.
1446 2757 1536 2789 ἔλαὸέ
1547 2767 1585 2797 με
1594 2756 1684 2793 κυνὸς
1693 2755 1799 2797 ἄγριον
1812 2755 1896 2792 ὀδάξ.
1908 2756 2007 2788 Ἔνιοι
2021 2757 2054 2788 δέ
2064 2768 2139 2798 φασι
2151 2759 2338 2791 τελευτῶντα
2347 2760 2441 2793 αὐτὸν

1393 2804 1584 2836 ἐντείλασθαι
1597 2803 1714 2845 ἄταφον
1731 2804 1817 2844 ῥῖψαι
1840 2805 1882 2840 ὡς
1901 2806 1963 2834 πᾶν
1986 2803 2088 2845 θηρίον
2113 2805 2208 2836 αὐτοῦ
2228 2806 2378 2848 μετάσχοι
2390 2831 2401 2848 ,
2419 2809 2440 2847 ἢ

1392 2852 1436 2889 εἷς
1448 2863 1484 2892 γε
1501 2853 1609 2894 βόθρον
1632 2853 1772 2883 συνῶσαι
1787 2851 1841 2882 καὶ
1858 2850 1964 2890 ὀλίγην
1986 2851 2072 2882 κόνιν
2090 2851 2264 2893 ἐπαμῆσαι·
2283 2854 2314 2885 οἱ
2327 2854 2380 2893 δέ,
2397 2855 2441 2892 εἷς

1391 2900 1445 2931 τὸν
1464 2899 1597 2931 Ἰλισσὸν
1621 2898 1784 2939 ἐμὸαλεῖν,
1799 2898 1851 2929 ἶνα
1871 2902 1937 2934 τοῖς
1960 2898 2101 2939 ἀδελφοῖς
2123 2899 2275 2941 χρήσιμος
2300 2900 2437 2941 γένηται.

1393 2946 1566 2987 Δημήτριος
1579 2943 1605 2975 δ’
1616 2943 1647 2975 ἐν
1664 2947 1729 2979 τοῖς
1745 2943 1943 2984 Ὁμωνύμοις
1957 2945 2032 2985 φησὶ
2047 2949 2102 2982 τῆς
2118 2945 2213 2983 αὐτῆς
2226 2946 2342 2988 ἡμέρας
2359 2945 2438 2980 Ἀλέ-

1392 2992 1515 3033 ξανδρον
1530 2992 1584 3032 μὲν
1606 2991 1638 3022 ἐν
1653 2990 1830 3030 Βαόυλῶνι,
1842 2991 1989 3031 Διογένην
2003 2991 2030 3022 δ’
2046 2991 2078 3023 ἑν
2096 2992 2235 3034 Κορίνθῳ
2245 2994 2437 3032 τελευτῆσαι.

1391 3038 1452 3070 Ἦν
1471 3039 1504 3070 δὲ
1520 3039 1618 3080 γέρων
1632 3037 1712 3070 κατὰ
1727 3037 1782 3075 τὴν
1800 3037 1903 3079 τρίτην
1919 3039 1971 3069 καὶ
1985 3038 2114 3077 δεκάτην
2126 3041 2178 3071 καὶ
2195 3040 2366 3077 ἑκατοστὴν
2379 3042 2437 3074 ’0-

1391 3086 1559 3126 λυμπιάδα.
1585 3084 1702 3116 suidas
1720 3092 1751 3116 v.
1777 3084 1932 3123 Διογένης·
1946 3085 2071 3126 γηραιὸς
2090 3085 2123 3116 δὲ
2147 3085 2191 3116 ὢν
2213 3086 2275 3122 ὑπὸ
2291 3085 2437 3127 πειράτου

1393 3131 1561 3171 Σκιρτάλου
1577 3132 1690 3172 ἐλήφθη
1702 3131 1755 3162 καὶ
1772 3131 1895 3171 πραθεὶς
1911 3130 1943 3162 ἐν
1958 3131 2098 3172 Κορίνθῳ
2112 3130 2244 3171 Ξενιάδῃ
2259 3131 2339 3171 τινί,
2351 3133 2437 3174 παρὰ

1393 3181 1439 3218 τῷ
1457 3179 1616 3219 πριαμένῳ
1638 3179 1784 3218 διέμεινεν
1809 3177 1868 3219 οὐχ
1886 3177 2027 3218 ἑλόμενος
2044 3179 2168 3215 λυθῆναι
2185 3179 2246 3210 ὑπὸ
2269 3180 2332 3208 τῶν
2347 3178 2434 3218 Ἀθη-

1390 3224 1484 3255 ναίων
1500 3226 1552 3256 καὶ
1574 3228 1636 3256 τῶν
1662 3225 1786 3256 οἰκείων
1812 3224 1919 3264 φίλων.
1940 3225 2012 3256 Ἐπὶ
2029 3225 2062 3256 δὲ
2080 3228 2134 3262 τῆς
2150 3223 2210 3265 ριγ’
2227 3223 2435 3264 Ὀλυμπιάδος

1391 3271 1576 3312 κατέστρεψε
1588 3272 1640 3303 τὸν
1654 3272 1721 3313 βίον
1745 3272 1866 3312 δηχθεὶς
1880 3271 1940 3304 ὑπὸ
1962 3271 2052 3307 κυνὸς
2077 3272 2113 3303 τὸ
2135 3273 2244 3308 σκέλος
2269 3273 2322 3303 καὶ
2344 3273 2432 3313 θερα-

1390 3318 1478 3354 πείας
1495 3319 1647 3360 ὑπεριδὼν
1666 3318 1747 3350 κατὰ
1762 3319 1817 3357 τὴν
1831 3319 1927 3357 αὐτὴν
1948 3319 2080 3360 ἡμέραν,
2097 3318 2148 3349 ὅτε
2173 3319 2226 3349 καὶ
2240 3319 2258 3349 ὁ
2279 3319 2434 3351 Μακεδὼν

1391 3364 1578 3406 Ἀλέξανδρος
1595 3366 1626 3396 ἐν
1639 3366 1799 3397 Βαὸυλῶνι
1819 3365 1978 3397 ἀπέθανεν.
1998 3365 2212 3404 Hieronymus
2235 3363 2291 3396 lib.
2317 3367 2345 3397 u
2370 3367 2433 3397 ad-

1391 3419 1505 3443 versus
1521 3413 1730 3444 Jovinianum
1747 3423 1756 3444 :
1778 3413 1938 3445 Virtutem
1956 3421 2024 3452 ejus
2039 3413 2071 3443 et
2094 3412 2323 3444 continentiam
2345 3422 2433 3446 mors

1390 3466 1517 3499 quoqne
1537 3459 1667 3492 indicat.
1682 3461 1761 3492 Nam
1784 3467 1885 3500 quum
1900 3459 1938 3490 ad
1951 3466 2083 3499 agonem
2100 3458 2275 3499 Olympiae,
2293 3459 2348 3498 qui
2362 3469 2430 3492 ma·
