2606 3828
320 236 396 269 384

397 318 424 350 ὦ
443 318 556 360 Λοκρέ·
575 319 625 350 σοὶ
645 319 676 350 δὲ
695 319 769 355 Ζεὺς
789 318 862 355 ἄτας
875 320 888 335 ‘³
900 319 988 357 δῶκ’,
1007 318 1054 357 ἠδ’
1075 319 1118 351 ἔτι
1132 320 1243 352 δώσει.

311 399 356 440 Τί
375 400 460 455 φής·
453 432 461 449 ,
475 395 531 440 Οὐ
547 401 613 455 γὰρ
625 402 807 454 ἐπέπρωτο
823 403 878 451 ὑφ’
889 403 984 452 υμῶν
998 402 1217 455 ἐξαιρεθῆναι
1232 403 1361 452 αὖτήν;

314 459 387 499 Καὶ
416 460 450 498 τί
478 459 614 499 αἴτιοι
597 475 718 509 ημεις
737 461 813 498 ἀλλ’
833 461 897 511 οὐχ
913 461 1099 512 ἡὺμετέρα
1122 461 1280 513 ἀνάγκη,
1305 464 1360 502 Οὗ

315 518 435 556 δίκαια
454 524 584 566 ποιεῖς,
607 536 635 557 ω
666 518 850 565 Ἄπολλον,
881 519 952 556 οὐδ’
978 520 1087 572 ὀρθῶς
1108 521 1273 575 ἐπιτιμᾷς
1289 528 1359 567 τοῖς

313 577 411 616 οὐδὲν
431 579 645 616 ἀδικοῦσιν*
628 583 725 627 ηυιῖν.
782 576 827 616 Ὁ
849 577 882 616 δὲ
905 576 991 622 Ζευς
1007 572 1124 626 οὗτος,
1146 583 1167 627 ἠ
1189 582 1250 627 τῆς
1269 583 1361 632 ὑμε-

313 636 414 687 τέρας
447 637 602 686 ἀνάγκης
636 636 791 686 ἀνάγκη,
815 635 849 674 τί
879 639 975 687 ἡμᾶς
1002 637 1178 687 τίννυται,
1200 640 1278 679 ἀλλ’
1298 643 1360 679 οὐκ

315 694 432 747 (εἴπερ
450 694 542 746 ἄρα)
563 694 683 733 ἑαυτόν
696 723 706 741 ,
720 693 772 732 ὅτι
792 694 958 742 τοιαύτην
975 691 1280 742 κατέδειξεν-εἰναι
1295 698 1359 746 τὴν

314 752 484 805 οἷνάγκην;
504 752 550 791 Τί
569 752 603 790 δὲ
633 752 692 790 καὶ
722 754 861 791 ἀπειλεῖ
883 757 968 804 ἡμῖν
988 769 998 802 ;
1030 751 1080 794 Ἢ
1103 756 1138 793 τί
1157 756 1281 806 ἡμεῖς,
1312 758 1362 801 ὡς

313 811 409 855 ὄντες
441 810 561 849 τούτου
591 809 724 862 κύριοι,
765 812 1012 862 λιμώττομεν;
1049 812 1156 852 Ἀλλὰ
1187 815 1248 854 και
1282 814 1362 863 ἤτοι

314 869 594 916 ἀνοικισθήσεται
614 870 701 922 πρὸς
732 873 852 921 ἡμῶν,
884 871 906 918 ἢ
928 870 979 910 οὔ·
1012 872 1177 926 ὁπότερον
1200 873 1268 912 8’
1251 890 1292 912 αν
1315 869 1361 926 ῃ,

313 933 414 966 τοῦτο
437 928 634 979 πέπρωται.
659 928 771 975 Λῆξον
794 929 857 978 δή,
878 947 907 968 ω
925 932 994 969 Ζευ
1023 931 1200 982 λιμοποιέ,
1223 936 1282 972 τοῦ
1301 936 1362 972 θυ-

314 1003 391 1034 μου·
413 986 513 1025 ἔσται
534 986 600 1039 γὰρ
622 985 640 1025 ὃ
662 987 866 1040 πέπρωται,
896 1005 957 1028 και
979 995 1082 1030 τοῦτο
1098 1007 1362 1044 προστετακται

312 1048 422 1083 ποιεῖν
443 1047 460 1083 ὁ
482 1044 540 1089 σὸς
559 1045 688 1097 εἱρμός·
707 1050 808 1096 ἡμεῖς
830 1049 866 1087 δὲ
886 1050 970 1101 πρὸς
991 1054 1112 1089 τοῦτον
1130 1051 1226 1090 οὐδέν
1247 1054 1363 1103 ἐσμεν.

313 1107 457 1143 Παῦσαι
481 1102 518 1142 δὲ
538 1104 599 1142 καὶ
622 1104 683 1154 σύ,
704 1109 732 1145 ὠ
753 1104 947 1154 Ἄπολλον,
970 1110 1105 1158 μάταια
1121 1112 1361 1171 χρησμῳδῶν·

313 1163 409 1202 ἔσται
428 1163 496 1215 γὰρ
517 1163 534 1202 ὃ
556 1163 598 1212 δὴ
629 1163 746 1213 ἔσται,
769 1165 836 1203 κᾶν
864 1181 905 1204 συ
928 1174 1079 1220 σιωπᾷς.
1103 1167 1229 1218 Ἡμεῖς
1259 1170 1313 1218 δέ,
1335 1172 1364 1208 ὠ

313 1226 382 1263 Ζευ
402 1239 463 1262 και
482 1221 672 1271 Ἄπολλον,
692 1223 726 1262 τί
747 1224 930 1276 πάθωμεν,
947 1226 1044 1265 οὐδὲν
1060 1225 1155 1271 ὄντες
1177 1227 1283 1267 αἴτιοι
1302 1232 1364 1276 τ’ἧς

312 1280 480 1333 ὑμετέρας
503 1281 786 1331 νομοθετήσεως,
805 1287 897 1321 τοῦτ’
916 1283 1009 1323 ἔστιν
1031 1286 1359 1336 ἀναγκοθετήσεως;

313 1339 358 1378 'li
380 1339 512 1390 δ’ἡμῖν
542 1340 601 1378 καὶ
623 1349 700 1384 ταῖς
728 1343 911 1396 ὑμετέραις
938 1343 1060 1394 ἄταις,
1083 1344 1123 1389 ἃς
1146 1347 1285 1384 aemi*
1268 1363 1326 1399 εχε
1312 1363 1362 1386 ειν

315 1398 476 1437 δίκαιοί’
461 1414 539 1438 εστε
558 1399 644 1452 ὑπὲρ
664 1404 712 1439 ὡν
733 1404 835 1452 ἡμεῖς
855 1403 1146 1455 ἠναγκάσθημεν,

398 1495 538 1534 Οἰταῖοι,
559 1495 601 1535 μὴ
616 1496 757 1528 σπεύδετ’
777 1496 985 1539 ἀτασθαλίῃσι
999 1498 1096 1531 νόοιο.

315 1576 408 1615 Ἀλλ’
430 1578 468 1614 οὖ
490 1577 700 1629 σπεύδομεν,
731 1595 759 1617 ω
777 1578 974 1629 Ἄπολλον,
1007 1582 1085 1620 ἀλλ’
1120 1582 1357 1632 ἐλαυνόμεθα,

314 1635 390 1674 οὐδὲ
412 1636 657 1686 ἀτασθαλίαις,
677 1638 768 1675 ἀλλὰ
784 1655 827 1685 τη
848 1641 1002 1693 ὑμετέρα
1025 1641 1175 1692 ἀνάγκη.
1233 1641 1302 1682 Τὸν
1323 1642 1362 1680 δὲ

316 1697 550 1747 Λυκουργον’
536 1696 667 1733 εκεῒνον
680 1712 772 1744 πως,
793 1699 822 1735 ὠ
841 1695 1026 1746 Ἄ,πολλον
1047 1701 1219 1747 ἐπαινεῖς,
1243 1701 1279 1744 ὃς
1297 1701 1359 1739 οὐκ

1042 232 1103 270 CY
1113 232 1348 271 NICORUM
1378 233 1512 273 FRAG
1521 234 1701 275 MENTA
1711 265 1719 274 .

1422 316 1464 369 ἧν
1497 323 1644 376 ἀγαθός,
1678 323 1757 362 οὔτε
1783 325 1895 374 ἑκών,
1934 325 2004 363 οὔθ’
2033 313 2216 376 ἐλόμενος,
2242 326 2320 367 ἀλλ’
2347 320 2466 376 amn}

1422 380 1519 435 εἴπερ
1538 396 1606 421 που
1627 383 1686 422 καὶ
1705 382 1838 436 γίνεταί
1860 400 1910 428 τις
1936 384 2066 435 ἀγαθὸς
2094 384 2204 426 ἄκων.
2253 384 2377 426 'anm
2397 385 2435 425 δὲ
2450 383 2471 425 8

1421 443 1482 478 νῦν
1501 447 1657 493 ποιεῖτε,
1687 444 1740 487 ὡς]
1763 442 1796 481 εἴ
1828 458 1877 486 τις
1904 442 1981 487 τοὺς
2004 445 2066 494 μὲν
2096 442 2226 490 καλοὺς
2244 445 2288 485 τὰ
2319 443 2471 497 σώματα

1422 499 1580 548 ἐπαινοίη
1600 501 1661 540 καὶΙ
1678 502 1847 555 γεραίροι,
1867 501 1946 547 τους
1972 503 2006 542 δὲ
2025 502 2190 556 αἰσχροὺς
2207 502 2309 558 ψέγοι
2327 503 2390 544 καὶ
2409 518 2471 544 κο·

1422 560 1533 605 λάζοι.
1591 560 1723 600 Δίκαια
1743 561 1811 615 γὰρ
1829 562 1958 601 εἴποιεν
1976 562 2017 600 ἂν
2036 562 2123 614 πρὸς
2141 565 2232 613 ὑμᾶς
2254 564 2285 602 οἱ
2304 562 2471 617 πονηροί,

1423 619 1479 658 ὅτι
1501 620 1564 658 οὔκ
1585 619 1798 674 ἐπετρέψατε
1828 624 1933 671 ἡμῖν,
1954 637 1983 659 ω
2013 621 2084 660 θεοί
2098 623 2270 674 ,ἀγαθοῖς
2289 621 2471 675 γίνεσθαι,

1423 678 1460 716 οὗ
1487 677 1591 728 μόνον
1623 678 1682 726 δέ,
1705 679 1796 718 ἀλλὰ
1817 679 1877 718 καὶ
1909 679 2098 719 ἐὸιάσασθε
2122 674 2212 719 εἶναι
2236 679 2419 736 πονηρούς·
2438 680 2475 721 οἳ

1422 753 1459 776 τε
1480 737 1624 790 ἀγαθοί,
1646 740 1676 776 εἰ
1707 737 2001 790 ἐξηγκωνισμένοι
2025 745 2268 815 περιπατοῖεν,
2295 741 2360 780 οὐκ
2392 741 2472 779 ἐπι-

1422 796 1541 850 τρέψει
1565 812 1616 841 τις
1636 798 1767 844 αὐτοῖς,
1790 796 1880 836 ἀλλὰ
1900 797 2028 850 φήσει,
2051 792 2323 871 τΩΝΧρύσιτι-πὲ
2351 814 2390 839 τε
2410 797 2474 839 καὶ

1429 854 1601 898 Κλέανθες
1620 855 1681 894 καὶ
1701 855 1776 895 ὅσοι
1799 856 1925 895 τούτου
1951 873 2010 896 του
2025 861 2153 910 γοροῦ,
2175 858 2298 911 (υμεῖς
2317 857 2386 910 γὰρ
2408 873 2472 897 πε·

1424 913 1571 959 ποίησθε
1585 907 1674 952 εἶναι
1692 914 1832 966 ἀγαθοί,
1843 915 1888 967 )’
1873 914 1942 966 εγὼ
1964 914 2026 965 μὲν
2056 916 2184 968 ἀρετὴν
2206 916 2361 965 ἐπαινῶ,
2382 919 2475 967 ὑμᾶς

1425 972 1461 1011 δὲ
1480 989 1560 1018 τους
1578 972 1758 1026 ἐναρέτους
1775 974 1836 1013 οὐκ
1856 976 1999 1013 ἐπαινῶ.
2026 974 2132 1015 Ἀλλὰ
2152 977 2212 1015 καὶ
2229 991 2287 1014 τον
2307 976 2476 1016 Ἐπίκου-

1426 1047 1499 1085 ρον,
1521 1031 1557 1069 ὃν
1576 1032 1617 1070 συ
1638 1032 1766 1079 πολλά,
1799 1049 1828 1071 ω
1849 1032 2054 1085 Χρύσιππε,
2081 1034 2377 1088 ἐὸλασφήμησας,
2406 1034 2476 1088 ἐγὼ

1423 1090 1464 1129 τό
1483 1106 1521 1141 γε
1541 1089 1598 1129 ἐπι
1617 1091 1706 1130 σοὶ’
1671 1090 1817 1165 αφίημι
1833 1093 1902 1130 τῶν
1922 1092 2173 1144 ἐγκλημάτων.
2230 1093 2277 1134 Τί
2292 1093 2360 1146 γὰρ
2380 1094 2475 1146 πάθῃ

1423 1149 1459 1193 ὃς
1475 1152 1540 1201 οὐχ
1559 1144 1692 1189 ἑκωνὟ
1669 1167 1712 1198 ην
1730 1151 1887 1201 μαλακὸς
1907 1151 1986 1191 οὐδὲ
2005 1151 2143 1202 ἄδικος,
2165 1151 2285 1206 ὥσπερ
2305 1153 2476 1198 πολλάκις

1425 1208 1531 1247 αὐτον
1554 1209 1801 1263 ἐλοιδόρησας,

1508 1306 1676 1348 fletam-ev
1696 1318 1812 1355 θνητῶν
1836 1319 1926 1359 βιοτῇ
1943 1319 2007 1351 θεοὶ
2023 1318 2110 1352 ἶλαοί
2122 1320 2202 1352 εἰσιν
2214 1342 2223 1359 ,

1509 1364 1661 1396 εὐσεὸέων
1679 1365 1705 1396 θ’
1722 1366 1811 1404 ἁγίας
1826 1366 1934 1402 θυσίας
1948 1367 2038 1407 τιμάς
2051 1378 2085 1399 τε
2103 1367 2260 1409 δέχονται.

1425 1467 1569 1504 Δοκεῖτε
1599 1466 1636 1504 δέ
1655 1482 1715 1517 μοι
1735 1470 1797 1507 οὐκ
1819 1467 1862 1508 ἂν
1878 1472 1990 1508 ταῦτα
2012 1468 2142 1522 λέγειν,
2165 1470 2215 1521 μὴ
2238 1470 2478 1521 πεπεισμένοι

1425 1523 1478 1562 ὅτι
1502 1527 1563 1563 οὐκ
1582 1525 1725 1570 ἄκοντες
1742 1526 1833 1565 ἀλλὰ
1860 1529 2065 1579 βουλόμενοι
2084 1533 2274 1582 χωροῦσιν,
2297 1532 2339 1584 ἐφ
2340 1530 2386 1570 ’ἃ
2402 1546 2477 1583 χω-

1427 1585 1556 1634 ροῧσιν.
1615 1583 1655 1623 Ἃ
1679 1584 1745 1622 8'
1729 1601 1771 1623 αν
1792 1587 1992 1637 βουληθῶσι
2010 1590 2081 1626 τῶν
2098 1587 2189 1626 οὕτω
2198 1588 2475 1670 ίἰιτροεληλεγμε’·

1424 1656 1508 1688 νων,
1527 1641 1604 1680 οὔτε
1619 1642 1692 1686 θεὸς
1711 1643 1790 1682 οὔτε
1811 1645 1993 1697 ἄνθρωπος
2012 1645 2208 1699 σοφιστὴςί
2227 1646 2397 1696 τολμήσει
2418 1645 2478 1685 λέ-

1424 1714 1498 1750 γειν
1519 1699 1574 1738 ὅτι
1593 1702 1841 1740 ὑποτέτακται·
1861 1704 1884 1750 ἢ
1904 1702 2026 1755 λόγους
2048 1703 2110 1754 μὲν
2131 1705 2247 1743 οὐκέτι
2268 1703 2354 1757 πρὸς
2375 1703 2477 1744 αὐτὸν

336 1790 2478 1812 ——-———--——..-———-——,.—„-———

385 1849 405 1870 o
421 1843 515 1871 Locce
526 1863 534 1876 ,
551 1841 602 1871 sed
618 1843 695 1872 dura
714 1852 803 1881 poena
819 1847 847 1874 te
861 1845 1002 1882 Juppiter
1021 1849 1120 1883 urget.

315 1924 401 1961 Quid
439 1924 508 1957 ais?
540 1927 612 1958 Non
640 1925 732 1959 vobis
761 1927 946 1960 auctoribus
977 1929 1050 1960 urbi
1088 1929 1132 1961 illi
1170 1930 1270 1963 fatum
1305 1931 1365 1963 suit

316 1983 418 2015 everti
432 1985 446 2015 Ρ
459 1986 545 2016 Νυιη
561 1985 641 2016 sorte
666 1994 724 2017 nos
748 1986 844 2026 hujus
858 1987 974 2019 excidii
998 1989 1163 2021 molitores
1181 1989 1314 2029 suimus,
1329 1999 1365 2022 ac

317 2051 381 2073 uon
407 2042 515 2083 potius
535 2045 640 2075 vestra
668 2044 870 2077 necessitas?
895 2046 1019 2086 Iniuste
1050 2036 1148 2088 facis,
1181 2057 1200 2079 o
1227 2049 1363 2089 Apollo,

316 2108 420 2140 neque
436 2101 550 2133 merlto
570 2101 680 2142 nobis,
703 2102 758 2143 qui
771 2102 852 2135 nihil
864 2104 1081 2144 peccavimus,
1096 2114 1208 2146 poenas
1228 2107 1363 2146 irrogas.

318 2161 359 2190 At
382 2163 489 2191 vester
501 2159 557 2192 ille
575 2161 594 2192 J
599 2161 734 2202 uppiter,
751 2161 813 2194 ista
830 2163 1028 2195 necessitatis
1043 2165 1159 2196 vestrae
1176 2165 1362 2204 necessitas,

317 2226 473 2257 quorsum
503 2218 535 2250 in
558 2227 630 2258 nos,
664 2228 702 2251 ac
719 2228 784 2251 non
812 2221 930 2261 potius,
955 2222 1115 2262 siquidem
1147 2232 1258 2263 poenus
1288 2223 1366 2256 libet

316 2278 454 2318 exigere,
468 2279 501 2310 in
520 2288 556 2311 se
577 2279 685 2320 ipsum
698 2279 947 2322 animadvertat,
971 2283 1027 2323 qui
1040 2283 1201 2323 ejusmodi
1222 2294 1291 2317 esse
1310 2294 1367 2317 ne-

318 2337 498 2370 cessitatem
526 2339 726 2372 ostenderit?
769 2342 933 2379 Quorsum
966 2350 1044 2374 vero
1073 2343 1164 2375 uobis
1199 2344 1367 2376 minatur?

317 2406 472 2434 Quorsum
495 2397 567 2437 ipsi,
589 2398 682 2438 quasi
699 2398 769 2439 ejus
792 2399 837 2431 rei
861 2401 1049 2440 potestatem
1071 2401 1264 2444 habeamus,
1284 2403 1367 2435 tame

319 2455 518 2496 premimur?
537 2457 698 2489 caeterum
724 2457 778 2490 illa
797 2458 874 2490 urbs
890 2461 948 2490 aut
966 2460 1197 2493 restaurabitur
1213 2470 1232 2494 a
1249 2462 1345 2494 nobis
1357 2486 1366 2502 ,

318 2516 374 2546 aut
397 2523 458 2546 non
481 2516 711 2548 restaurabitur
731 2525 740 2545 z
765 2518 876 2549 utrum
905 2519 1014 2550 autem
1045 2519 1196 2560 eveniat,
1220 2520 1253 2552 id
1270 2521 1365 2553 fatale

318 2577 377 2606 est.
409 2574 528 2606 Desine
558 2583 653 2615 ergo,
682 2575 852 2617 Juppiter,
896 2576 988 2608 samis
1016 2578 1204 2620 architecte,
1235 2581 1367 2621 gravius

318 2632 422 2664 irasci.
440 2633 508 2665 Erit
523 2634 631 2674 enim,
655 2634 742 2674 quod
764 2634 829 2666 fato
855 2635 1031 2676 impendet,
1046 2638 1145 2678 atque
1161 2638 1193 2670 id
1214 2640 1292 2671 tuus
1306 2639 1368 2672 iste

319 2699 490 2723 causarum
518 2692 596 2723 ordo
623 2693 774 2732 perticere
800 2692 909 2732 jussus
928 2696 978 2727 est
999 2707 1007 2727 ι
1028 2705 1086 2728 nos
1106 2705 1183 2729 vero
1211 2706 1278 2738 prae
1300 2698 1361 2730 hoc

318 2749 429 2782 ordine
446 2750 527 2782 nihil
545 2759 669 2783 sumus.
688 2754 735 2784 Tu
753 2761 894 2793 quoque,
913 2755 1037 2795 Apollo,
1051 2755 1161 2789 desine
1175 2766 1256 2790 vana
1274 2758 1368 2791 edere

318 2809 459 2841 oracula.
483 2810 551 2841 Erit
571 2810 655 2842 enim
677 2811 818 2851 profecto
832 2812 919 2852 quod
941 2813 1085 2846 futurum
1100 2816 1168 2856 est,
1184 2817 1312 2850 etiamsi
1332 2820 1366 2850 tu

320 2869 440 2900 taceas.
475 2869 540 2900 Nos
568 2871 687 2909 autem,
715 2871 863 2911 Juppiter
896 2873 996 2912 tuque
1031 2875 1156 2915 Apollo,
1186 2886 1250 2917 qua
1280 2878 1367 2918 digni

320 2925 421 2958 simus
439 2934 541 2967 poena,
562 2928 617 2967 qui
636 2928 819 2960 vestrarum
839 2929 944 2969 legum
960 2954 969 2970 ‚
998 2931 1031 2962 id
1054 2934 1104 2964 est
1124 2935 1328 2967 necessitatis
1350 2945 1368 2968 a

321 2983 413 3016 vobis
441 2984 592 3016 adhibitae
618 2986 764 3018 auctores
798 2996 860 3018 non
888 2988 1016 3021 simus?
1048 2992 1133 3028 Quid
1171 2994 1265 3026 nobis
1292 3004 1367 3029 cum

323 3042 440 3075 vestris
454 3042 517 3074 illis
534 3043 638 3084 poenis
655 3052 694 3075 ac
712 3043 826 3085 furiis,
845 3055 924 3086 quas
944 3047 1003 3088 ipsi
1023 3050 1166 3088 profecto
1185 3052 1226 3084 ob
1242 3062 1279 3086 ea
1296 3055 1367 3095 qui-

272 3112 275 3114 ·
323 3102 384 3134 bus
408 3111 467 3135 nos
491 3103 670 3136 necessario
700 3104 933 3138 obstrinximus
958 3108 1096 3151 scelera,
1125 3112 1366 3147 sustinerelde-

325 3160 446 3194 beatis?

396 3238 439 3266 Ne
452 3238 530 3272 ruat,
544 3238 643 3274 OEtaei‚
657 3240 767 3268 vestrae
787 3240 930 3270 vecordia
945 3242 1068 3271 mentis.

327 3313 367 3344 At
398 3322 459 3345 non
480 3314 679 3355 festinamus,
697 3326 716 3349 o
747 3317 872 3358 Apollo,
888 3319 943 3350 sed
964 3320 1100 3360 agimur,
1122 3329 1183 3353 nec
1206 3324 1367 3365 vecordia,

327 3371 381 3402 sed
403 3373 592 3406 necessitate
610 3377 727 3408 vestra,
747 3378 819 3408 Jam
834 3386 908 3409 vero
924 3379 1106 3419 Lycurgum
1126 3380 1228 3421 illum,
1243 3383 1366 3424 Apollo,

327 3435 383 3458 cur
404 3427 552 3462 laudibus
570 3430 674 3471 effers,
695 3434 750 3474 qui
777 3442 841 3466 non
866 3437 980 3475 sponte
1001 3444 1057 3467 sua
1077 3436 1124 3469 vel
1149 3439 1248 3471 animi
1276 3439 1366 3473 indu-

1426 1850 1532 1882 ctione
1553 1850 1673 1890 probus
1695 1854 1775 1893 erat,
1792 1853 1847 1884 sed
1877 1853 1972 1894 plane
1996 1853 2143 1886 invitus?
2160 1854 2324 1895 siquidem
2356 1854 2478 1895 probus

1426 1909 1598 1949 quisquam
1620 1910 1742 1943 invitus
1759 1920 1828 1944 esse
1847 1914 1965 1952 potest.
1990 1912 2126 1945 Perinde
2138 1916 2248 1946 autem
2266 1913 2374 1954 agitis,
2393 1922 2432 1946 ac
2451 1914 2478 1947 si

1426 1967 1500 2008 quis
1517 1968 1665 2001 homines
1692 1970 1817 2011 egregia
1845 1971 1952 2012 specie
1973 1971 2084 2003 laudet
2109 1971 2315 2013 praemiisque
2331 1972 2472 2014 afficiat,

1428 2031 1535 2069 turpes
1551 2028 1709 2070 vituperet
1722 2038 1759 2061 ac
1771 2030 1892 2070 puniat.
1915 2031 2031 2063 Merito
2048 2032 2135 2063 enim
2150 2031 2242 2063 vobis
2261 2031 2401 2072 improbi
2415 2031 2479 2064 ob-

1423 2083 1555 2124 jiciant,
1589 2094 1654 2118 non
1677 2086 1775 2118 modo
1796 2087 1947 2119 virtutem
1969 2087 2030 2119 sibi
2053 2096 2108 2129 per
2137 2097 2198 2121 vos
2217 2089 2350 2122 minime
2374 2089 2480 2124 colere

1426 2145 1555 2177 licuisse
1566 2169 1574 2185 ,
1586 2146 1646 2178 sed
1661 2136 1754 2178 robis
1772 2146 1872 2178 etiam
1889 2144 2076 2187 cogentibus
2088 2156 2158 2180 sese
2175 2148 2276 2182 ruisse
2294 2147 2476 2190 improbos.

1427 2204 1550 2237 Probos
1567 2214 1655 2246 vero,
1672 2206 1698 2237 si
1718 2205 1819 2237 ansati
1839 2205 2019 2247 ambulent,
2034 2215 2130 2239 nemo
2143 2206 2235 2248 ferat,
2250 2207 2320 2248 sed,
2334 2209 2363 2240 Ο
2378 2208 2482 2250 Chry-

1426 2261 1538 2302 sippo,
1564 2262 1688 2302 inquiat
1707 2262 1822 2303 aliquis
1834 2287 1843 2303 ,
1864 2265 1897 2296 et
1915 2263 2099 2305 Cleanthes,
2117 2272 2240 2305 vosque
2256 2265 2365 2298 caeteri
2385 2265 2481 2298 istius

1426 2314 1567 2354 cohortis
1585 2322 1702 2363 (vobis
1715 2324 1799 2355 enim
1821 2323 2011 2364 probitatem
2025 2323 2233 2364 attribuitis),
2250 2333 2309 2366 ego
2324 2325 2481 2359 virtutem

1427 2381 1556 2420 quidem
1577 2381 1686 2421 laudo,
1702 2382 1758 2415 sed
1780 2391 1838 2415 vos
1857 2383 1976 2416 virtute
2001 2383 2155 2424 praeditos
2173 2393 2237 2416 non
2261 2385 2371 2418 laudo.
2392 2385 2480 2425 Quin

1427 2438 1522 2470 etiam
1540 2439 1715 2479 Epicurum
1736 2440 1838 2481 illum,
1857 2450 1954 2482 quem
1982 2443 2030 2481 tu,
2052 2442 2254 2484 Chrysippe,
2274 2443 2386 2477 multis
2406 2452 2478 2477 ver-

1427 2496 1542 2528 borum
1560 2498 1763 2530 contumeliis
1792 2499 1922 2539 notasti,
1941 2499 1968 2531 si
1983 2495 2034 2532 res
2048 2499 2114 2531 tuis
2139 2500 2277 2534 decretis
2297 2510 2479 2544 coagmen-

1427 2558 1476 2587 ter
1509 2556 1714 2589 decernenda
1731 2558 1792 2598 est,
1821 2557 1910 2590 omui
1933 2559 2067 2591 crimine
2098 2558 2249 2593 absolvo.
2287 2562 2361 2599 Qua
2390 2563 2479 2596 enim

1428 2624 1523 2656 poena
1537 2616 1655 2657 dignus
1675 2617 1727 2657 sit,
1745 2617 1801 2658 qui
1820 2626 1885 2649 non
1899 2619 2015 2658 sponte
2033 2619 2083 2651 vel
2097 2619 2241 2653 mollitiae
2257 2621 2312 2653 vel
2325 2620 2478 2663 improbi-

1427 2675 1485 2707 tati
1505 2675 1687 2716 adhaeserit,
1706 2676 1792 2717 quod
1808 2676 1927 2718 saepius
1942 2677 1972 2710 ei
1992 2677 2147 2718 probrose
2165 2678 2334 2719 objecisti?

1499 2772 1534 2801 ln
1550 2772 1684 2808 placidos
1694 2771 1853 2801 hominum
1872 2772 2021 2803 inclinant
2034 2775 2083 2811 pia
2096 2775 2224 2804 numina
2238 2783 2350 2811 mores,

1499 2821 1618 2848 Horum
1633 2820 1725 2849 etiam
1738 2820 1825 2849 cultu
1837 2823 1868 2849 et
1879 2828 1965 2850 sacro
1978 2822 2121 2851 laetantur
2134 2822 2260 2853 honore.

1427 2918 1562 2955 Verum,
1588 2918 1624 2948 ut
1661 2925 1732 2949 mea
1761 2917 1822 2949 fert
1852 2917 1976 2958 opinio,
2001 2927 2167 2960 nunquam
2203 2920 2273 2954 haec
2305 2921 2475 2963 diceretis,

1427 2975 1488 3007 nisi
1507 2975 1653 3008 homines
1669 2976 1707 3008 ad
1727 2984 1778 3015 ea,
1797 2985 1871 3017 quae
1890 2980 2091 3018 sequuntur,
2112 2987 2177 3011 non
2194 2980 2225 3011 vi
2248 2980 2325 3020 ulla,
2349 2981 2405 3014 sed
2421 2983 2476 3015 vo-

1428 3034 1551 3067 luntate
1569 3044 1628 3066 sua
1643 3035 1717 3067 duci
1732 3035 1823 3068 vobis
1842 3045 2031 3076 persuasum
2047 3039 2142 3071 esset.
2171 3041 2252 3077 Quae
2265 3041 2374 3073 autem
2385 3041 2477 3075 insti·

1428 3093 1548 3126 tuerint
1566 3094 1723 3127 mortales
1745 3103 1764 3127 e
1779 3104 1894 3136 genere
1916 3104 2022 3128 rerum
2038 3095 2085 3128 sic
2102 3098 2396 3138 praedamnatarum
2411 3113 2420 3133 =
2438 3109 2476 3133 ea

1429 3160 1536 3192 neque
1564 3152 1643 3185 deus
1659 3161 1766 3194 neque
1786 3153 1884 3186 homo
1911 3154 2078 3200 cavillator
2098 3157 2279 3190 necessitati
2311 3158 2476 3199 assignare

1428 3211 1554 3244 audeat.
1572 3213 1637 3244 Aut
1654 3212 1681 3244 si
1697 3212 1771 3253 quis
1791 3213 1900 3245 tamen
1918 3214 1981 3246 erit
1996 3214 2179 3257 ejusmodi,
2198 3224 2265 3248 non
2284 3216 2349 3257 jam
2366 3218 2475 3251 verbis

1428 3278 1501 3302 cum
1521 3279 1560 3302 eo
1589 3271 1840 3311 contendamus,
1868 3272 1923 3305 sed
1958 3275 2101 3314 arrepta,
2132 3277 2285 3316 tanquam
2318 3276 2474 3310 adversus

1429 3330 1652 3360 contumacem
1673 3338 1822 3370 puerum,
1843 3329 1975 3362 duriore
2000 3331 2123 3363 scutica
2143 3331 2241 3363 latera
2259 3331 2328 3371 ejus
2348 3333 2474 3372 egregie

1427 3385 1600 3419 caedamus.
1624 3388 1703 3419 Haec
1719 3388 1808 3420 tanta
1826 3391 1876 3421 est
1897 3389 2084 3457 disputatio,
2106 3389 2218 3430 quain
2239 3392 2346 3422 vatem
2363 3393 2472 3423 Oeno-

1428 3451 1518 3475 maus
1538 3443 1712 3476 invehitur.
