2638 3840
387 251 1329 312 aeffiffffiffiffffi.
1367 283 1370 285 ,
1399 255 1454 297 ..23
1466 270 1478 286 s.
1489 258 1532 281 ,ῖς

1068 439 1779 543 ΣΟΦΙΣΤΑΙ.

452 823 532 906 Π
549 821 788 904 ΡΩΤ
806 822 872 901 Α
891 816 1298 901 ΓΟΡΟΥ

521 957 1218 1023 ΑΠΟΣΠΑΣΜΛΤΙΑ.

775 1100 944 1114 —w—

406 1239 433 1265 1.
454 1224 604 1264 Πάντων
633 1222 826 1276 χρημάτων
850 1221 974 1274 μέτρον
1007 1220 1204 1273 ἅνθρωπος·
1230 1220 1298 1258 τῶν
1331 1217 1393 1270 μὲν

355 1284 475 1323 ἐόντων
491 1287 536 1327 ὣς
559 1283 652 1332 ἔστι,
673 1284 741 1320 τῶν
756 1280 793 1319 δὲ
810 1283 872 1319 οὒκ
889 1279 1015 1319 ἐόντων
1036 1282 1082 1323 ὡς
1098 1280 1159 1318 οὐκ
1177 1279 1265 1317 ἔστι.

407 1343 624 1394 (Diogenes
635 1341 810 1379 Laertius
824 1339 895 1378 lib.
915 1338 984 1391 IX,
999 1340 1043 1377 51
1059 1354 1068 1376 ι
1085 1338 1249 1386 ἀλλὰκαὶ
1266 1337 1396 1391 ἤρξατό

354 1417 420 1440 που
436 1405 555 1440 τοῦτον
574 1399 631 1437 τὸν
651 1399 791 1452 τρόπον·
815 1398 964 1438 Πάντων
990 1397 1185 1450 χρημάτων
1205 1399 1284 1436 κτλ.
1316 1397 1395 1436 Re-

354 1460 468 1512 posui
485 1459 547 1498 bis
563 1459 685 1498 ἐόντων
706 1472 778 1510 pro
800 1459 913 1496 codd.
935 1459 1102 1496 lectione
1119 1457 1243 1496 ὄντων.
1266 1456 1388 1507 Lege-

354 1520 467 1558 batur
485 1519 565 1557 haee
581 1518 770 1557 sententia
788 1518 904 1556 initio
921 1517 1016 1556 libri
1031 1515 1222 1563 Ἀλήθεια
1211 1516 1396 1567 mscripti

356 1588 449 1617 teste
464 1579 624 1616 Platone
638 1577 783 1616 Theaet.
798 1591 835 1628 p
852 1579 919 1615 161
942 1576 999 1614 C:
1023 1574 1084 1622 τὴν
1100 1575 1251 1629 δ’ἀρχὴν
1263 1591 1324 1613 του
1301 1575 1397 1614 λό-

355 1653 417 1688 γου
431 1637 647 1687 τεθαύμακα,
660 1651 711 1674 οτι
727 1637 790 1674 οὐκ
806 1638 899 1674 εἶπεν
915 1634 1105 1695 ἀρχόμενος
1123 1636 1184 1681 τῆς
1202 1633 1393 1682 Ἀληθείας,

358 1697 408 1734 ὅτι
428 1696 566 1734 πάντων
592 1694 785 1748 χρημάτων
814 1694 940 1747 μέτρον
966 1693 1058 1733 ἐστιν
1083 1696 1120 1738 ὓς
1141 1692 1163 1741 ἢ
1195 1693 1396 1746 κυνοκέφα-

355 1758 413 1800 ’νος
431 1757 510 1794 κτλ.
531 1754 602 1792 ubi
622 1768 737 1792 enarr
740 1763 824 1793 at01
837 1767 985 1805 graecus
1002 1754 1085 1792 haec
1105 1753 1337 1791 annotavit.
1358 1752 1397 1791 τὸ

356 1819 416 1853 τοῦ
439 1812 672 1867 Πρωταγόρου
704 1812 943 1886 σύγγραμμα,
973 1814 1006 1851 ἐν
1036 1816 1065 1865 ᾧ
1094 1827 1206 1850 ταυτα
1241 1810 1396 1859 δοξάζει,

358 1873 517 1921 Ἀλήθεια
535 1874 723 1912 ἐκαλεῖτο
710 1875 777 1911 υπὸ
797 1871 1046 1925 Πρωταγόρου.
1063 1871 1301 1922 Repetuntur
1318 1870 1399 1910 haec

357 1932 479 1971 verba
497 1933 703 1983 aliquoties
720 1934 760 1970 in
777 1932 911 1970 eodem
926 1931 1083 1980 dialogo
1097 1959 1108 1978 ‚
1130 1930 1237 1968 velut
1254 1942 1292 1980 p.
1326 1943 1339 1966 1
1350 1929 1397 1967 52

358 1993 423 2030 A:
431 1991 484 2030 ὃν·
499 1993 595 2043 ἔλεγε
614 1991 673 2029 καὶ
702 1990 961 2044 Πρωταγόρας,
978 1989 1106 2043 τρόπον
1141 1989 1177 2027 δέ
1194 2003 1273 2027 τινα
1295 1987 1399 2027 ἄλλον

359 2050 474 2103 εἴρηκε
492 2049 538 2088 τὰ
560 2049 648 2087 αὐτὰ
667 2053 793 2089 ταῦτα.
813 2048 917 2097 Φησι
951 2048 1019 2101 γάρ
1051 2064 1118 2087 που
1138 2046 1282 2086 πάντων
1304 2063 1397 2100 χρη-

360 2109 480 2159 μάτων
502 2109 626 2162 μέτρον
646 2108 827 2160 ἄνθρωπον
845 2112 952 2156 εἶναι,
967 2109 1035 2146 τῶν
1050 2106 1147 2158 μὲν”
1127 2122 1233 2145 οντων
1251 2108 1299 2151 ὡς
1313 2106 1398 2158 ἔστι,

358 2171 426 2206 τῶν
447 2167 552 2218 δὲμὴ
578 2168 686 2206 ὄντων
705 2170 750 2211 ὡς
787 2169 848 2207 οὐκ
877 2167 983 2207 ἔστιν.
1017 2180 1058 2219 Ρ.
1093 2168 1166 2204 160
1188 2165 1247 2204 C:
1270 2165 1403 2207 ἀληθὴς

361 2227 429 2280 ἄρα
453 2227 530 2277 ἐμοὶ
551 2230 572 2273 ἡ
598 2227 665 2277 ἐμὴ
697 2226 867 2275 αἴσθησις·
903 2229 964 2273 τῆς
990 2226 1057 2278 γὰρ
1088 2227 1176 2276 ἐμῆς
1207 2223 1327 2270 οὐσίας
1346 2227 1403 2264 ἀεί

348 2287 448 2340 ,ἐστι’
472 2285 532 2324 καὶ
554 2285 622 2338 ἐγὼ
643 2284 763 2339 κριτὴς
793 2284 886 2324 κατὰ
914 2284 971 2323 τὸν
1006 2284 1247 2337 Πρωταγόραν
1276 2287 1344 2324 τῶν
1364 2301 1402 2323 τε

361 2344 466 2383 ὄντων
487 2344 564 2396 ἐμοὶ
584 2347 630 2388 ὡς
649 2343 742 2392 ἔστι,
759 2344 819 2383 καὶ
838 2346 906 2383 τῶν
926 2343 975 2395 μὴ
992 2342 1101 2383 ὄντων
1114 2345 1162 2388 ὥς
1178 2344 1241 2382 οὒκ
1259 2342 1344 2384 ἔστι.
1365 2352 1403 2382 et

362 2405 496 2477 paucis
518 2405 731 2455 interjectis
755 2419 763 2442 :
790 2403 982 2455 παγκάλως
1003 2402 1071 2455 ἄρα
1097 2418 1152 2441 σοι
1172 2401 1320 2455 εἴρηται,
1349 2402 1402 2441 ὅτι

362 2463 539 2514 ἐπιστήμη
556 2465 619 2501 οὐκ
640 2462 726 2502 ἄλλο
745 2463 780 2501 τί
803 2464 896 2501 ἐστιν
915 2461 937 2508 ἢ
961 2461 1141 2512 αἴσθησις,
1164 2461 1224 2500 καὶ
1246 2465 1296 2504 εἰς
1313 2478 1404 2499 ταυ-

363 2520 420 2557 τὸν
441 2520 700 2571 συμπέπτωκε,
721 2522 813 2559 κατὰ
835 2520 898 2573 μὲν
912 2518 1078 2572 “Ὀμηρον
1092 2520 1151 2558 καὶ
1170 2519 1401 2573 ἹΙράκλειτον

365 2578 424 2617 καὶ
440 2584 510 2615 πᾶν
529 2578 568 2616 τὸ
587 2582 739 2617 τοιοῦτον
760 2581 881 2632 φυλον,
904 2573 972 2617 οἷον
989 2579 1147 2632 ῥεύματα
1166 2581 1336 2617 κινεῖσθαι
1357 2576 1402 2615 τὰ

366 2637 504 2684 πάντα,
519 2637 611 2675 κατὰ
633 2637 669 2675 δὲ
687 2637 926 2689 Πρωταγόραν
944 2653 1001 2676 τον
1024 2638 1246 2690 σοφώτατον,
1263 2637 1403 2676 πάντων

367 2695 559 2748 χρημάτων
578 2695 754 2749 ἄνθρωπον
771 2696 896 2749 μέτρον
911 2700 1017 2745 εἶναι,
1034 2697 1125 2736 κατὰ
1139 2697 1174 2735 δὲ
1190 2695 1402 2745 Θεαίτητον,

366 2754 495 2792 τούτων
512 2754 618 2797 οὕτως
635 2754 799 2826 ἐχόντων,
822 2754 1013 2802 αἴσθησιν
998 2755 1197 2806 επιστήμην
1210 2753 1403 2806 γίγνεσθαι.

368 2826 406 2862 p.
429 2826 498 2859 170
512 2812 563 2851 Ε.
578 2811 610 2850 τί
630 2812 687 2850 δαὶ
708 2814 801 2864 αὐτῳ
819 2813 1056 2875 Πρωταγόρα,
1077 2807 1131 2865 ἀρ’
1154 2813 1233 2866 οὐχὶ
1254 2813 1404 2864 ἀνάγκη,

370 2873 399 2908 εἷ
425 2869 486 2919 μὲν
518 2871 604 2920 μηδὲ
634 2870 732 2913 αὐτὸς
753 2870 842 2909 ὤετο
859 2871 984 2923 μέτρον
1006 2876 1092 2911 εἶναι
1113 2872 1292 2923 ἄνθρωπον
1316 2872 1404 2923 μηδὲ

370 2930 400 2966 οἱ
415 2928 555 2976 πολλοί,
576 2928 694 2980 ωσπερ
714 2911 788 2966 οὐδὲ
805 2929 951 2978 οἴονται,
972 2931 1092 2980 μηδενὶ
1113 2925 1203 2977 δὴ
1169 2935 1259 2970 εἶναι
1277 2931 1406 2978 ταύτην

371 2986 433 3033 τὴν
457 2986 634 3033 ἀλήθειαν,
665 2987 706 3033 ἣν
734 2988 860 3031 ἐκεῖνος
888 2986 1059 3049 ἔγραψεν;
1092 2991 1278 3028 Similiter
1297 2991 1407 3029 Plato

372 3046 476 3084 Crat.
489 3060 526 3097 Ρ.
541 3046 615 3083 385
631 3046 687 3084 Ε;
710 3046 806 3098 Φέρε
822 3046 887 3092 δὴ
875 3048 1016 3098 ιοωμεν,
1028 3064 1056 3085 ω
1067 3048 1289 3099 Ἑρμόγενες,
1310 3047 1409 3087 πότε-

373 3119 427 3156 ρον
453 3105 513 3142 καὶ
529 3104 573 3143 τὰ
595 3103 676 3142 ὄντα
694 3103 800 3147 οὕτως
820 3104 911 3156 ἔχειν
933 3120 986 3143 σοι
1007 3106 1189 3157 φαίνει-αι,
1206 3107 1278 3158 ἰδίᾳ
1295 3108 1407 3145 αὐτῶν

371 3165 392 3208 ἡ
411 3162 510 3200 οὐσία
531 3166 618 3200 εἰναι
647 3162 800 3214 ἑκάστω,
821 3161 940 3215 ὥσπερ
961 3164 1199 3224 Πρωταγόρας
1226 3163 1324 3215 ἔλεγε
1353 3165 1393 3204 λέ
1378 3183 1410 3195 -

371 3236 457 3272 γων,
478 3220 618 3259 πάντων
650 3220 843 3273 χρημάτων
877 3221 1000 3273 μέτρον
1032 3225 1118 3260 εἶναι
1148 3223 1375 3275 ανθρωπον,
1358 3240 1404 3267 ως

374 3280 442 3331 ἄρα
473 3283 529 3318 οἱα
558 3279 620 3331 μὲν
648 3279 690 3318 ἂν
711 3279 789 3330 ἐμοὶ
811 3280 977 3333 φαίνηται
996 3280 1039 3318 τὰ
1068 3281 1260 3333 πράγματα
1293 3286 1408 3333 εἶναι,

415 3392 444 3421 1.
474 3392 593 3422 Rerum
627 3390 771 3422 omnium
803 3398 954 3422 mensura
975 3390 1073 3422 homo
1105 3392 1174 3431 est;
1204 3399 1314 3423 earum
1340 3392 1411 3431 qui-

373 3447 444 3479 dem
462 3458 534 3489 quae
556 3450 696 3490 exstant,
713 3450 749 3482 ut
762 3452 855 3489 sunt,
873 3458 946 3490 quae
962 3458 1037 3482 vero
1054 3458 1118 3482 non
1136 3451 1273 3490 exstant,
1296 3453 1408 3483 utnon

371 3511 456 3539 sunt.

1420 789 1428 965 1
1610 813 2364 914 ΡΒΟΤΑΕΟΒΕ

1694 949 2250 1022 FRAGMENTA.
2362 979 2366 983 ·

1895 1099 2060 1114 w

1457 1224 1601 1260 τοιαῦτα
1623 1219 1686 1272 μέν
1704 1221 1795 1259 ἐστιν
1826 1219 1926 1270 ἐμοί,
1947 1214 2003 1258 οἶα
2023 1220 2054 1258 δ’
2074 1219 2115 1258 ἂν
2135 1218 2210 1269 σοί,
2229 1223 2374 1260 τοιαῦτα
2398 1220 2429 1259 δ’
2449 1214 2495 1260 αὗ

1458 1279 1525 1319 σοί·
1551 1279 1686 1333 ἢέχειν
1713 1280 1807 1318 δοκεῖ
1831 1294 1885 1317 σοι
1914 1277 2005 1317 αὐτὰ
2033 1280 2149 1318 αὑτῶν
2179 1294 2258 1318 τινα
2282 1278 2499 1332 βεὸαιότητὰ

1456 1343 1517 1387 τῆς
1536 1339 1669 1383 οὐσίας.
1699 1338 1774 1377 Sed
1806 1339 1872 1377 alii
1903 1351 2059 1390 quoque
2091 1339 2304 1391 scriptores
2338 1339 2498 1379 eandem

1456 1399 1684 1438 sententiam
1700 1399 1922 1449 Protagorae
1947 1398 2140 1439 tribuunt.
2170 1399 2397 1438 Aristoteles
2419 1399 2499 1439 Me·

1456 1459 1563 1511 taph.
1582 1459 1654 1499 lib.
1672 1457 1726 1496 IX
1742 1471 1827 1510 cap.
1846 1472 1942 1510 1,p.
1964 1458 2062 1497 1053
2079 1458 2139 1496 ed.
2155 1458 2329 1498 Bekker.:
2349 1460 2503 1512 Πρωτα·

1456 1518 1561 1572 γόρας
1583 1519 1612 1556 δ’
1630 1517 1811 1571 ἄνθρωπόν
1823 1533 1908 1571 φησι
1921 1517 2062 1556 πάντων
2081 1510 2168 1556 εἶναι
2183 1516 2327 1571 μέτρον.
2346 1517 2407 1557 Id.
2430 1518 2500 1558 lib.

1456 1577 1491 1615 X
1508 1591 1593 1629 cap.
1615 1578 1655 1624 6,
1676 1591 1717 1628 p.
1751 1578 1876 1614 1062:
1896 1576 2141 1630 παραπλήσιον
2162 1576 2199 1615 δὲ
2221 1583 2295 1621 τοῖς
2310 1574 2503 1630 εἰρημένοις

1458 1635 1532 1675 ἐστὶ
1550 1635 1610 1674 καὶ
1641 1635 1680 1673 τὸ
1703 1634 1824 1687 λεχθὲν
1861 1634 1928 1673 ὑπὸ
1959 1639 2020 1675 τοῦ
2053 1635 2307 1710 Πρωταγόρου’
2337 1636 2399 1675 καὶ
2434 1636 2504 1696 γὰρ

1458 1697 1585 1739 ἐκεῖνος
1602 1693 1668 1747 ἔφη
1683 1693 1822 1733 πάντων
1839 1694 2036 1747 χρημάτων
2053 1688 2141 1734 εἶναι
2162 1696 2287 1748 μέτρον
2309 1693 2502 1748 ἄνθρωπον.

1458 1756 1596 1794 Sextus
1619 1755 1841 1806 Empiricus
1874 1754 1963 1794 adv.
1996 1754 2115 1793 Math.
2147 1753 2322 1794 lib.V11
2352 1753 2376 1804 5
2402 1754 2453 1791 60
2490 1767 2500 1791 :

1457 1815 1686 1869 ἐναρχόμενος
1704 1817 1785 1866 γοῦν
1813 1815 1881 1857 τῶν
1906 1813 2198 1853 καταὸαλλόντων
2221 1814 2240 1851 ὃ
2259 1811 2503 1866 Πρωταγόρας

1459 1875 1671 1929 ἀνεφώνησε·
1683 1874 1824 1913 πάντων
1840 1873 2034 1926 χρημάτων
2056 1872 2180 1926 μέτρον
2198 1872 2293 1912 ἐστὶν
2305 1871 2499 1924 ἄνθρωπος,

1460 1938 1527 1975 τῶν
1557 1934 1659 1986 μὲν”
1639 1949 1747 1974 οντων
1766 1935 1814 1977 ὣς
1836 1932 1945 1985 ἔστιν,
1978 1935 2048 1971 τῶν
2075 1932 2112 1971 δὲ
2144 1934 2204 1971 οὔκ
2236 1930 2344 1971 ὄντων
2363 1933 2411 1976 ὣς
2435 1932 2513 1971 οὔκ,

1461 1996 1567 2035 ἔστιν.
1586 1994 1647 2036 ld.
1660 1993 1853 2046 Pynhon.
1870 1993 1967 2045 hyp.
1985 1993 2060 2032 lib.
2082 1992 2101 2030 1
2118 2006 2205 2044 cap.
2225 1993 2274 2030 32
2294 1991 2384 2031 init.
2403 1989 2504 2030 εΚαὶ

1461 2058 1478 2093 ὁ
1496 2053 1735 2127 Πρωταγόρας
1754 2051 1789 2091 δὲ
1822 2051 1984 2104 βούλεται
2009 2051 2151 2090 πάντων
2184 2049 2381 2105 χρημάτων
2404 2020 2504 2089 ,εἶναι

1463 2113 1590 2166 μέτρον
1617 2113 1675 2151 τὸν
1698 2112 1897 2187 ἄνθρωπον,
1916 2128 1984 2151 των
2019 2110 2131 2185 μὲν”
2109 2127 2219 2150 οντων
2239 2113 2287 2156 ως
2307 2109 2406 2158 ἔστι,
2432 2111 2503 2148 τῶν

1461 2171 1497 2211 δὲ
1514 2171 1577 2211 οὔκ
1595 2171 1741 2210 ὅντων“
1723 2188 1770 2215 ως
1791 2174 1853 2210 οὐκ
1875 2171 1962 2211 ἔστι·
1988 2171 2115 2224 με’τρον
2135 2169 2199 2221 μὲν
2231 2169 2343 2222 λέγων
2362 2168 2402 2207 τὸ
2420 2183 2503 2222 κρι-

1460 2231 1594 2284 τήριον,
1627 2229 1820 2283 χρημάτων
1854 2228 1890 2267 δὲ
1909 2245 1979 2267 των
2010 2229 2246 2282 πραγμάτων·
2253 2229 2322 2289 ..ὣς
2357 2226 2503 2278 δυνάμει

1459 2290 1603 2343 φάσκειν
1622 2289 1761 2328 πάντων
1791 2287 2011 2340 πραγμάτων
2035 2286 2215 2340 κριτήριον
2242 2278 2332 2324 εἶναι
2360 2301 2419 2324 τον
2439 2286 2503 2324 ἄν-

1459 2329 1615 2401 θρωπον,
1636 2364 1704 2387 των
1731 2346 1836 2399 μὲν“’
1815 2362 1920 2385 οντων
1941 2347 1988 2389 ὡς
2013 2344 2118 2393 ἔστι,
2148 2361 2216 2383 των
2243 2344 2280 2382 δὲ
2301 2345 2364 2383 οὐκ
2391 2342 2500 2383 ὄντων

1460 2412 1507 2455 ὡς
1527 2412 1588 2448 ὀὐκ
1603 2408 1711 2448 ἔστιν.
1731 2406 1942 2445 Aristocles
1965 2406 2067 2458 apud
2087 2403 2298 2444 Eusebium
2329 2403 2502 2456 Praepar.

1447 2470 1607 2519 -Evang.
1627 2468 1700 2507 lib.
1719 2466 1807 2506 le
1826 2479 1912 2516 cap.
1936 2479 2018 2503 20.
2048 2465 2087 2503 οὖ
2110 2463 2180 2515 μὴν
2194 2464 2275 2502 ἀλλ’
2292 2461 2504 2515 ἄντικρῦςγε

1462 2525 1700 2599 Πρωταγόρας
1733 2529 1751 2563 ὁ
1781 2522 2000 2574 Ἇὸδηρίτης.
2037 2525 2150 2565 Ουτος
2179 2521 2270 2590 ffltpm
2282 2519 2348 2572 ἔφη
2375 2520 2502 2571 μέτρον

1461 2578 1549 2624 εἶναι
1565 2583 1705 2623 πάντων
1720 2581 1911 2634 χρημάτων
1931 2580 1990 2618 τὸν
2008 2580 2206 2632 ἄνθρωπον,
2222 2580 2291 2617 τῶν
2309 2577 2373 2629 μὲν
2390 2576 2500 2616 ὄντων

1462 2644 1508 2686 ὥς
1540 2641 1633 2687 ἔστι,
1654 2642 1723 2679 τῶν
1751 2638 1787 2677 δὲ
1805 2641 1865 2678 οὐκ
1892 2638 1998 2677 ὄντων
2026 2639 2074 2681 ὡς
2101 2638 2166 2676 οὐκ
2196 2635 2304 2676 ἔστιν.
2327 2635 2506 2675 Hermias

1460 2701 1570 2741 Irris.
1587 2700 1720 2751 gentil.
1735 2699 1835 2750 phil.
1853 2711 1936 2749 cap.
1954 2695 2032 2734 lv.
2046 2696 2141 2735 ”Αλλ
2164 2694 2223 2735 ἐπὶ
2242 2693 2370 2748 θάτερα
2392 2695 2504 2747 Πρω-

1465 2762 1615 2812 ταγόρας
1629 2757 1784 2806 ἑστηκὼς
1803 2757 1962 2796 ἀνθέλκει
1983 2770 2026 2806 με
2039 2753 2194 2807 φάσκων·
2219 2752 2329 2806 ‘'Opoc
2343 2752 2404 2791 καὶ
2423 2751 2506 2805 κρί-

1465 2833 1517 2861 σις
1542 2818 1609 2854 τῶν
1632 2814 1848 2868 πραγμάτων
1874 2817 1892 2852 ὅ
1911 2813 2111 2867 ἄνθρωπος,
2134 2827 2193 2850 και
2217 2810 2262 2850 τὰ
2282 2809 2345 2862 μὲν
2372 2809 2503 2850 ὑποπί-

1465 2889 1596 2915 πτοντα
1609 2874 1685 2917 ταῖς
1701 2870 1934 2919 αἷσθήσεσιν”
1916 2885 1988 2909 εστι
2000 2870 2205 2923 πράγματα,
2226 2867 2271 2907 τὰ
2292 2867 2327 2906 δὲ
2349 2867 2430 2920 μὴ(
2414 2883 2505 2907 υπο-

1466 2934 1637 2974 πίπτοντα
1654 2934 1716 2971 οὗκ
1732 2931 1824 2970 ἔστιν
1846 2931 1879 2969 ἐν
1900 2935 1971 2973 τοῖς
1991 2928 2097 2967 εἴδεσι
2116 2930 2178 2974 τῆς
2192 2927 2324 2972 οὐσίας.
2334 2926 2346 2980 )

1519 3006 1550 3033 2.
1581 2991 1670 3044 Περὶ
1688 2991 1748 3043 μὲν
1778 2991 1862 3028 θεῶν
1885 2991 1946 3026 οὐκ
1966 2988 2037 3039 ἔχω
2065 2987 2213 3037 εἰδέναι,
2241 2985 2311 3024 οὔθ’
2329 2987 2377 3031 ὣς
2393 2984 2503 3034 εἰσίν,

1469 3051 1539 3089 οὔθ’
1558 3053 1603 3094 ὡς
1622 3051 1684 3089 οὐκ
1700 3051 1799 3088 εἰσιν.
1819 3045 1944 3087 Πολλὰ
1961 3046 2028 3098 γὰρ
2042 3045 2088 3084 τὰ
2109 3044 2289 3084 κωλύοντα
2305 3042 2455 3094 εἰδέναι,
2477 3041 2502 3089 ἥ
2563 3058 2567 3062 >

1468 3126 1505 3148 τε
1526 3108 1697 3157 ἀδηλότης
1713 3109 1771 3147 καὶ
1789 3106 1921 3160 βραχὺς
1937 3103 1985 3143 ὢν
1999 3108 2017 3143 ὁ
2037 3104 2109 3155 βίος
2126 3107 2185 3141 τοῦ
2202 3102 2398 3156 ἀνθρώπου.

1525 3168 1737 3218 (Diogenes
1757 3165 1929 3205 Laertius
1944 3163 2016 3202 lib.
2031 3162 2100 3213 lx,
2114 3163 2192 3199 51.
2212 3160 2271 3200 καὶ
2291 3161 2448 3212 ἄλλαχου
2464 3157 2503 3196 δὲ

1468 3228 1588 3286 τοῦτον
1606 3224 1735 3277 ἤρξατο
1752 3239 1811 3262 τον
1829 3222 1966 3276 τρόπον·
1986 3220 2075 3273 Περι
2098 3219 2159 3270 μὲν
2178 3222 2264 3258 θεῶν
2278 3219 2340 3256 οὐκ
2357 3216 2430 3270 ἔχω
2455 3217 2505 3255 εἷ-

1470 3284 1582 3333 δέναι,
1578 3282 1664 3322 εἴθ’
1684 3286 1730 3328 ὡς
1747 3282 1853 3331 εἰσίν,
1873 3281 1935 3320 εἴθ’
1954 3283 1999 3325 ὥς
2015 3281 2078 3318 οὐκ
2092 3279 2175 3319 εἰσίν
2194 3280 2274 3319 κτλ.
2298 3277 2418 3316 Posui
2441 3276 2506 3315 bis

1513 3400 1543 3427 2.
1562 3396 1608 3426 De
1625 3394 1685 3427 diis
1698 3394 1779 3426 scire
1793 3402 1857 3425 non
1871 3400 2001 3433 possum
2020 3399 2122 3431 neque
2139 3390 2175 3422 ut
2188 3390 2250 3421 sint
2270 3396 2373 3429 neque
2387 3390 2423 3419 ut
2439 3395 2505 3419 non

1472 3454 1546 3485 sint.
1565 3455 1646 3492 Sunt
1667 3452 1752 3485 enim
1774 3451 1876 3484 multa
1891 3458 1964 3491 quae
1985 3457 2044 3481 nos
2063 3448 2094 3480 id
2114 3447 2196 3480 scire
2212 3446 2414 3488 prohibeant.
2435 3446 2502 3478 tam

1471 3507 1515 3539 rei
1530 3506 1706 3539 obscuritas
1717 3513 1814 3547 quam
1834 3505 1942 3537 brevis
1963 3503 2129 3536 hominum
2146 3502 2224 3535 vita.

1405 3573 1477 3607 180
