2638 3840
316 265 390 299 202
1028 256 1446 298 COMMENTARIUS
1481 260 1750 300 CHALCIDII

310 347 476 387 scuratur3
492 354 551 378 nee
569 346 675 379 tamen
698 345 846 378 omnibus
872 343 1036 376 mensibus
1050 367 1058 382 ,
1086 342 1171 374 sicut
1195 351 1236 375 ne
1258 344 1348 375 omni

310 405 439 446 quidem
461 405 565 446 coitu,
585 405 645 436 hoc
660 406 721 444 est,
742 403 827 435 omni
845 411 928 434 nova
952 402 1027 433 luna
1040 426 1049 440 ,
1069 401 1146 433 solis
1169 401 1352 435 obscuratio

308 467 492 506 intervenit,
518 468 575 499 aut
604 466 691 497 omni
721 465 813 506 plena
842 463 1043 503 perfectaque
1064 462 1138 494 luna
1159 463 1244 495 lunoe
1263 463 1353 496 labor

308 526 361 566 fit,
383 528 478 567 atque
505 525 710 564 obscuratio,
739 524 905 564 propterea
924 521 1011 562 quod
1038 521 1150 554 circuli
1175 531 1286 555 eorum
1306 522 1351 555 ni-

308 587 372 618 mia
388 586 574 627 obliquitate
593 594 610 616 a
632 594 665 617 se
684 584 820 616 invicem
838 582 997 614 disserant.

347 646 536 677 LXXXVII.
572 644 696 684 Quippe
713 642 779 680 sol,
804 642 864 673 sub
893 641 996 681 ipsam
1025 640 1140 673 libram
1169 641 1350 676 medietatis

306 704 445 745 signiferi
471 704 575 735 omnis
587 727 596 742 ,
617 701 743 734 modico
767 700 893 732 dicatur
910 699 983 732 ferri
1000 699 1176 741 desseonr,
1193 701 1232 733 ad
1251 701 1348 734 dimi·

306 762 395 795 dium
418 762 484 794 sere
508 761 707 793 momentum
725 758 888 791 declinans
901 783 909 798 ‚
926 758 975 790 vel
999 758 1032 790 in
1049 760 1196 791 austrum
1209 783 1218 798 ‚
1241 753 1300 792 vel'
1316 759 1349 791 in

305 821 499 862 aquilonem.
566 820 607 852 At
644 827 720 850 vero
749 817 837 858 luna,
863 819 900 850 ut
931 820 1095 850 asseverat
1124 818 1329 859 Hipparchus
1341 842 1350 858 ,

305 880 415 912 decem
431 879 590 919 utrimque
602 876 772 909 momentis
786 875 879 908 devia
893 875 1059 917 reperitur.
1075 876 1188 917 Igitur,
1203 876 1229 908 si
1243 877 1348 908 utros-

304 947 366 979 que
385 938 477 970 orbes
497 935 660 978 epipedos,
680 935 712 967 id
726 935 775 968 est
800 935 931 975 planos,
947 938 980 967 et
998 936 1068 968 sine
1090 934 1153 967 ulla
1172 935 1346 976 soliditate,

306 1000 369 1028 tam
387 996 479 1033 solis,
493 1003 588 1035 quam
610 994 694 1026 lunae
707 993 945 1026 consideremus
958 994 1080 1034 animo,
1095 994 1216 1036 positos
1231 994 1348 1026 adver-

304 1064 375 1087 sum
405 1062 438 1086 se
460 1054 504 1085 ita
525 1052 647 1085 directa
669 1052 845 1094 positione,
873 1053 909 1085 ut
928 1061 1010 1093 una,
1037 1061 1093 1094 per
1111 1053 1234 1085 medios
1253 1053 1347 1085 orbes

302 1112 414 1151 ducta,
445 1111 529 1144 linea
560 1111 684 1152 spinam
716 1110 843 1143 duobus
869 1111 972 1151 planis
998 1111 1129 1143 orbibus
1158 1111 1310 1151 insigniat
1335 1123 1343 1144 ε

302 1171 360 1203 erit
372 1170 542 1203 diametros
555 1170 723 1202 amborum
738 1169 850 1202 eadem
867 1169 961 1201 linea.
979 1172 1019 1202 Et
1037 1170 1105 1209 ejus
1120 1178 1247 1202 summa
1262 1178 1347 1211 pars,

300 1230 449 1263 scindens
465 1231 647 1272 proximum
665 1230 820 1262 circulum
834 1254 843 1270 ‚
862 1230 1083 1272 καταβιβάζω,
1102 1231 1163 1263 hoc
1191 1232 1252 1271 est,
1270 1230 1348 1263 sub-

299 1290 461 1331 dividens,
481 1289 671 1331 appellatur.
694 1291 765 1322 Imo
780 1298 856 1321 vero
880 1298 991 1322 secans
1015 1298 1107 1331 aeque
1122 1299 1253 1322 sursum
1279 1299 1351 1324 ver-

301 1358 373 1381 sum
393 1348 549 1390 majorem
568 1349 692 1390 orbem,
711 1348 909 1388 ἀναὸιὸάζον,
932 1348 964 1380 id
987 1351 1037 1381 est
1058 1357 1156 1390 supra
1179 1349 1344 1384 dividens.

301 1410 419 1447 Quare,
429 1408 455 1440 si
473 1409 575 1440 coetus
587 1408 675 1448 solis,
688 1408 720 1440 et
733 1408 832 1448 lunae,
846 1407 900 1440 tiet
916 1407 1071 1449 directus,
1086 1408 1119 1440 et
1129 1407 1216 1440 velut
1229 1407 1269 1440 ad
1282 1418 1350 1450 per·

301 1467 459 1508 pendiculi
469 1467 847 1508 destinationem,utpote
861 1466 1016 1508 proximis
1029 1466 1088 1498 sibi
1106 1466 1202 1499 factis
1219 1476 1257 1500 ex
1276 1476 1350 1500 con-

300 1535 397 1558 cursu
420 1525 627 1567 corporibus,
644 1525 772 1566 objiciet
801 1535 835 1558 se
854 1526 927 1557 ante
948 1525 1054 1557 visum
1068 1526 1228 1567 nostrum,
1245 1527 1277 1559 et
1296 1526 1350 1559 ob·

301 1585 419 1625 stabit,
430 1586 601 1626 augustum
619 1585 746 1617 videndi
765 1585 915 1617 obsidens
930 1585 1093 1617 tramitem
1109 1584 1184 1617 luna
1196 1609 1205 1624 ‚
1224 1585 1347 1618 lucem-

301 1652 364 1683 que
379 1642 456 1675 solis
478 1651 497 1674 a
518 1643 611 1675 nobis
632 1644 720 1675 arcet
748 1642 853 1674 minor
872 1642 945 1674 licet
962 1641 1065 1674 multo
1083 1642 1239 1683 majorum
1257 1643 1349 1684 obje-

302 1702 392 1733 ctans
403 1725 413 1742 ,
428 1701 470 1733 ob
498 1701 656 1734 directum
669 1726 678 1741 ,
697 1702 929 1742 proptereaque
957 1702 1147 1742 angustum,
1164 1703 1349 1734 nostrorum

300 1760 466 1793 oculorum
486 1760 659 1793 tramitem.
680 1760 802 1792 sivero
815 1768 882 1792 non
896 1760 937 1791 ad
951 1759 1218 1801 perpendiculum
1239 1764 1343 1792 coetus

300 1827 411 1851 eorum
424 1819 525 1851 factus
535 1819 607 1860 erit,
619 1819 674 1852 sed
687 1819 850 1860 prolixitas
860 1819 991 1860 quidem
1000 1819 1157 1851 intervalli
1167 1820 1240 1859 erit,
1251 1819 1350 1852 latera

301 1886 400 1919 porro
421 1886 440 1910 a
460 1877 564 1918 rigore
596 1877 804 1910 declinabunt
840 1877 1062 1919 aliquatenuS,
1090 1877 1134 1910 ita
1158 1880 1196 1910 ut
1223 1878 1302 1910 alter
1324 1879 1348 1910 i-

299 1937 411 1979 gnium
422 1936 464 1969 ad
479 1935 675 1979 aquilonem,
691 1937 772 1970 alter
786 1945 863 1970 vero
876 1936 917 1969 ad
934 1938 1081 1972 austrum
1098 1937 1220 1978 vergat,
1231 1937 1349 1969 obscu-

300 1997 379 2029 ratio
395 1995 483 2028 nulla
503 1996 566 2029 tiet.

341 2057 545 2088 LXXXVIII.
562 2057 661 2088 Lunae
676 2064 754 2088 vero
779 2055 883 2096 labor,
908 2055 977 2089 sive
993 2055 1132 2089 detectio
1148 2055 1195 2088 sic
1215 2055 1348 2089 demon-

301 2114 445 2145 stratur:
476 2112 573 2151 Quod
588 2113 739 2154 quidem,
760 2123 835 2147 cum
855 2115 1030 2148 incurrerit
1058 2115 1207 2147 umbram
1239 2116 1334 2148 terrae

301 2172 437 2205 deficere
445 2172 605 2212 videatur,
615 2175 741 2206 constat
750 2174 835 2215 apud
845 2183 977 2208 omnes:
992 2175 1046 2208 sed
1062 2184 1121 2208 cur
1133 2185 1197 2207 non
1210 2184 1351 2217 semper,

301 2231 355 2263 aut
366 2231 513 2263 omnibus
541 2233 726 2273 mensibus,
760 2233 822 2265 hoc
846 2234 1031 2268 dicendum.
1095 2235 1221 2276 Ignium
1246 2235 1350 2268 lucem

302 2290 513 2331 praebentium
545 2291 626 2323 radii
654 2292 768 2325 directi
796 2292 963 2333 feruntur,
987 2295 1120 2327 umbras
1150 2295 1349 2335 obiectorum

301 2358 474 2391 corporum
491 2351 664 2384 formantes
677 2352 710 2384 in
732 2353 838 2384 varias
864 2352 991 2395 figuras.
1053 2356 1137 2395 Ergo
1153 2363 1227 2387 cum
1247 2355 1328 2396 iguis
1340 2380 1349 2396 ,

302 2408 403 2441 lucem
437 2409 595 2450 praebens,
628 2410 761 2451 aequalis
780 2411 842 2445 erit:
869 2413 1014 2454 corpori,
1047 2422 1087 2446 ex
1116 2423 1181 2455 quo
1213 2415 1353 2447 emicant

302 2466 424 2498 umbrae
436 2491 445 2506 ,
464 2468 490 2499 si
504 2471 569 2500 tam
586 2468 685 2509 ignis,
705 2478 802 2511 quam
820 2465 964 2513 corporis
976 2497 987 2514 ,
1009 2472 1141 2513 globosa
1161 2473 1222 2505 erit
1235 2473 1348 2514 torma,

304 2525 426 2557 umbrae
457 2528 628 2560 nascentur
647 2528 679 2560 in
705 2529 838 2561 modum
862 2530 1020 2571 cylindri:
1046 2534 1096 2571 ut,
1118 2533 1215 2573 puta,
1237 2532 1279 2564 sit
1300 2532 1352 2564 lu·

306 2591 375 2616 cem
401 2585 555 2624 atseren53
573 2588 606 2618 et
628 2587 805 2628 luminans,
820 2600 841 2620 α
858 2590 877 2630 β
895 2598 904 2618 2
923 2589 1010 2630 quod
1035 2599 1112 2623 vero
1139 2590 1351 2632 illuminatur,

305 2654 323 2683 γ
343 2644 371 2675 δ.
416 2645 495 2677 Haec
514 2654 590 2678 vero
608 2647 743 2689 aequalia
769 2648 851 2689 sint,
867 2650 899 2681 et
915 2649 1048 2689 globosa
1067 2652 1215 2693 utraque.
1252 2652 1351 2693 (Vide

307 2701 441 2741 Iiguram
463 2702 544 2743 XI.)
558 2703 767 2744 Perspicuum
781 2707 841 2745 est,
859 2707 987 2746 radios,
1007 2717 1107 2740 unum
1123 2721 1145 2741 α
1160 2720 1192 2750 γ,
1216 2709 1352 2742 alterum

307 2761 327 2801 β
346 2761 375 2802 δ,
399 2761 431 2793 in
445 2761 603 2795 directum
622 2763 792 2804 exaltatos,
806 2765 897 2805 Juxta
914 2775 948 2798 se
962 2775 1031 2799 esse
1050 2767 1222 2809 dispositos
1236 2769 1352 2810 aequali

307 2819 469 2852 distantia.
515 2821 627 2852 Merito
648 2829 657 2852 :
675 2822 750 2861 quia
769 2823 876 2855 circuli
897 2836 918 2855 α
935 2826 954 2866 β
971 2825 1157 2867 diametrus,
1175 2827 1288 2859 circuli
1309 2829 1351 2868 γδ

310 2877 466 2910 diametro
494 2879 629 2919 aequalis
658 2881 718 2913 est.
763 2881 863 2913 Iidem
893 2883 972 2915 radii
1002 2887 1145 2917 crescant
1172 2886 1205 2917 in
1229 2887 1352 2928 altum3

309 2935 367 2968 erit
386 2947 439 2976 αγ
458 2948 474 2968 ε
494 2937 619 2978 radius,
637 2938 725 2970 radio
743 2940 762 2980 β
787 2940 804 2971 δ
822 2942 837 2977 ζ
860 2939 985 2972 distans
1011 2943 1129 2981 aequali
1155 2943 1272 2984 rigore,
1294 2945 1354 2978 hoc

309 2995 377 3035 est,
395 2994 463 3027 sine
480 2994 694 3029 inclinatione.
740 2999 782 3029 Et
799 3008 819 3038 γ
837 3009 852 3030 ε
868 3007 943 3040 ergo
960 2998 1132 3032 adversum
1153 3002 1199 3039 ὃζ
1221 3003 1349 3036 radium

308 3052 376 3085 sine
390 3053 594 3086 inclinatione
620 3054 764 3096 distabit,
778 3057 810 3088 et
822 3057 956 3098 uterque
975 3058 1094 3095 radius,
1111 3060 1144 3091 in
1158 3060 1352 3095 immensum

310 3111 385 3144 licet
403 3113 516 3144 auctus
527 3136 537 3153 ,
555 3114 673 3154 aequali
690 3116 812 3147 crescet
830 3116 936 3157 rigore
952 3125 961 3146 ε
981 3125 1041 3149 nec
1058 3126 1170 3150 eorum
1185 3121 1353 3153 cacumina

308 3170 540 3212 conjungentur
563 3181 717 3214 unquam,
741 3174 793 3206 vel
810 3175 1042 3216 contingentse
1058 3176 1207 3211 invicem.
1257 3180 1352 3216 Quod

309 3238 382 3262 cum
399 3230 443 3262 ita
461 3231 514 3272 sit,
531 3231 666 3264 dubium
688 3241 752 3264 non
768 3235 828 3273 est,
843 3244 863 3275 γ
879 3235 896 3266 δ
913 3235 1050 3275 sphaerae
1066 3236 1214 3269 umbram
1236 3238 1268 3269 in
1284 3239 1350 3270 effi-

309 3290 390 3330 giem
408 3291 541 3332 cylindri
555 3292 704 3333 formari‚
722 3296 918 3327 crescentem
933 3304 987 3335 per
1010 3295 1204 3329 immensum
1222 3298 1307 3331 licet.

354 3354 528 3385 LXXXIX.
553 3353 585 3385 Si
611 3355 742 3395 tamen,
758 3354 845 3396 quod
867 3355 1048 3396 illuminat,
1072 3357 1202 3389 brevius
1223 3359 1295 3397 erit,
1316 3361 1351 3392 ut

310 3424 331 3450 η
349 3413 384 3453 θ;
409 3413 492 3453 quod
514 3422 594 3446 vero
616 3414 829 3455 illuminatur,
850 3415 972 3457 majuS,
996 3419 1032 3448 ut
1051 3418 1101 3449 κλ
1123 3429 1131 3449 :
1149 3418 1352 3451 manifestum

311 3471 372 3509 est,
386 3471 530 3503 umbram
545 3472 629 3504 orbis
644 3485 664 3504 κ
677 3475 704 3512 λ,
726 3482 800 3514 quae
814 3476 861 3506 est
874 3486 894 3506 κ
911 3486 944 3516 μ,
962 3487 982 3506 α
1002 3488 1030 3515 ν,
1051 3476 1084 3507 ἰη
1107 3478 1208 3508 forma
1223 3477 1351 3517 quidem

1412 346 1542 387 etugtari
1561 347 1697 388 calathi,
1717 355 1776 379 nec
1803 350 1908 379 tamen
1935 347 2018 379 hanc
2045 348 2185 388 spectem
2206 347 2336 390 mutari,
2357 347 2456 381 etiarn

1412 402 1438 434 si
1455 404 1577 436 crescat
1594 404 1709 436 umbra
1726 404 1757 436 in
1776 404 1982 437 immensum.
1995 404 2097 445 (Vlde
2114 405 2248 446 figuram
2263 404 2360 447 XII.)
2379 408 2460 440 Nam

1413 469 1486 493 cum
1504 462 1545 494 sit
1561 462 1662 502 major
1680 474 1700 495 κ
1713 464 1730 495 λ
1744 463 1915 496 diametros
1927 488 1936 503 ,
1958 476 1978 502 η
1997 465 2012 496 θ
2029 463 2183 496 diametro
2199 474 2207 496 :
2227 465 2370 507 proiecto
2391 467 2458 499 tarn

1411 534 1431 561 η
1451 534 1505 563 κμ
1521 523 1653 565 radIus,
1683 533 1780 566 quam
1799 526 1814 556 θ
1841 526 1858 556 λ
1888 536 1904 557 ν
1919 524 1951 556 in
1974 525 2168 557 immensum
2190 525 2340 567 porrecti,
2367 526 2459 559 latio-

1412 591 1495 623 rem,
1512 591 1576 624 quo
1596 582 1667 624 plus
1684 571 1845 625 crescent,
1867 583 2011 623 effigiant
2032 585 2235 624 opacitatem.
2294 586 2376 625 Ergo
2389 584 2459 618 sive

1412 641 1527 673 umbra
1546 642 1771 683 κυλινδροειδὴς
1785 666 1794 682 ,
1814 642 1880 674 sive
1893 643 2093 680 καλαθοειδής
2109 643 2190 683 erit,
2215 643 2378 684 contingat
2401 651 2458 675 ne-

1411 707 1501 732 cesse
1515 701 1583 741 est,
1609 701 1645 733 ut
1664 701 1774 734 multae
1795 702 1895 734 stellae
1908 725 1917 741 ‚
1941 710 2014 743 quae
2032 710 2128 741 supra
2153 710 2212 734 nos
2230 700 2460 743 imminebunt,

1414 768 1469 800 per
1490 761 1617 792 noctem
1645 769 1711 793 non
1728 761 1897 793 videantur
1919 770 1938 793 a
1962 761 2057 794 nobis
2070 786 2079 802 ,
2099 762 2160 794 hac
2184 764 2240 794 aut
2258 761 2312 795 illa
2335 761 2462 795 umbris

1411 818 1544 859 objectis
1568 824 1601 853 et
1629 819 1830 853 obstantibus
1857 833 1866 853 ε
1895 819 1950 853 sed
1975 820 2037 852 hoc
2060 821 2217 853 rationem
2246 819 2460 854 nonhabet:

1412 878 1539 916 oportet
1554 877 1661 919 igitur,
1688 886 1815 919 semper
1830 878 1984 919 maJorem
2001 887 2071 911 esse
2095 878 2307 912 illustrantem
2326 878 2458 926 globum

1411 934 1451 966 iis
1466 944 1539 977 quae
1559 936 1773 969 illustrantur.
1829 938 1945 978 ltaque
1964 936 1991 969 si
2010 937 2116 970 lucem
2142 937 2310 971 advehens
2331 929 2462 979 p‘raesta·

1412 995 1458 1027 bit
1473 995 1691 1035 magnitudine
1703 1020 1712 1037 ,
1725 997 1764 1028 ut
1777 996 1791 1033 ξ
1807 997 1844 1036 o';
1865 996 1972 1028 minus
1985 1004 2061 1028 vero
2077 996 2151 1037 erit,
2164 997 2252 1038 quod
2268 997 2461 1038 illustratur,

1412 1055 1447 1086 ut
1465 1066 1489 1086 π
1504 1065 1521 1096 ρ
1540 1067 1548 1086 :
1566 1055 1702 1095 utraque
1716 1055 1827 1087 autem
1847 1054 1999 1095 globosa:
2020 1067 2043 1087 π
2060 1066 2077 1097 ρ
2098 1056 2208 1088 circuli
2229 1057 2366 1102 umbra,
2386 1065 2460 1098 quoe

1411 1114 1461 1145 est
1473 1125 1496 1145 π
1516 1124 1531 1154 ρ
1550 1125 1583 1153 σ,
1600 1113 1764 1154 nascitur,
1785 1113 1817 1145 in
1836 1113 1968 1145 modum
1986 1113 2059 1146 coni
2078 1113 2231 1147 desinens
2253 1115 2287 1147 in
2310 1123 2459 1156 acumen,

1412 1171 1595 1213 ibidemque
1617 1171 1703 1204 finita
1730 1173 1745 1209 ξ
1771 1184 1811 1214 π,
1841 1174 1873 1205 et
1892 1183 1910 1205 ο
1925 1184 1942 1215 ρ
1960 1172 2058 1205 radiis
2085 1174 2237 1214 porrectis
2255 1174 2288 1206 in
2309 1175 2412 1208 altum
2429 1177 2463 1209 et

1410 1231 1669 1271 contingentibus
1692 1240 1726 1264 se
1750 1231 1887 1264 invicem
1915 1231 2001 1274 apud
2025 1234 2133 1265 notam
2156 1245 2189 1267 σ.
2247 1233 2340 1271 Quod
2368 1234 2404 1267 fit
2419 1243 2459 1268 ex

1411 1289 1536 1328 eodem,
1555 1290 1629 1330 quia
1656 1301 1680 1321 π
1697 1301 1713 1332 ρ
1732 1290 1905 1323 dtametros
1922 1290 2029 1323 minor
2052 1293 2101 1324 est
2129 1291 2288 1325 diametro
2306 1293 2321 1330 ξ
2341 1304 2372 1333 ο,
2389 1302 2461 1335 pro-

1411 1350 1583 1389 ptereaque
1590 1348 1714 1381 umbrae
1725 1349 1846 1390 species
1854 1350 2006 1382 conoides
2015 1350 2085 1383 erit.
2102 1351 2196 1391 (Vide
2205 1351 2337 1392 figuram
2351 1354 2460 1393 XIII.)

1454 1409 1522 1439 XC.
1547 1407 1630 1444 Quia
1654 1407 1750 1447 igItur
1778 1407 1983 1448 Hipparchus
2011 1407 2043 1438 in
2075 1415 2114 1439 eo
2144 1416 2262 1449 opere,
2287 1408 2380 1450 'quod
2410 1409 2460 1442 in·

1411 1466 1562 1499 scribitur
1579 1468 1628 1498 De
1655 1466 1838 1499 secessibus
1862 1469 1901 1499 at
1911 1475 1976 1508 que
1991 1466 2191 1499 intervallis
2204 1467 2288 1500 solis
2309 1469 2343 1500 et
2369 1467 2463 1501 lunae

1411 1527 1524 1567 docet,
1539 1527 1790 1568 maguItudinem
1802 1528 1879 1559 solis
1894 1528 1981 1560 mille
1989 1527 2179 1568 octingentis
2189 1528 2358 1569 octoginta
2371 1529 2464 1570 parti-

1412 1586 1473 1619 bus
1491 1587 1649 1628 potiorem
1665 1595 1737 1620 esse
1755 1595 1851 1628 quam
1867 1587 1997 1628 terram,
2028 1587 2145 1619 terram
2169 1595 2245 1619 vero
2261 1586 2392 1620 demum
2412 1588 2464 1620 vi-

1411 1646 1490 1687 ginti
1504 1647 1625 1687 septem
1643 1646 1790 1687 partibus
1804 1646 1960 1686 potiorem
1974 1653 2044 1677 esse
2064 1654 2162 1687 quam
2183 1646 2293 1679 lunam
2305 1670 2316 1686 ‚
2340 1646 2462 1679 multo-

1411 1713 1475 1745 que
1492 1704 1592 1737 solem
1609 1704 1752 1737 altiorem
1768 1713 1838 1736 esse
1850 1713 1946 1745 quam
1963 1704 2037 1739 luna
2059 1705 2123 1737 sit:
2139 1706 2293 1746 apparet,
2311 1705 2459 1738 umbram

1412 1764 1508 1796 terrae
1527 1763 1600 1796 coni
1617 1763 1754 1796 similem
1767 1763 1865 1796 effici.
1913 1763 2040 1804 Quippe
2057 1763 2136 1795 radii
2150 1764 2228 1797 solis
2246 1765 2261 1801 ξ
2279 1776 2304 1796 π
2334 1766 2368 1797 et
2383 1765 2460 1797 item

1411 1832 1451 1862 ορ
1464 1822 1637 1862 angustant
1655 1830 1690 1853 se
1701 1821 1794 1861 Juxta
1810 1820 2002 1853 diametrum
2017 1823 2112 1854 terrae
2127 1833 2150 1854 π
2187 1833 2216 1863 ρ,
2233 1823 2266 1854 et
2276 1822 2398 1860 dextra,
2410 1822 2465 1855 lae-

1411 1888 1527 1920 vaque,
1565 1880 1675 1911 omnia
1704 1880 1897 1913 illuminant.
1966 1881 2064 1912 Terra
2088 1887 2162 1912 vero
2189 1880 2317 1921 objecta
2342 1881 2457 1914 lumini

1411 1938 1509 1979 solis,
1529 1938 1775 1971 circumfluente
1797 1947 1832 1971 se
1856 1938 1995 1979 lumine,
2019 1938 2168 1971 umbram
2184 1940 2277 1972 terrae
2293 1939 2412 1980 eflicit,
2440 1948 2460 1972 a

1412 1997 1559 2030 diametri
1583 1997 1634 2030 sui
1654 1998 1822 2030 latitudine
1847 1998 1879 2030 In
1893 1998 2073 2037 angustiam
2089 2002 2288 2040 provectam,
2310 2002 2344 2032 et
2362 2007 2464 2040 usque

1411 2057 1451 2089 ad
1469 2057 1564 2089 tinem
1581 2056 1730 2089 ultimum
1747 2057 1970 2097 angustiarum
1989 2058 2200 2090 attenuatam.
2262 2059 2368 2096 Quam
2385 2066 2461 2090 cum

1411 2116 1555 2149 inciderit
1572 2120 1732 2149 nocturna
1751 2116 1828 2148 luna
1848 2116 2004 2149 diametro
2018 2125 2038 2148 a
2051 2117 2149 2156 terra,
2165 2119 2199 2149 et
2217 2116 2297 2156 sole,
2315 2117 2458 2158 distaus;

1412 2177 1448 2209 ut
1465 2184 1538 2217 quae
1555 2177 1683 2217 propria
1703 2177 1773 2208 luce
1787 2175 1938 2217 indigeat,
1962 2176 2060 2217 atque
2073 2184 2092 2207 a
2105 2176 2173 2208 sole
2185 2184 2316 2217 semper
2332 2177 2460 2209 mutue-

1411 2235 1476 2275 tur,
1490 2236 1523 2267 et
1535 2235 1576 2267 sit
1589 2234 1694 2266 minor
1708 2243 1804 2275 quam
1817 2235 1921 2275 terra,
1935 2234 2111 2266 obsistente
2123 2234 2184 2266 sibi
2196 2243 2247 2274 ea,
2261 2234 2293 2266 in
2309 2235 2462 2267 tenebras

1412 2293 1573 2326 conditur.
1618 2295 1733 2334 Porro,
1761 2301 1835 2324 cum
1866 2301 1931 2325 non
1960 2292 2001 2325 ad
2027 2292 2184 2325 directum
2206 2292 2343 2334 rigorem
2363 2294 2458 2333 solis,

1413 2356 1572 2395 terraeque
1583 2377 1593 2395 ,
1614 2355 1646 2386 et
1663 2354 1748 2385 lunae
1760 2377 1770 2394 ‚
1786 2352 1902 2394 positio
1919 2352 2100 2391 conveniet,
2125 2349 2167 2385 ut¹
2178 2361 2235 2394 per
2248 2355 2366 2394 puncta
2388 2361 2457 2386 me-

1412 2412 1569 2445 dietatum
1584 2413 1724 2444 transeat
1743 2411 1899 2450 diametra
1921 2411 2028 2444 linea:
2047 2411 2102 2443 sed
2128 2411 2176 2444 sol
2200 2411 2232 2444 in
2257 2412 2462 2453 aquilonem,

1413 2471 1490 2504 luna
1508 2471 1541 2503 in
1567 2472 1714 2503 austrum
1733 2471 1863 2511 vergat,
1887 2471 1939 2503 vel
1960 2472 2070 2503 eontra
2100 2483 2109 2503 ε
2131 2478 2226 2503 evasa
2243 2472 2370 2503 terrena
2389 2479 2462 2502 um-

1415 2530 1491 2570 bra,
1510 2529 1636 2562 nullam
1658 2528 1778 2569 patitur
1804 2528 2075 2561 obscurationem.
2132 2531 2176 2562 Ac
2194 2527 2235 2561 de
2253 2528 2303 2560 his
2328 2527 2459 2569 quidem

1414 2587 1578 2620 hactenus.
1622 2588 1715 2619 Nunc
1736 2594 1813 2618 vero
1826 2586 1893 2626 jam
1911 2586 2082 2627 peragratis
2098 2586 2249 2618 omnibus
2260 2610 2270 2626 ‚
2287 2587 2462 2618 veniamus

1412 2647 1451 2678 ad
1471 2646 1660 2679 orationem.

1455 2707 1541 2739 XCI.
1575 2705 1636 2738 Καὶ
1662 2706 1700 2743 δὴ
1726 2706 1762 2737 τὸ
1784 2705 1891 2747 μιχθὲν
1912 2705 1943 2741 ἐξ
1959 2704 1996 2736 οὔ
2016 2707 2116 2736 ταῦτα
2133 2705 2342 2745 κατέτεμνεν,
2363 2703 2462 2740 οὕτως

1412 2767 1472 2805 ἤδη
1484 2769 1548 2799 πᾶν
1564 2766 1794 2798 καταναλώκει.
1839 2765 1963 2803 Ταύτην
1978 2764 2032 2796 οὖν
2056 2765 2112 2803 τήν
2133 2765 2280 2802 ξύστασιν
2296 2766 2401 2797 πᾶσαν
2419 2764 2459 2796 δι-

1413 2827 1492 2864 πλῆν
1513 2826 1593 2858 κατὰ
1612 2829 1709 2867 μῆκος
1725 2825 1839 2866 σχίσας
1857 2825 1954 2866 μέσην
1973 2824 2048 2866 πρὸς
2069 2824 2167 2865 μέσην
2190 2824 2341 2866 ἑκατέραν
2366 2823 2460 2860 ἀλλή-

1413 2887 1479 2922 λαις
1500 2886 1567 2918 οἷον
1597 2897 1619 2926 χ
1636 2884 1840 2926 προσὸαλών,
1863 2884 2065 2924 κατέκαμψεν
2093 2884 2136 2920 εἰς
2164 2883 2300 2922 κύκλον,
2327 2882 2462 2924 ξυνάψας

1414 2929 1522 2981 αὐὲαἴς
1540 2955 1574 2976 τε
1593 2944 1648 2975 καὶ
1665 2943 1810 2981 ἀλλήλαις
1823 2942 1854 2974 ἐν
1866 2945 1912 2983 τῷ
1931 2942 2118 2985 καταντικρὺ
2136 2945 2191 2980 τῆς
2205 2941 2397 2983 προσὸολῆς.

1456 3005 1501 3036 Et
1511 3002 1589 3043 jam
1600 3002 1681 3043 sere
1707 2992 1806 3034 omne
1830 3002 2058 3033 commixtum
2073 2999 2169 3032 illud
2184 3007 2293 3040 §enus
2308 3000 2462 3031 essentiae

1413 3064 1632 3095 consumtum
1673 3062 1752 3093 erat
1795 3058 1995 3101 hujusmodi
2035 3058 2247 3091 sectionibus
2290 3059 2460 3099 partium.

1418 3124 1513 3156 Tunc
1532 3122 1623 3155 hanc
1638 3123 1753 3164 ipsam
1768 3122 1896 3153 seriem
1907 3121 1945 3152 in
1963 3119 2106 3158 lonqum
2121 3119 2235 3150 secuit
2252 3127 2264 3150 .·
2283 3119 2318 3150 et
2330 3125 2375 3149 ex
2386 3125 2461 3149 una

1413 3185 1501 3216 serie
1522 3183 1615 3216 duas
1630 3182 1734 3224 fecit,
1751 3190 1878 3224 easque
1905 3180 2058 3213 mediam
2082 3179 2217 3219 mediae,
2249 3180 2288 3211 in
2310 3180 2461 3219 speciem

1413 3245 1448 3276 X
1460 3245 1583 3276 Groecoe
1595 3244 1722 3276 litterae
1731 3242 1925 3276 coarctavit
1931 3252 1944 3281 ;
1954 3241 2185 3281 curvavitque
2196 3241 2232 3271 in
2249 3238 2358 3276 orbes,
2374 3246 2460 3282 quo-

1414 3303 1461 3335 ad
1478 3306 1610 3336 coirent
1624 3305 1719 3336 inter
1737 3311 1773 3336 se
1789 3303 1919 3344 capita.

1457 3365 1504 3394 Ex
1525 3362 1628 3395 tribus
1651 3363 1718 3403 his,
1738 3362 1878 3395 essentia
1903 3361 2045 3401 scilicet,
2063 3360 2096 3393 et
2120 3359 2250 3399 eodem,
2267 3359 2299 3391 et
2317 3359 2458 3400 diverso,

1414 3421 1586 3454 miscuerat
1607 3422 1747 3454 animam
1760 3445 1770 3462 ,
1797 3422 1830 3454 et
1843 3430 1915 3453 eam
1940 3420 2086 3453 secuerat
2102 3419 2134 3451 in
2151 3427 2320 3459 numeroS‚
2343 3418 2460 3459 partim

1414 3478 1568 3520 duplices,
1580 3489 1681 3521 usque
1692 3480 1731 3512 ad
1751 3479 1869 3512 cubum
1879 3502 1889 3512 .
1903 3478 1958 3520 qui
1978 3478 2103 3518 primus
2113 3485 2152 3509 ex
2166 3476 2346 3517 duplicibus
2357 3475 2459 3509 nasci-

2626 1339 2638 1401 ξ·
