2638 3840
317 276 388 308 1⁵0
1242 265 1503 306 CHALCIDII

350 358 412 389 SO.
438 356 479 388 At
498 363 572 387 vero
590 354 648 386 hac
670 353 855 387 educatione
882 353 969 392 altis,
993 351 1060 383 auri
1084 351 1287 393 argentique,
1309 355 1342 385 et

309 417 434 447 coeteroe
473 413 695 455 supellectilis,
727 411 957 454 possessionem
988 410 1144 451 cujusque
1179 411 1341 451 propriam

308 473 428 505 nullam
445 481 531 512 esse,
549 470 789 504 autexistimari
809 469 917 508 licere,
938 467 1146 509 praediximus
1170 480 1178 500 :
1196 468 1252 500 sed
1274 468 1341 500 sola

309 530 453 564 mercede
468 532 648 569 contentos,
666 528 888 561 exhibentibus
903 535 1039 567 quorum
1060 526 1194 558 salutem
1212 529 1340 559 tueren-

308 592 372 631 tur,
391 591 437 623 uti
456 589 664 622 communiter
678 589 763 620 tanta
779 588 897 627 quanta
913 585 954 617 sit
969 585 1045 617 satis
1062 595 1070 617 :
1087 585 1251 626 occupatis
1267 594 1340 626 erga

308 649 485 682 custodiam
502 647 680 680 communis
696 645 805 677 salutis
817 668 826 685 ,
842 648 873 677 et
887 652 905 675 a
927 645 1042 677 caetera
1060 644 1221 676 functione
1236 644 1340 685 operis

307 708 515 742 cessantibus.

348 768 402 799 ΤΙ.
423 767 510 798 Dicta
528 765 596 798 haec
614 763 718 796 omnia
738 763 768 794 in
786 762 871 793 hunc
893 761 1024 793 modum
1045 762 1130 793 sunt.

346 827 365 868 §
387 831 417 859 2.
438 828 499 858 SO.
522 826 566 857 De
588 822 724 855 [nvminis
743 830 871 862 quoque
899 820 1011 861 opinor
1037 820 1177 852 habitam
1203 819 1338 852 mentio-

305 894 377 917 nem
397 898 405 917 :
435 892 515 924 quas
537 882 655 914 similes
672 881 878 920 eiusdemque
901 881 1025 911 naturae
1047 878 1192 910 maribus
1221 887 1339 910 conve-

306 945 370 976 niat
400 942 526 982 effingi,
546 941 614 973 sine
641 940 704 971 ulla
729 948 857 971 morum
883 938 1090 970 differentia:
1111 947 1176 980 quo
1205 943 1340 979 uterque

304 1012 399 1034 sexus
418 1001 528 1033 iisdem
545 1002 576 1032 et
597 999 822 1031 communibus
842 998 994 1030 institutis
1015 1000 1152 1038 regatur.
1198 998 1282 1036 Quid
1300 997 1340 1030 de

305 1059 502 1102 procreandis
529 1057 803 1098 suscipiendisque
823 1056 953 1090 liberis?
978 1058 1025 1088 An
1047 1065 1125 1089 vero
1145 1057 1205 1088 hoc
1221 1057 1282 1097 ita,
1305 1057 1340 1089 ut

303 1122 433 1158 caetera,
450 1126 522 1158 quae
537 1118 650 1157 praeter
666 1116 848 1157 opinionem
865 1114 1048 1156 hominum,
1063 1115 1340 1147 consuetudinem-

302 1188 366 1220 que
379 1179 476 1214 vitae,
499 1177 560 1209 dici
578 1176 737 1214 videnlur,
755 1174 981 1215 memorabile,
1000 1174 1235 1216 vivaciorisque
1250 1176 1338 1207 tena-

302 1235 424 1273 citatis,
439 1234 479 1267 de
494 1233 711 1266 existimandis
725 1233 949 1265 communibus
962 1233 1098 1274 nuptiis,
1112 1233 1339 1274 communique

302 1293 408 1333 prole;
432 1292 457 1324 si
479 1300 554 1323 suos
572 1291 705 1332 quisque
728 1291 859 1323 minime
878 1291 1070 1324 internoscat
1091 1292 1242 1327 affectus,
1264 1302 1336 1333 pro-

288 1353 472 1392 'plereaque
487 1350 636 1382 omnibus
651 1358 762 1383 omnes
778 1350 1060 1390 consanguinitatis
1074 1351 1248 1383 exhibeant
1263 1351 1337 1383 reli-

302 1411 427 1451 gionem
449 1419 456 1442 :
483 1410 559 1442 dum
591 1409 730 1450 aequales
750 1409 880 1450 quidem
905 1410 1039 1441 fratrum
1060 1411 1092 1442 et
1107 1410 1267 1442 sociorum
1285 1419 1339 1441 ca·

304 1470 398 1502 ritate
418 1469 694 1509 benivolentiaque
714 1468 874 1501 ducuntur
899 1481 908 1501 t
928 1468 1105 1509 majoribus
1128 1477 1203 1501 vero
1225 1478 1339 1509 paren-

301 1531 373 1561 tum
389 1528 520 1568 religi03
540 1536 714 1567 eorumque
733 1527 986 1569 antiquioribus,
1001 1536 1134 1560 avorum
1145 1527 1337 1560 exhibeatur

301 1589 397 1629 atque
419 1588 606 1627 atavorum,
627 1586 804 1619 reverentia
821 1599 830 1618 z
851 1586 996 1628 infraque
1020 1586 1095 1618 sniis
1114 1590 1147 1619 et
1168 1587 1335 1628 nepotibus

300 1645 407 1678 debita
429 1646 560 1685 caritas,
577 1648 673 1686 atque
691 1645 904 1686 indulgentia,
925 1644 1148 1677 convalescat?

341 1706 393 1736 ΤΙ.
418 1706 494 1736 Haec
510 1713 635 1745 quoque
655 1704 758 1736 facilia
776 1705 979 1745 memoratu3
995 1705 1028 1736 et
1043 1713 1062 1736 a
1085 1703 1177 1736 nobis
1194 1704 1337 1736 retinen-

300 1765 352 1795 tur
367 1763 498 1804 optime.

342 1825 403 1855 SO.
428 1823 511 1860 Quid
539 1822 633 1862 illud,
654 1822 739 1862 quod
768 1822 836 1854 sine
854 1821 944 1862 odio,
976 1823 1007 1854 et
1027 1822 1096 1854 sine
1115 1822 1334 1862 aemulatione,

1399 353 1600 395 nubentium,
1618 353 1802 387 melioribus
1819 353 1923 395 procis
1939 352 2197 387 melius'moratae
2217 354 2353 396 virgines
2367 363 2434 388 sor-
2451 366 2454 372 ·

1399 412 1458 444 tito
1480 412 1674 454 obveniant3
1692 413 1859 445 interiores
1877 422 1972 454 porro
1994 412 2216 453 inferioribus,
2233 422 2297 446 non
2323 414 2438 447 ‘eneti‘

1400 470 1645 503 saluberrimam
1663 472 1758 504 sortis
1776 472 1939 512 fraudem,
1954 471 2144 505 curantibus
2158 473 2190 505 in
2210 474 2244 505 ut
2369 482 2437 506 'exn

1400 530 1559 569 praefectis
1582 532 1789 572 nuptiarum:
1809 540 1873 571 quo
1891 539 1982 563 suam
2003 531 2138 573 quisque
2158 531 2174 550 ⁴*
2411 531 2439 564 ἰ

1399 587 1628 630 improsperam
1646 590 1773 631 culpet,
1786 599 1841 621 nec
1858 590 2076 631 praelationem
2091 590 2109 610 ''

1440 648 1493 680 TI.
1519 648 1587 680 Hoc
1604 657 1730 689 quoquc
1747 639 1900 680 memoria
1915 651 2039 680 renem*-

1440 708 1502 738 SO.
1523 706 1606 738 Illud
1635 707 1730 739 etiam
1763 708 1971 748 promulgatu-

1400 766 1565 805 parentum
1575 789 1584 805 ,
1599 774 1726 797 summa
1742 774 1838 805 cura,
1852 768 1897 797 ut'

1399 824 1472 856 latis
1490 824 1713 864 praeferentes,
1729 824 1761 856 in
1784 834 1801 843 ’-

1439 882 1493 913 Τι.
1514 881 1549 914 Id
1569 881 1654 921 ipsu*

1439 939 1503 970 SO.
1525 940 1550 960 r-
1813 951 1897 981 ...υε,
1917 941 1972 974 sed
1989 940 2117 974 cuidam
2137 941 2209 974 usui
2231 942 2436 989 futurosupa·

1398 996 1450 1028 tri‘
1604 1014 1639 1030 ..ι
1665 999 1789 1039 aetatis,
1819 999 1918 1031 nihilo
1946 998 2125 1031 remissiore
2153 1007 2229 1032 cura
2259 999 2436 1032 habendos.

1398 1066 1541 1088 „unauna
1559 1058 1719 1098 pueritiae,
1738 1059 1770 1090 et
1787 1058 1862 1090 item
1879 1057 2120 1099 adolescentiae,
2134 1059 2247 1091 merita
2268 1071 2277 1091 ι
2291 1067 2357 1100 quo
2370 1060 2436 1091 tam

1397 1125 1437 1149 ex
1458 1116 1587 1148 secundi
1610 1117 1730 1149 ordinis
1757 1118 1875 1158 populo
1893 1117 2107 1158 provehantur
2123 1117 2162 1149 ad
2185 1117 2324 1158 primum
2349 1117 2436 1150 ordi-
2464 1159 2469 1163 <

1398 1185 1470 1208 nem
1489 1178 1782 1216 propugnatorum,
1803 1177 1857 1217 qui
1876 1174 2104 1216 merebuntur3
2128 1185 2224 1217 quam
2241 1185 2280 1210 ex
2305 1177 2361 1218 iis,
2381 1176 2439 1218 qui

1398 1244 1417 1267 a
1441 1238 1607 1275 parentum
1628 1235 1748 1268 virtute
1778 1234 2015 1275 degenerarint,
2044 1235 2083 1267 ad
2113 1235 2258 1268 ordinem
2286 1235 2439 1269 secundae

1399 1293 1561 1334 dignitatis
1582 1294 1772 1333 relegentur.
1832 1293 1955 1335 Ecquid
1976 1303 2071 1335 ergo,
2087 1294 2226 1335 Timaee,
2250 1294 2329 1327 satis
2347 1294 2437 1328 vide-

1398 1354 1450 1384 tur
1469 1354 1587 1385 factum
1613 1356 1759 1394 recepto,
1774 1352 1900 1385 cunctis
1927 1353 2070 1395 partibus
2085 1353 2237 1386 orationis
2257 1353 2437 1396 besternae,

1399 1412 1470 1444 licet
1498 1411 1634 1444 strictim
1656 1412 1911 1453 compendioque
1933 1411 2098 1454 decursis,
2125 1421 2166 1445 an
2192 1412 2311 1454 aliquid
2341 1412 2453 1447 etiam-

1398 1469 1494 1502 vultis
1515 1469 1610 1501 addi?

1438 1530 1492 1560 TI.
1516 1527 1599 1561 Nihil
1619 1536 1706 1560 sane.

1439 1586 1459 1628 ᾗ
1481 1589 1511 1618 3.
1535 1589 1597 1619 SO.
1618 1587 1729 1619 scisne
1746 1586 1842 1627 igitur
1857 1586 1934 1628 quid
1960 1595 2018 1628 ego
2038 1586 2078 1624 de
2102 1586 2164 1619 ista
2185 1586 2348 1628 republica
2361 1595 2437 1620 sen-

1398 1645 1496 1686 tiam;
1523 1645 1649 1686 quodve
1676 1646 1709 1678 et
1751 1647 1906 1686 quantum
1944 1645 2044 1678 animi
2079 1644 2278 1678 desiderium
2311 1645 2439 1679 feram?

1392 1708 1395 1710 ’
1438 1705 1491 1736 ΤΙ.
1513 1704 1596 1742 Quid
1618 1703 1718 1736 illud?

1440 1763 1502 1794 SO.
1524 1763 1567 1795 Ut
1592 1763 1618 1795 si
1641 1763 1713 1803 quis
1735 1762 1812 1794 visis
1832 1762 2024 1795 animalibus
2041 1763 2168 1796 eximiae
2188 1762 2438 1804 pulchritudiuis

1399 1830 1436 1854 ac
1452 1822 1653 1861 venustatis,
1677 1821 1788 1861 pictis,
1811 1821 1859 1858 vel
1879 1822 1976 1854 etiam
1999 1822 2182 1854 viventibus
2205 1821 2356 1862 quidem,
2381 1821 2438 1854 sed

353 1927 435 1964 ΣΩ.
467 1924 511 1964 Τί
532 1923 588 1963 δαὶ
609 1923 755 1977 τροφήν;
778 1919 831 1976 ἆρ’
856 1925 893 1961 οὗ
914 1926 1135 1976 γυμναστικῇ
1165 1923 1224 1962 καὶ
1247 1939 1335 1973 μου-

304 1987 383 2032 σικῆ
411 1982 596 2034 μαθήμασί
614 1998 671 2033 τε,
692 1983 757 2021 ὅσα
788 1981 957 2035 προσήκει
982 1981 1137 2034 τούτοις,
1166 1983 1200 2020 ἐν
1225 1981 1337 2021 ἅπασι

301 2043 511 2095 τεθράφθαι;
975 2053 978 2058 ·

352 2103 418 2140 ΤΙ.
450 2101 550 2140 Πάνυ
571 2099 632 2151 μὲν
652 2104 726 2140 οὖν.

354 2161 432 2199 ΣΩ.
464 2158 554 2203 Τους
572 2159 608 2197 δέ
629 2174 668 2210 γε
690 2158 781 2198 οὕτω
802 2159 996 2212 τραφέντας
1014 2159 1141 2212 ἐλέχθη
1159 2175 1225 2199 που
1247 2159 1336 2210 μήτε

302 2219 426 2271 χρυσὸν
458 2219 545 2270 μήτε
571 2218 716 2271 ἄργυρον
748 2217 836 2268 μήτε
857 2218 942 2257 ἄλλο
969 2218 1053 2257 ποτὲ
1078 2218 1185 2269 μηδὲν
1215 2221 1345 2270 κτῆμα

303 2280 432 2316 ἑαυτῶν
452 2278 536 2319 ἴδιον
555 2277 705 2327 νομίζειν
726 2278 795 2315 δεῖν
808 2307 817 2325 ,
836 2279 914 2315 ἀλλ’
931 2279 976 2321 ὡς
998 2277 1197 2329 ἐπικούρους
1219 2278 1337 2328 μισθὸν

301 2337 544 2386 λαμὲάνοντας
573 2339 634 2383 τῆς
655 2336 811 2388 φυλακῆς
839 2335 935 2388 παρὰ
955 2338 1023 2374 τῶν
1050 2335 1255 2386 σωζομένων
1278 2335 1338 2373 ὑπ’

304 2397 413 2434 αὐτῶν
427 2425 437 2443 ,
460 2395 537 2439 ὅσος
557 2395 708 2449 σώφροσι
729 2395 885 2447 μέτριος,
901 2395 1101 2434 ἀναλίσκειν
1125 2412 1161 2434 τε
1179 2394 1221 2442 δὴ
1238 2399 1335 2447 κοινῇ

302 2454 360 2492 καὶ
389 2453 693 2504 ξυνδιαιτωμένους
723 2453 798 2503 μετ’
819 2454 981 2499 ἀλλήλων
1015 2457 1097 2507 ζῇν,
1134 2454 1336 2505 ἐπιμέλειαν

302 2512 443 2564 ἔχοντας
465 2515 588 2566 ἀρετῆς
611 2512 668 2551 διὰ
696 2511 845 2560 παντός,
869 2515 936 2551 τῶν
959 2514 1073 2552 ἄλλων
1092 2512 1333 2563 ’ἐπιτηδευμά-

303 2586 370 2607 των
392 2570 536 2621 ἄγοντας
553 2570 696 2621 σχολήν.

357 2630 425 2667 ΤΙ.
456 2628 606 2679 Ἐλέχθη
631 2629 690 2666 καὶ
711 2631 819 2665 ταῦτα
840 2627 965 2681 ταύτῃ.

356 2688 378 2736 S
406 2700 435 2723 2.
468 2687 547 2724 ΣΩ.
579 2686 647 2725 Καὶ
666 2685 727 2736 μὲν
749 2686 789 2732 δὴ
813 2686 871 2724 καὶ
891 2686 970 2738 περὶ
990 2688 1160 2737 γυναικῶν
1182 2685 1336 2736 ἐπεμνή-

305 2747 456 2795 σθημεν,
477 2746 520 2787 ὣς
539 2744 599 2787 τὰς
620 2743 736 2796 φύσεις
757 2749 825 2786 τοῖς
845 2744 989 2796 ἀνδράσι
1009 2743 1261 2796 παραπλησίας
1283 2742 1335 2789 εἴη

305 2800 550 2852 ξυναρμοστέον
575 2802 633 2839 καὶ
652 2801 695 2839 τὰ
715 2802 975 2850 ἐπιτηδεύματα
994 2803 1108 2841 πάντα
1129 2802 1227 2841 κοινὰ
1246 2800 1337 2839 κατά

307 2875 344 2897 τε
367 2860 516 2910 πόλεμον
544 2859 603 2896 καὶ
630 2858 719 2897 κατὰ
744 2859 806 2904 τὴν
833 2859 942 2907 ἄλλην
969 2860 1104 2899 δίαιταν
1132 2861 1245 2899 δοτέον
1266 2861 1336 2899 πά·-

305 2933 392 2961 σαις.

356 2978 389 3015 Τ
392 2978 424 3015 Ι.
456 2975 578 3027 Ταύτῃ
600 2976 660 3014 καὶ
681 2979 792 3014 ταῦτα
812 2977 962 3028 ἐλέγετο.

358 3035 442 3073 ΣΩ.
475 3034 521 3073 Τί
546 3034 581 3071 δὲ
603 3033 643 3080 δὴ
670 3034 709 3071 τὸ
736 3036 895 3085 περὶτῆς
914 3034 1158 3086 παιδοποιίας;
1188 3035 1210 3082 ἢ
1238 3039 1337 3075 τοῦτο

306 3093 369 3144 μὲν
396 3093 453 3131 διὰ
479 3092 542 3139 τὴν
567 3091 707 3138 ἀήθειαν
732 3094 800 3129 τῶν
827 3093 1017 3144 λεχθέντων
1039 3093 1335 3143 εὐμνημόνευτον,

305 3150 357 3189 ὅτι
384 3150 482 3189 κοινὰ
504 3150 559 3188 τὰ
578 3152 646 3188 τῶν
675 3149 797 3202 γάμων
829 3150 953 3189 καὶτὰ
972 3153 1041 3188 τῶν
1068 3153 1202 3190 παίδων
1231 3159 1336 3190 πᾶσιν

306 3209 469 3248 ἁπάντων
491 3209 666 3260 ἐτίθεμεν,
696 3209 961 3259 μηχανωμένοις
987 3209 1081 3253 ὅπως
1107 3211 1227 3259 μηδείς
1254 3226 1336 3248 ποτε

307 3268 345 3306 τὸ
364 3265 591 3319 γεγενημένον
613 3269 705 3318 αὐτῷ
726 3267 795 3318 ἰδίᾳ
811 3267 996 3317 γνώσοιτο,
1019 3271 1174 3318 νομιοῦσι
1189 3267 1224 3305 δὲ
1245 3269 1337 3306 πάν-

306 3340 361 3369 τες
383 3325 516 3368 πάντας
542 3323 663 3369 αὐτοὺς
690 3327 881 3375 ὁμογενεῖς,
903 3325 1051 3377 ἀδελφὰς
1073 3324 1134 3375 μὲν
1155 3325 1213 3363 καὶ
1234 3327 1337 3364 ἀδελ-

308 3382 388 3435 φοὺς
407 3383 479 3422 ὅσοι
499 3399 563 3435 περ
583 3382 624 3421 ἂν
639 3386 700 3429 τῆς
719 3382 918 3436 πρεπούσης
938 3384 1031 3426 ἐντὸς
1046 3383 1182 3429 ἡλικίας
1195 3384 1338 3435 γίγνων-

310 3457 389 3489 ται,
417 3442 493 3484 τοὺς
523 3442 553 3479 δ’
585 3441 777 3493 ἔμπροσθεν
806 3442 865 3479 καὶ
902 3442 1030 3479 ἄνωθεν
1063 3441 1182 3492 γονέας
1217 3457 1254 3479 τε
1279 3441 1338 3479 καὶ

1398 1923 1525 1975 γονέων
1558 1923 1765 1975 προγόνους,
1787 1922 1865 1968 τοὺς
1892 1924 1928 1962 δὲ
1959 1927 2007 1967 εἷς
2033 1924 2072 1963 τὸ
2098 1925 2253 1964 κάτωθεν
2279 1924 2440 1978 ἐκγόνους

1399 1982 1526 2026 παῖδάς
1545 1983 1575 2020 τ’
1602 1982 1772 2034 ἐκγόνων,

1451 2043 1517 2081 ΤΙ.
1549 2041 1644 2089 Ναί,
1668 2057 1728 2079 και
1746 2044 1858 2080 ταῦτα
1878 2040 2141 2092 εὐμνημόνευτα
2160 2046 2182 2094 ᾑ
2203 2041 2329 2095 λέγεις.

1452 2101 1531 2139 ΣΩ.
1561 2099 1688 2144 ιὈπως
1708 2099 1744 2138 δὲ
1763 2100 1815 2163 δὴΝ
1820 2096 1912 2139 κατὰ
1929 2100 2074 2150 δύναμιν
2091 2101 2187 2145 εὐθὺς
2203 2101 2373 2155 γίγνοιντο
2391 2103 2438 2146 ὥς

1398 2157 1532 2210 ἄριστοι
1552 2158 1612 2202 τὰς
1632 2159 1770 2212 φύσεις,
1794 2154 1849 2211 ἀρ’
1863 2160 1902 2197 οὗ
1925 2159 2170 2211 μεμνήμεθαε
2152 2176 2197 2204 ως
2215 2158 2292 2203 τους
2311 2159 2437 2213 ἄρχον·-

1397 2233 1459 2262 τας
1478 2216 1610 2270 ἔφαμεν
1633 2217 1693 2257 καὶ
1707 2218 1768 2262 τὰς
1787 2217 1964 2270 ἀρχούσας
1983 2219 2052 2256 δειν
2074 2219 2122 2262 εἷς
2139 2217 2202 2266 τὴν
2222 2220 2290 2259 τῶν
2305 2219 2430 2270 γάμων

1398 2276 1549 2329 σύνερξιν
1564 2277 1679 2330 λάθρα
1700 2281 1927 2329 μηχανᾶσθαι
1946 2276 2086 2329 κλήροις
2100 2276 2191 2316 τισὶν
2210 2275 2305 2322 ὅπως
2321 2279 2354 2316 οἱ
2372 2293 2437 2317 κα-

1398 2335 1451 2373 κοὶ
1471 2335 1577 2388 χωρὶς
1600 2334 1633 2373 οἵ
1651 2337 1681 2373 τ’
1706 2335 1828 2387 ἀγαθοι
1849 2341 1926 2379 ταῖς
1952 2335 2087 2386 ὁμοίαις
2117 2334 2273 2389 ἑκάτεροι
2303 2335 2436 2383 ξυλλή-

1399 2395 1537 2442 ξονται,
1560 2394 1620 2434 καὶ
1655 2395 1704 2445 μή
1736 2411 1787 2439 τις
1824 2396 1940 2438 αὐτοῖς
1973 2394 2082 2447 ἔχθρα
2103 2393 2160 2433 διὰ
2180 2410 2291 2433 ταυτα
2311 2394 2414 2447 γίγνη

1398 2464 1476 2496 ται,
1499 2464 1607 2500 τυχην
1625 2447 1825 2498 ἡγουμένοις
1847 2446 1958 2487 αἰτίαν
1975 2451 2035 2496 τῆς
2063 2446 2272 2499 ξυλλήξεως;

1451 2507 1518 2545 ΤΙ.
1550 2505 1785 2556 Μεμνήμεθα.

1451 2563 1532 2604 ΣΩ.
1568 2564 1639 2602 Καὶ
1660 2564 1729 2615 μὴν
1746 2563 1800 2603 ὅτι
1818 2580 1856 2616 γε
1877 2564 1920 2603 τὰ
1937 2563 2001 2615 μὲν
2019 2567 2088 2604 τῶν
2109 2565 2247 2616 ἀγαθῶν
2267 2562 2434 2617 θρεπτέοι)

1397 2621 1528 2675 ἔφαμεν
1549 2617 1636 2662 εἶναι
1649 2654 1660 2675 ,
1678 2623 1721 2661 τὰ
1742 2623 1777 2661 δὲ
1797 2627 1865 2661 τῶν
1885 2624 2025 2677 φαύλων
2042 2625 2089 2668 εἷς
2110 2626 2172 2671 τὴν
2195 2623 2304 2670 ἄλλην
2321 2622 2436 2676 λάθρᾳ

1398 2682 1573 2721 διαδοτέον
1601 2682 1725 2730 πόλιν;
1752 2681 2039 2732 ἐπαυξανομένων
2070 2682 2106 2722 δὲ
2137 2684 2351 2726 σκοποῦντας
2380 2681 2434 2719 ἀεὶ

1397 2739 1476 2784 τοὺς
1495 2740 1605 2786 ἀξίους
1633 2740 1736 2779 πάλιν
1759 2740 1896 2792 ἀνάγειν
1921 2739 2008 2789 δεῖν,
2031 2740 2109 2785 τοὺς
2138 2740 2173 2779 δὲ
2192 2739 2288 2793 παρὰ
2314 2738 2450 2793 σφίσινι

1399 2799 1554 2844 ἀναξίους
1572 2802 1619 2844 εἷς
1634 2798 1697 2846 τὴν
1713 2802 1780 2838 τῶν
1801 2799 2010 2838 ἐπανιόντων
2024 2800 2144 2852 χώραν
2160 2798 2432 2851 μεταλλάττεινς

1450 2861 1519 2899 ΤΙ.
1549 2859 1684 2902 Οὕτως.

1451 2918 1531 2957 ΣΩ.
1562 2910 1639 2970 'Ap’
1682 2921 1740 2956 οὖν
1787 2916 1829 2962 δὴ
1864 2915 2116 2966 διεληλύθαμεν
2147 2916 2215 2964 ἤδη
2230 2945 2241 2963 ,
2274 2914 2432 2969 καθάπερ

1398 2976 1496 3029 χθές,
1518 2978 1564 3019 ὡς
1581 2977 1615 3027 ἐν
1639 2974 1852 3036 κεφαλαίοις
1854 2975 1958 3013 πάλιν
1980 2976 2157 3013 ἐπανελθε·
2131 2988 2199 3026 -ινς
2217 2972 2241 3021 ἢ
2262 2977 2434 3024 ποθοῦμεν

1398 3035 1448 3073 ἔτι
1467 3051 1500 3074 τι
1521 3037 1589 3074 τῶν
1613 3034 1806 3088 ῥηθέντων,
1827 3036 1856 3073 ὠ
1874 3033 1953 3085 φίλε
1971 3032 2124 3084 Τίμαιε,
2111 3032 2433 3108 Νάπολειπόμενονς

1450 3097 1517 3133 ἸΙ.
1549 3095 1749 3146 Οὐδαμῶς,
1780 3094 1857 3133 ἀλλ’
1881 3091 1972 3131 αὐτὰ
1991 3091 2088 3130 ταῦτ’
2109 3087 2152 3139 ἠν
2172 3092 2216 3130 τὰ
2239 3091 2429 3144 λεχθέντα,

1397 3171 1425 3192 ω
1443 3153 1639 3206 Σώκρατες.

1450 3215 1520 3264 Sa.
1553 3215 1636 3252 ΣΩ.
1668 3211 1834 3252 Ἀκούοιτ’
1863 3210 1904 3249 ἂν
1930 3210 2010 3270 {18⁷2-
2027 3208 2072 3247 τὰ
2099 3208 2188 3260 μετὰ
2209 3224 2320 3247 ταυτα
2346 3208 2428 3261 περὶ

1398 3274 1458 3317 τῆς
1478 3272 1653 3314 πολιτείας
1679 3270 1721 3317 ἣν
1743 3266 1950 3320 διήλθομεν,
1977 3267 2047 3306 οἷόν
2065 3282 2099 3305 τι
2124 3266 2210 3338 πρὸς
2229 3265 2336 3314 αὐτὴν
2357 3280 2430 3304 πε-

1397 3343 1442 3365 πο
1445 3328 1529 3373 νθως
1542 3329 1718 3380 τυγχάνω.
1776 3327 1894 3380 Προσέ
1881 3341 1967 3365 -οικε
1983 3326 2018 3364 δὲ
2038 3326 2080 3372 δή
2095 3325 2162 3362 τινί
2181 3339 2240 3374 μοι
2256 3323 2376 3376 τοιῳδε
2392 3322 2432 3362 τὸ

1399 3385 1504 3429 πάθος
1516 3415 1526 3433 ,
1548 3390 1616 3424 οἷον
1634 3386 1664 3423 εἴ
1684 3401 1735 3429 τις
1750 3388 1823 3438 ζῷα
1843 3385 1934 3424 καλά
1953 3400 2018 3423 που
2037 3383 2269 3434 θεασάμενος,
2283 3380 2351 3420 εἴτε
2365 3380 2432 3419 §ab

1399 3446 1533 3496 γραφῆς
1552 3443 1765 3497 εἰργασμένα
1784 3444 1853 3483 εἴτε
1869 3459 1929 3483 και
1948 3445 2060 3489 ζῶντα
2078 3443 2264 3490 ἀληθινῶς,
2279 3439 2430 3492 ἡσυχίαν
