2606 3828
355 251 430 283 :3158

351 333 456 384 quod
494 335 646 371 iirtmnn
683 334 895 371 adamantis
931 336 1051 370 instar
1086 334 1163 371 erit
1197 334 1383 375 futurum.

353 392 530 431 Refertur
563 396 663 431 enim
703 394 947 444 participium
988 393 1034 429 ad
1077 394 1311 444 Apollinem.
1335 416 1390 424 —

349 449 360 472 ¹
381 451 471 490 ‹lum
492 461 698 490 sementem
721 452 878 489 faciunt.
895 472 948 479 —
964 454 980 478 ⁸
998 451 1090 488 dum
1115 454 1295 503 metunt.)

401 524 432 550 7.
464 513 586 550 Ταῦτα
616 511 677 561 μὲν
699 505 756 548 οὖν
781 509 823 547 τὰ
851 509 937 560 πρὸς
960 508 1181 557 Ἀθηναίους·
1202 513 1330 560 ἀσθενῆ
1354 512 1390 552 δὲ

350 569 480 622 σφόδρα
511 569 570 607 καὶ
600 569 847 619 καταγέλαστα
878 567 924 606 τὰ
950 569 1037 621 πρὸς
1073 571 1387 622 Λακεδαιμονίους.

349 628 452 667 Ἤτοι
478 627 545 679 γὰρ
576 628 673 665 πᾶσά
702 643 806 678 φησιν
830 629 851 673 ἡ
876 627 975 670 πόλις
1004 628 1344 680 πολιορκηθήσεται,
1366 628 1389 677 ἢ

349 687 554 726 ἀπολωλότα
573 687 629 723 τὸν
645 685 794 738 βασιλέα
814 686 989 733 πενθήσει.
1009 688 1124 726 Τοῦτο
1138 688 1167 725 δ’
1185 687 1220 732 ἐξ
1238 687 1390 734 ἅπαντος

348 747 436 789 εἰκὸς
459 741 499 792 ἦν
519 745 625 783 παντί
645 761 693 797 τῳ
724 744 973 798 στοχάζεσθαι,
989 744 1028 783 τὸ
1045 745 1133 798 ,ἤτοι
1155 746 1232 785 τόδε
1260 746 1282 795 ἢ
1311 747 1391 787 τόδε

348 803 600 854 συμὸήσεσθαι.
658 802 751 842 Ἀλλ’
773 804 810 842 οὐ
833 803 943 850 δήπου
962 807 1041 843 θεοῦ
1061 799 1102 852 ἧν
1120 806 1303 856 μάντευμα
1322 800 1391 847 ὧδέ

346 879 419 906 πως
441 861 674 914 ἀμφιῧάλλειν
692 862 814 916 ἀγνοίᾳ
833 866 894 902 τοῦ
914 863 1100 915 μέλλοντος
1114 895 1125 912 ,
1142 868 1279 917 βοηθεῖν
1301 866 1389 916 δέον,

345 937 403 960 και
430 923 572 970 σωτῆρα
602 937 669 959 των
690 920 874 969 Ἑλλήνων
893 924 927 960 ἐν
955 938 1067 976 καιρῳ
1088 925 1389 977 παραφαίνεσθαι,

344 979 402 1015 καὶ
428 979 559 1027 μᾶλλον
579 995 640 1024 την
657 978 749 1018 κατὰ
768 982 836 1018 τῶν
855 981 988 1033 ἐχθρων
1009 982 1068 1020 καὶ
1085 982 1271 1036 βαρὸάρων
1290 984 1389 1031 νίκην

345 1042 412 1080 τοῖς
427 1034 646 1085 εἘλλησιν,“
631 1054 675 1082 ως
695 1039 736 1076 ἂν
757 1039 893 1083 οἰκείοις
909 1040 1021 1093 φίλοις
1040 1042 1232 1094 προξενεῖν.
1291 1046 1334 1083 Εἰ
1353 1044 1389 1083 δὲ

347 1097 395 1146 μὴ
416 1100 517 1135 τοῦτο
541 1097 682 1142 δυνατὸς
704 1101 761 1146 ἠν,
780 1099 846 1137 κᾶν
865 1099 904 1138 τὸ
926 1100 974 1174 μὴ
995 1105 1117 1141 παθεῖν
1140 1103 1283 1152 αὖτούς,
1308 1105 1390 1155 μηδ’

344 1157 475 1193 ἁλωναι
502 1157 684 1209 παρέχειν.
742 1158 796 1198 Ὁ
807 1159 842 1197 δὲ
862 1160 939 1198 οὐδὲ
970 1164 1090 1212 τοῦτο,
1112 1164 1190 1201 ἀλλ’
1206 1164 1285 1202 οὐδ’
1297 1164 1390 1208 ὅπως

342 1217 455 1260 αὐτοῖς
473 1216 517 1254 τὰ
533 1219 593 1263 τῆς
609 1216 717 1265 ἣττης
736 1218 1007 1269 περιστήσεται,
1029 1219 1206 1272 γινώσκει.
1244 1223 1308 1261 Διὸ
1328 1238 1388 1262 και

341 1275 425 1327 πρὸς
445 1280 555 1315 ταῦτα
581 1275 636 1314 οἷά
656 1291 759 1329 φησιν
782 1278 800 1314 ὁ
820 1277 960 1329 ἔλεγχος
975 1308 986 1326 ,
1010 1279 1135 1316 ἄκουε·
1156 1278 1250 1318 Ἀλλ’
1274 1282 1312 1317 οὐ
1338 1281 1389 1318 δει

346 1334 654 1386 Λακεδαιμονίοις,
683 1334 827 1388 φήσεις,
855 1336 979 1374 ταυτὸν
1004 1341 1201 1389 παραινεῖν.
1261 1339 1388 1386 Ἀληθῆ

340 1393 378 1431 λε’
365 1409 466 1445 Εγεις.
523 1395 577 1432 Οὐ
610 1394 676 1445 γὰρ
708 1393 904 1445 ἠπίστασο,
929 1412 958 1434 ω
986 1396 1151 1448 σοφιστά,
1172 1401 1203 1436 οἱ
1231 1398 1389 1451 χωρήσει

339 1451 382 1491 τὰ
396 1455 456 1499 τῆς
473 1452 642 1506 Σπάρτης
659 1451 779 1506 ὥσπερ
799 1454 845 1491 τὰ
863 1471 926 1501 της
947 1455 1122 1503 ἩΑττικῆς.
1182 1457 1390 1501 Ἐδεδοίκεις

340 1506 397 1550 οῧν
417 1510 465 1562 μὴ
487 1526 528 1548 συ
560 1511 622 1562 μὲν
654 1513 821 1564 κελεύσῃς
843 1514 968 1559 αὐτους
1002 1515 1152 1569 φεύγειν,
1178 1516 1331 1555 κᾶπειτα
1355 1519 1387 1556 οἱ

341 1571 403 1620 μὲν
423 1570 593 1623 φεύγοιεν,
609 1572 640 1610 οἱ
661 1571 698 1609 δὲ
728 1571 777 1621 μὴ
807 1587 866 1611 επε
856 1573 996 1614 -λθοιεν,
1056 1574 1160 1614 Επεὶ
1187 1571 1244 1614 οὖν
1265 1576 1332 1615 ἔδει
1354 1592 1388 1614 τι

338 1629 465 1681 λέγειν,
485 1628 591 1672 οὕτως
608 1633 709 1673 εἰπας
728 1633 798 1674 τοῖς
817 1632 1128 1682 Λακεδαιμονίοις·

393 1705 437 1744 ‘l
440 1712 513 1756 μῖν,
532 1722 561 1742 ιιι
583 1706 750 1758 Σπάρτης
765 1706 946 1781 οἷκητορες
963 1710 1180 1763 εὐρυχόροιο,

392 1763 414 1811 ἢ
437 1763 480 1815 μέ
482 1779 528 1817 γα
551 1764 636 1802 ἄστυ
663 1767 796 1817 ἐρικυδε
783 1783 815 1809 ες
844 1769 903 1804 ὑπ’
925 1769 1069 1820 ἀνδράσι
1091 1769 1306 1822 Περσεΐδῃσι

391 1823 568 1875 πέρσεται·
581 1822 602 1869 ἢ
616 1823 656 1862 τὸ
673 1825 736 1874 μὲν
755 1825 855 1863 οιῖικίῑ1
860 1855 870 1870 ,
887 1827 944 1877 ἀφ’
960 1826 1158 1877 (Ηρακλέος
1172 1830 1207 1865 δὲ
1223 1829 1386 1879 γενέθλη,

389 1882 553 1928 πενθήσει
574 1882 735 1933 pacta-“qb
755 1883 918 1936 φθίμενον
939 1885 1203 1935 Λακεδαίμονος
1225 1891 1336 1938 οὐρος.

377 2008 408 2037 7.
433 2007 510 2037 Haec
529 2005 624 2046 igitur
639 2007 733 2046 suut,
751 2015 825 2047 quoe
850 2007 1096 2040 Atheniensibus
1119 2009 1230 2050 Apollo
1251 2018 1383 2050 respon-

335 2064 381 2096 dit
392 2074 401 2102 ;
414 2073 486 2104 quae
502 2073 578 2096 vero
590 2064 854 2106 Lacedaemoniis,
865 2065 1040 2098 admodum
1054 2067 1177 2099 infirma
1191 2069 1223 2100 et
1237 2068 1381 2100 ridicula.

336 2124 461 2164 Quippe
486 2124 616 2165 civitas,
632 2124 757 2166 inquit,
779 2125 929 2158 universa
957 2127 1011 2158 aut
1036 2126 1203 2158 obsidione
1226 2127 1382 2167 cingetur,

335 2185 391 2214 aut
408 2192 514 2223 regem
534 2183 730 2215 exstinctum
753 2184 883 2224 lugebit.
926 2186 968 2217 At
987 2185 1139 2217 omnibus
1157 2185 1289 2217 omnino
1310 2195 1384 2226 pro-

335 2241 431 2273 babili
464 2241 646 2282 conjectura
689 2243 839 2283 augurari
876 2242 1012 2282 licebat,
1042 2243 1234 2276 alterutrum
1274 2245 1384 2284 utique

335 2302 524 2332 eventurum
548 2309 630 2334 esse.
663 2303 729 2333 Nec
750 2304 837 2334 certe
856 2302 898 2334 ob
922 2310 1030 2334 rerum
1050 2302 1230 2335 suturarum
1253 2304 1381 2340 ignora-

336 2359 456 2392 tionem
471 2360 514 2391 ita
530 2359 771 2400 quodammodo
786 2359 947 2399 ambigere
962 2359 1013 2393 dei
1026 2361 1094 2392 erat
1107 2359 1269 2391 oraculum
1290 2358 1384 2391 eden·

338 2418 395 2458 tis,
413 2426 514 2458 quum
538 2417 683 2449 auxiliari
712 2420 874 2458 oporteret
891 2422 923 2450 et
939 2418 1033 2450 allata
1051 2420 1233 2459 opportune
1262 2418 1384 2451 Graecis

335 2476 435 2508 salute
458 2476 508 2508 his
528 2476 651 2516 potius,
665 2477 820 2517 tanquam
837 2476 1021 2510 domesticis
1037 2478 1166 2518 amicis,
1183 2477 1327 2509 victoriae
1343 2486 1381 2509 ex

334 2535 480 2567 hostibus
500 2543 537 2566 ac
564 2535 706 2567 barbaris
737 2535 912 2568 referendae
943 2538 1106 2568 auctorem
1135 2545 1214 2569 esse.
1261 2534 1383 2574 Quodsi

335 2594 395 2625 hoc
411 2602 474 2625 non
496 2595 640 2634 poterat,
655 2593 687 2625 id
701 2594 831 2633 saltem,
848 2604 888 2627 ne
908 2594 984 2635 quid
1004 2595 1064 2636 ipsi
1085 2597 1280 2637 paterentur,
1302 2605 1383 2629 neve

334 2653 364 2684 in
387 2653 527 2684 hostium
547 2654 734 2693 potestatem
753 2654 914 2695 venirent,
935 2654 1061 2686 efficere
1077 2654 1225 2687 debebat.
1261 2658 1382 2688 Verum

335 2711 389 2742 ille
410 2720 450 2743 ne
475 2711 536 2743 hoc
557 2711 709 2752 quidem,
733 2712 797 2744 imo
825 2721 884 2744 nec
914 2712 1094 2751 cujusmodi
1122 2714 1161 2746 iis
1192 2714 1320 2746 futurus
1342 2714 1384 2747 sit

335 2770 460 2801 adversi
478 2770 577 2810 proelii
600 2770 723 2810 exitus,
740 2770 895 2811 inteiligit.
941 2772 1158 2809 Quamobrem
1179 2773 1292 2813 etiam,
1310 2783 1383 2814 quac

337 2828 430 2867 hujus
444 2828 563 2860 oraculi
580 2829 724 2861 refutatio
740 2830 799 2868 sit,
812 2830 935 2870 accipe.
980 2831 1021 2862 At
1034 2840 1098 2862 non
1110 2831 1228 2872 decuit,
1243 2832 1382 2873 inquies,

334 2886 585 2919 Lacedaemoniis
604 2887 688 2920 idem
706 2888 850 2920 suadere.
895 2890 979 2920 Vera
995 2889 1162 2930 praedicas.
1206 2893 1277 2923 Non
1295 2892 1380 2924 enim

335 2947 475 2987 sciebas,
491 2957 510 2978 o
523 2947 683 2988 sophista,
697 2948 824 2981 idemne
837 2951 958 2989 Spartae
972 2950 1058 2989 quod
1074 2951 1188 2983 Atticae
1206 2952 1381 2992 periculum

335 3005 526 3037 immineret.
570 3007 681 3046 ltaque
704 3006 882 3044 verebaris,
903 3015 944 3038 ne
975 3016 1075 3046 quum
1104 3017 1158 3040 eos
1188 3009 1294 3050 lugere
1310 3009 1379 3049 jus·
1408 3004 1415 3048 Ι
1441 3019 1499 3050 pro
1515 3009 1665 3042 omnibus
1691 3018 1775 3041 unus
1793 3008 1931 3040 caderet.

335 3063 452 3105 sisses·,
470 3064 614 3104 sugerent
630 3064 674 3096 illi
691 3064 819 3106 quidem
832 3088 842 3104 ‚
859 3066 965 3097 Persoe
982 3074 1057 3097 vero
1074 3075 1276 3108 nequaquam
1294 3069 1381 3110 ipsos

339 3122 534 3156 invaderent.
579 3124 737 3161 Quoniam
757 3124 853 3164 igitur
868 3124 988 3165 aliquid
1010 3127 1278 3166 respondendum*
1293 3132 1378 3170 erat,

334 3180 381 3213 sie
395 3182 644 3227 Lacedaemoniis
664 3182 854 3224 respondisti
870 3192 879 3214 :

376 3293 498 3326 Nobilis
521 3303 540 3326 o
560 3296 684 3335 Spartae
707 3296 814 3336 cives,
831 3298 887 3328 aut
904 3296 1021 3336 inclyta
1042 3296 1132 3328 vohis

376 3352 452 3384 urbs
471 3353 643 3385 Persarum
659 3354 756 3386 armis
773 3355 900 3395 penitus
915 3355 1070 3387 subversa
1085 3355 1200 3395 jacebit
1215 3368 1223 3388 ι

378 3412 434 3442 aut
450 3411 475 3442 si
494 3411 606 3444 eadem
622 3412 762 3451 steterit,
784 3422 898 3454 magno
913 3423 1018 3454 regem
1038 3414 1173 3446 Hercule
1188 3417 1297 3446 natum

378 3469 481 3501 tristia
499 3470 686 3504 defunctum
702 3472 852 3514 plangent
870 3474 1112 3507 Lacedaemonis
1130 3483 1218 3507 arva.

1418 1573 1423 1619 i
1450 1586 1515 1630 ἔξω
1534 1583 1700 1623 κινδύνων
1720 1584 1945 1636 καραδοκεῖν.

1088 246 1383 285 CYNICORUM
1413 247 1743 290 FRAGMENTA.

1454 337 1568 376 Πάλιν
1605 341 1623 377 ὁ
1663 340 1963 389 ἀμαντευτότατος
1998 341 2200 394 σύνδεσμος.
2257 345 2350 384 Ἀλλ’
2383 335 2495 400 ἐῶμεν

1452 395 1571 447 αὖτόν,
1604 399 1650 442 ὡς
1686 398 1738 447 μὴ
1768 399 1818 442 δὶς
1843 415 1924 451 περι
1954 403 2014 438 τοῦ
2046 402 2152 440 αὐτοῦ
2178 418 2232 442 σοι
2260 404 2497 452 ἐπιπηδῶντες

1453 455 1616 508 ἐπαχθεῖς
1639 456 1714 507 ἅμα
1732 473 1791 496 και
1813 458 1937 511 ἄποροι
1958 460 2113 510 δοκῶμεν
2140 455 2250 511 εἶναι,
2270 462 2315 500 τὰ
2334 462 2370 501 δὲ
2391 462 2498 503 λοιπὰ

1451 516 1713 567 ἐπισκοπῶμεν,
1789 519 1849 563 Εἰς
1882 518 1919 557 σὲ
1954 518 2016 567 μὲν
2050 519 2250 559 ἀπέὸλεπον
2282 521 2433 567 ἅπαντες
2463 523 2498 561 ἐν

1452 575 1647 630 τηλικούτῳ
1672 577 1837 631 κινδύνῳ·
1858 579 1900 615 σὺ
1927 578 1956 616 δ’
1975 580 2090 622 αὐτοῖς
2115 579 2176 618 καὶ
2202 582 2271 619 τῶν
2301 581 2497 632 μελλόντων

1453 635 1609 686 μηνυτὴς
1627 635 1687 674 καὶ
1707 639 1776 675 τῶν
1801 637 1973 683 ποιητέων
1991 633 2082 685 ἦσθα
2100 637 2309 688 σύμὸουλος.
2366 639 2439 679 Καὶ
2458 638 2497 678 σὲ

1453 695 1516 745 μὲν
1535 697 1661 734 ἐκεῖνοι
1677 695 1813 742 πιστόν,
1835 695 1876 735 σὺ
1895 697 1924 735 δ’
1945 696 2070 740 αὐτοὺς
2090 696 2254 736 ἐπέπεισο
2272 696 2425 744 ἠλιθίους
2443 691 2498 737 εἷ-

1451 753 1599 792 ναι-καὶ
1625 756 1643 792 ὁ
1663 753 1838 797 καθεστὼς
1867 755 1983 808 καιρὸς
2015 754 2067 793 ὅτι
2098 757 2215 799 ἱκανὸς
2245 749 2286 804 ἦν
2319 755 2414 808 ἄγειν
2439 755 2500 796 καὶ

1453 813 1675 870 τραχηλξζειν
1694 812 1773 857 τοὺς
1791 814 1999 867 ἀδελτέρους
2014 816 2052 853 06
2070 814 2174 866 μόνον
2190 816 2238 860 εἷς
2264 814 2422 870 Δελφικὰ
2439 814 2499 856 καὶ

1452 874 1637 912 Δωδωνεῒα
1667 873 1898 926 σοφιστήρια,
1936 875 2015 912 ἀλλ’
2035 874 2103 922 ἤδη
2135 874 2196 914 καὶ
2221 874 2279 914 ἐπὶ
2298 875 2343 914 τὰ
2369 876 2500 928 ὀρνιθο-

1453 934 1600 981 μαντεῖα
1616 961 1626 978 ,
1646 931 1707 970 καὶ
1735 933 2032 984 ἀλευρομαντεῖα,
2061 933 2121 972 καὶ
2155 932 2234 978 τοὺς
2262 933 2500 988 ἐγγάστριμύ·

1453 994 1543 1034 θους.
1603 990 1728 1029 Πιστοὶ
1760 990 1796 1030 δὲ
1827 991 1866 1028 06
1902 990 2004 1042 μόνον
2025 994 2056 1030 οἱ
2084 992 2154 1031 θεοὶ
2183 995 2399 1040 τηνικαῦτα,
2420 993 2500 1031 ἀλλ’

1452 1049 1521 1097 ἤδη
1541 1050 1600 1088 καὶ
1620 1050 1656 1087 αἱ
1682 1050 1808 1100 γαλαῖ,
1826 1048 1886 1087 καὶ
1909 1051 1944 1087 αἱ
1970 1053 2141 1099 κορῶναι,
2163 1052 2224 1090 καὶ
2252 1050 2297 1089 τὰ
2325 1050 2500 1091 καθύπνια

1453 1109 1771 1160 παραπταίσματα.
1827 1107 1966 1148 Οὔκουν
1993 1109 2120 1157 ἄδηλον
2150 1111 2205 1148 ὅτι
2228 1108 2300 1148 οὔτ’
2316 1109 2359 1161 ἂν
2383 1108 2500 1163 ἀμφό-

1451 1176 1534 1220 τερα
1553 1169 1687 1218 μᾶλλον
1705 1167 1884 1215 ἐδέξαντο,
1906 1167 1927 1215 ἢ
1951 1167 1990 1206 τὸ
2019 1168 2151 1220 ἕτερον,
2173 1169 2245 1208 οὔτ’
2265 1167 2308 1207 ἂν
2326 1169 2366 1207 τὸ
2382 1171 2499 1219 μεῖζον

1452 1228 1529 1266 ἀντὶ
1552 1231 1614 1266 τοῦ
1650 1227 1800 1277 μείονος,
1830 1232 1927 1278 μεῖον
1965 1227 2001 1266 δὲ
2033 1222 2121 1267 εἶναι
2158 1228 2219 1268 ἕνα
2257 1227 2335 1268 ἀντὶ
2356 1228 2499 1268 πάντων

1451 1291 1570 1325 πεσεῖν
1593 1287 1650 1325 τὸν
1674 1286 1840 1338 βασιλέα.
1861 1286 1964 1326 Μετὰ
1984 1286 2047 1336 μὲν
2066 1286 2109 1335 δὴ
2125 1290 2187 1334 τῆς
2204 1287 2337 1332 πόλεως
2351 1287 2502 1326 πιπτού-

1452 1363 1515 1393 σης
1549 1345 1695 1397 οὐδεμία
1729 1346 1800 1384 068'
1822 1347 1917 1384 αὖτω
1954 1346 2136 1399 ἀποφυγη·
2167 1349 2197 1385 εἰ
2227 1348 2258 1385 δ’
2279 1346 2382 1391 αὐτὸς
2409 1346 2500 1400 ἄλλῃ

1451 1423 1500 1453 πη
1517 1405 1696 1453 τάττοιτο,
1716 1405 1810 1458 τάχα
1830 1405 1872 1444 ἄν
1890 1421 1925 1444 τι
1944 1421 2004 1444 και
2024 1405 2221 1458 παράδοξον
2235 1405 2384 1458 γένοιτο.
2415 1405 2502 1446 Λεί-

1450 1482 1554 1505 πεται
1586 1465 1629 1511 δὴ
1657 1464 1734 1509 τοὺς
1768 1480 1882 1503 ταυτα
1910 1466 2155 1539 λογιζομένους
2182 1464 2241 1504 τὸν
2265 1464 2330 1516 μὲν
2352 1465 2501 1518 βασιλέα

1450 1527 1588 1566 »getam
1619 1524 1980 1576 προσπολεμησοντα,
2003 1525 2128 1569 αὐτοὺς
2155 1525 2191 1563 δὲ
2219 1523 2308 1564 οικοι
2336 1524 2502 1574 μένοντας

2003 1585 2066 1622 Τιο)
2099 1584 2163 1634 μὲν
2191 1587 2252 1622 οὖν
2273 1584 2351 1635 μετ’
2371 1582 2498 1635 ὀλίγων

1450 1643 1612 1695 ἐναντίῳ.
1627 1641 1804 1693 ῖσταμένιο)
1837 1642 1923 1695 πρὸς
1956 1641 2015 1680 τὸν
2056 1641 2204 1716 ἄπειραν
2238 1641 2343 1694 ὄχλον
2362 1641 2502 1695 ὄλεθρος

1449 1701 1647 1755 προφανής,
1673 1703 1694 1748 ἡ
1715 1701 1802 1739 δὲὮ
1772 1701 1920 1754 ...πάρτη
1952 1700 2080 1751 ἀνοχὰς
2109 1694 2184 1752 ειχε
2212 1704 2273 1739 τοῦ
2302 1699 2411 1754 φόὸου
2433 1717 2497 1740 και

1448 1760 1663 1814 παραδόξους
1701 1759 1855 1802 ἐλπίδας.
1932 1758 2056 1805 Μηδὲν
2088 1758 2124 1797 δὲ
2166 1763 2272 1806 ἡττον
2313 1759 2498 1814 ἀφώρατον

1449 1830 1536 1857 ειναι
1554 1835 1594 1857 το
1614 1818 1796 1871 σόφισμα,
1814 1819 1874 1856 καὶ
1893 1818 2129 1871 διαφυγούσης
2148 1819 2210 1857 καὶ
2227 1818 2394 1867 ἁλούσης.
2450 1817 2498 1859 'lt

1448 1879 1596 1927 δήποτε;
1618 1875 1706 1917 “On
1736 1879 1799 1916 οὐκ
1816 1876 1932 1930 εἴρητο
1954 1876 2005 1926 μὰ
2025 1875 2110 1925 Δία,
2129 1877 2160 1915 εἷ
2178 1878 2196 1914 ὁ
2217 1875 2381 1927 βασιλεὺς
2408 1877 2498 1915 ἄπο-

1445 2009 1489 2038 Ειι
1528 2015 1643 2038 rursus
1676 2015 1740 2037 non
1779 2005 1932 2046 praedicta
1968 2007 2160 2037 eventorum
2191 2004 2372 2046 colligatio;
2397 2013 2495 2046 quam

1443 2067 1553 2096 tamen
1569 2065 1759 2096 omittamus
1780 2063 1874 2104 lieet,
1894 2072 1934 2095 ne
1954 2063 1980 2096 si
2001 2063 2050 2096 his
2069 2063 2101 2095 in
2123 2062 2236 2096 eadem
2253 2071 2288 2095 re
2303 2061 2495 2104 exponenda

1444 2125 1502 2157 tibi
1523 2125 1711 2157 insultatum
1729 2134 1748 2156 a
1773 2124 1867 2157 nobis
1887 2124 1998 2164 tuerit,
2017 2133 2082 2156 non
2100 2124 2205 2156 solum
2230 2131 2345 2165 graves
2373 2122 2432 2156 tibi
2458 2131 2498 2156 ac

1443 2185 1590 2224 molesti,
1613 2184 1668 2216 sed
1687 2183 1784 2216 etiam
1809 2183 1977 2223 dementes
2005 2191 2044 2215 ac
2065 2183 2187 2224 stupidi
2213 2191 2283 2216 esse
2313 2181 2493 2215 videamur.

1443 2244 1691 2277 Consideremus
1707 2253 1783 2285 ergo
1801 2244 1934 2285 reliqua.
1981 2246 2026 2276 Te
2042 2252 2144 2276 unum
2161 2251 2274 2275 omnes
2287 2243 2379 2275 tanto
2394 2242 2428 2274 in
2441 2249 2497 2282 pe-

1445 2303 1545 2336 riculo
1573 2303 1800 2345 intuebantur;
1821 2306 1923 2344 tuque
1942 2303 1988 2336 eis
2006 2304 2039 2335 et
2063 2303 2244 2334 futurorum
2275 2300 2437 2341 interpres
2463 2302 2498 2332 et

1444 2369 1550 2392 rerum
1572 2363 1783 2400 gerendarum
1811 2366 1923 2394 auctor
1948 2361 2051 2394 suisti.
2100 2364 2148 2394 Ac
2167 2362 2199 2393 te
2217 2359 2348 2402 quidem
2369 2358 2415 2391 illi
2434 2358 2498 2392 tide

1442 2417 1585 2458 dignum,
1597 2419 1630 2448 tu
1647 2425 1723 2448 vero
1738 2424 1794 2448 eos
1808 2415 1943 2448 stolidos
1959 2425 2028 2448 esse
2038 2420 2187 2456 putabas,
2202 2418 2380 2456 panset-tim
2392 2426 2495 2454 quum

1442 2476 1539 2508 etiam
1552 2474 1712 2515 ejusmodi
1730 2483 1838 2507 rerum
1857 2475 1959 2506 status
1973 2475 2069 2515 esset,
2084 2483 2148 2514 quo
2165 2473 2311 2505 homiues
2326 2472 2415 2505 stulti
2429 2481 2496 2505 non

1444 2537 1541 2570 modo
1557 2537 1591 2569 in
1605 2536 1775 2577 Delphicas
1792 2535 1842 2568 vel
1856 2535 2037 2568 Dodona-as
2053 2534 2252 2577 argutiarum
2263 2533 2425 2574 officinas,
2438 2532 2496 2565 scd

1441 2597 1507 2638 Jam
1530 2596 1571 2628 ad
1590 2595 1722 2637 auguria
1738 2603 1865 2636 quoque
1895 2596 1928 2628 et
1956 2594 2179 2636 praedictiones
2206 2602 2248 2626 ex
2276 2592 2377 2625 carina
2395 2592 2429 2629 et
2453 2591 2495 2624 ad

1444 2657 1535 2688 vates
1561 2655 1784 2696 ventriloquos
1806 2654 1986 2695 praecipites
2015 2654 2066 2694 agi
2089 2653 2228 2694 possent.
2273 2652 2400 2693 Quippe
2428 2659 2496 2686 non

1443 2714 1489 2746 dii
1512 2713 1740 2747 tantummodo
1758 2722 1815 2755 per
1831 2713 1862 2744 id
1890 2714 2018 2753 tempus
2043 2711 2195 2744 luculenti
2220 2713 2366 2743 auctores
2385 2709 2493 2742 existi·

1444 2775 1587 2814 mantur,
1607 2773 1662 2806 sed
1690 2773 1768 2806 feles
1794 2781 1940 2813 quoque,
1962 2771 2106 2804 cornices
2124 2772 2156 2802 et
2179 2778 2272 2802 vauoe
2293 2769 2493 2802 somniorum

1442 2833 1563 2874 species
1583 2833 1678 2865 fidem
1696 2831 1826 2864 habent.
1869 2833 1980 2871 Neque
2001 2838 2079 2862 vero
2099 2829 2234 2862 dubium
2253 2830 2342 2870 erat,
2356 2836 2412 2861 eos
2433 2836 2494 2860 nec

1442 2894 1615 2932 utrumque
1630 2890 1736 2932 potius
1752 2899 1848 2932 quam
1862 2890 2051 2922 alterutrum
2063 2913 2073 2928 ‚
2087 2897 2146 2921 nec
2165 2897 2223 2930 pro
2239 2887 2350 2920 leviori
2365 2886 2494 2928 gravius

1440 2951 1604 2983 subituros
1622 2959 1711 2991 esse3
1728 2949 1886 2990 simulque
1911 2949 2013 2982 levius
2037 2949 2100 2980 hoc
2125 2947 2258 2980 demum
2281 2947 2367 2987 sore,
2386 2945 2415 2980 si
2435 2954 2490 2979 rex
2515 2944 2518 2947 ⁴

1981 3009 2055 3039 Jam
2075 3016 2151 3038 vero
2179 3005 2256 3037 illud
2281 3005 2376 3038 etiam
2399 3003 2492 3037 facite

1442 3068 1661 3106 succurrebat,
1674 3067 1708 3100 in
1721 3067 1883 3099 communi
1901 3066 1996 3098 totius
2013 3065 2101 3097 urbis
2113 3064 2238 3097 excidio
2254 3063 2408 3105 effugium
2425 3062 2490 3103 regi

1442 3130 1550 3168 patere
1571 3127 1715 3166 nullum;
1733 3126 1818 3159 idem
1837 3127 1945 3158 autem
1963 3125 1990 3157 si
2006 3125 2068 3156 alio
2088 3124 2239 3165 quopiam
2252 3121 2488 3160 amandaretur‚

1441 3185 1576 3218 sortasse
1591 3185 1711 3227 aliquid
1724 3187 1841 3227 prreter
1859 3184 2041 3225 opinionem
2059 3185 2268 3216 eventurum.
2316 3180 2487 3221 Reliquum

1441 3243 1535 3284 igitur
1565 3246 1633 3284 est,
1666 3246 1702 3277 ut
1739 3245 1809 3276 hoec
1836 3252 1947 3276 secum
1980 3242 2039 3283 ipsi
2069 3242 2254 3283 reputantes
2279 3247 2403 3280 regem,
2431 3237 2488 3279 qui

1441 3302 1559 3335 bellum
1586 3304 1731 3336 hostibus
1758 3303 1894 3343 inserat,
1914 3303 2064 3342 mittant,
2081 3301 2169 3334 domi
2185 3308 2261 3333 vero
2276 3298 2397 3331 interea
2417 3305 2487 3329 ma·

1440 3364 1568 3400 nentes,
1587 3362 1698 3401 procul
1710 3371 1728 3393 a
1742 3362 1926 3394 discrimine
1940 3362 1985 3394 rei
2009 3361 2110 3393 totius
2127 3359 2250 3392 exitum
2267 3356 2485 3398 opperiantur.

1441 3419 1516 3459 Regi
1538 3429 1634 3460 porro
1662 3429 1737 3452 cum
1767 3420 1876 3462 paucis
1900 3420 2057 3452 infinitam
2084 3418 2224 3450 hostium
2247 3414 2484 3448 multitudinem

1439 3477 1608 3519 excipienti
1629 3482 1748 3511 certam
1763 3480 1899 3511 mortem
1922 3478 2086 3513 imminere
2103 3476 2246 3517 liquebat
2260 3485 2268 3507 ε
2282 3483 2382 3516 quum
2401 3475 2484 3506 tute·
