2638 3840
297 250 438 296 'Lxxx

321 348 586 396 antiqzu‘ssitni,
612 344 740 381 Corax
761 349 798 377 et
816 342 935 376 Tisias
951 338 1070 374 Siculi
1090 349 1099 372 .·
1124 348 1213 384 quos
1226 339 1366 370 insecu-

322 415 379 442 tus
404 415 458 442 ese
490 408 553 441 vir
577 403 739 450 ejusdem
775 400 909 436 insulae
944 399 1104 444 Gorgias
1141 396 1368 438 Leontinus,

322 465 557 513 Empedocles
593 462 655 511 (ut
686 458 870 506 traditur)
899 456 1115 504 discipulus.
1176 451 1235 489 Ad
1269 451 1370 489 hanc

322 535 415 560 vero
436 519 680 572 Fmpedoclis
700 516 948 567 disciplinam
967 512 1124 550 videtur
1135 511 1250 550 etiam
1270 509 1368 548 illud

324 581 537 632 pertinere,
556 578 661 629 quod
680 590 718 614 se
735 573 988 625 Agrigentino
1009 571 1160 609 homini
1181 569 1369 620 magicam

324 647 443 677 artem
479 635 655 676 tractanti
690 633 910 672 interfuisse
939 629 1106 679 Gmgias
1134 629 1371 668 asseveravit

323 699 356 748 (ι
367 698 420 748 2).
439 696 559 743 Quid.
551 697 566 724 ἵ)
581 694 686 746 quod
700 690 958 730 Plutarchus
948 703 989 727 in
1004 683 1188 727 Isocratei
1202 688 1369 740 sepulcri

323 755 588 807 descriptione
609 752 691 803 (13)
714 751 850 796 docet,
876 748 1097 786 columnam
1124 747 1371 799 superposita

324 815 482 862 Silene,
504 811 735 862 eloquentiae
770 810 908 858 signo,
932 806 1142 844 notabilem
1176 819 1197 844 e
1228 819 1370 844 monu-

324 883 453 911 mento
474 870 704 917 eminuisse,
726 868 840 918 eique
860 866 1068 904 adhaesisse
1086 878 1254 903 mensam
1277 879 1370 917 poe-

327 942 448 970 tarum
495 940 532 969 et
574 928 757 967 Isocratis
796 934 1082 977 praeceptorum
1131 923 1370 974 imaginibus

325 998 546 1028 exornatam
560 1017 569 1035 ‚
593 996 708 1037 atque
726 986 830 1024 inter
852 997 916 1022 eas
936 983 1199 1034 comparuisse
1215 982 1371 1032 Gorgiae

323 1050 362 1087 in
384 1048 541 1099 globum
563 1046 757 1084 coelestem
779 1043 967 1082 intuentis
993 1042 1218 1091 imaginem.
1276 1041 1371 1086 Quae

324 1108 357 1144 si
376 1119 467 1144 vera
482 1114 538 1143 est
555 1104 740 1150 narratio,
756 1101 890 1139 licebit
908 1101 1067 1138 sortasse
1080 1099 1265 1149 Gorgiam
1283 1113 1369 1137 cum

324 1166 486 1203 aliarum
521 1177 649 1202 rerum
686 1160 872 1207 scientia,
898 1169 977 1198 tum
1014 1167 1207 1197 astrorum
1233 1172 1368 1207 cognl-

324 1225 429 1262 tione
449 1223 497 1262 ab
517 1221 750 1273 Empedocle
778 1219 967 1271 repletum
1002 1231 1085 1256 esse
1118 1225 1299 1255 statuere.
1322 1217 1372 1254 At

322 1283 397 1320 hoc
418 1295 491 1333 pro
524 1289 628 1319 certo
660 1293 740 1317 non
760 1275 1011 1316 affirmamus.
1070 1276 1168 1314 Sunt
1199 1276 1266 1326 qui
1301 1275 1352 1313 ho

325 1343 469 1379 minem
488 1339 722 1378 Leontinum
745 1338 793 1375 ad
824 1337 971 1375 Tisiam
994 1335 1226 1374 audiendum
1249 1333 1369 1384 Syra-

324 1413 434 1438 cusas
454 1399 639 1450 petivisse
659 1410 784 1447 eoque
807 1396 940 1434 audito
957 1396 999 1432 in
1019 1394 1185 1446 patriam
1208 1392 1372 1430 rediisse

327 1459 500 1498 scribant
557 1456 651 1508 (14).
671 1457 751 1495 Alii
769 1455 854 1506 ejus
881 1468 967 1492 cum
987 1454 1097 1492 Tisia
1119 1452 1371 1490 familiaritati

326 1527 545 1569 temporum
567 1516 757 1554 rationem
780 1514 937 1552 obstare
959 1512 1210 1551 arbitrantur.
1270 1511 1371 1549 lllud

304 1570 306 1573 ’
324 1576 509 1614 duntaxat
527 1575 769 1627 exploratum
788 1573 991 1623 habemus,
1007 1572 1216 1610 Isocratem
1241 1580 1370 1609 natum

325 1635 570 1687 Olympiadis
591 1633 779 1672 LXXXVI
801 1647 903 1671 anno
921 1633 1051 1683 primo
1069 1631 1152 1669 sive
1172 1639 1259 1668 ante
1278 1630 1370 1668 Chr.

327 1696 418 1743 436,
442 1703 641 1732 mortuum
664 1693 781 1732 tertio
807 1691 1053 1743 Olympiadis
1075 1689 1141 1728 CX
1161 1703 1262 1728 anno
1290 1691 1373 1728 sive

326 1764 414 1794 ante
434 1754 528 1794 Chr.
550 1754 641 1800 338,
663 1752 869 1802 utriusque
885 1750 1008 1789 Siculi
1029 1748 1197 1786 rhetoris
1215 1750 1373 1787 institu-

326 1815 434 1853 tione
466 1826 579 1852 usum
617 1825 700 1850 esse
759 1810 854 1862 (15).
883 1810 1092 1860 Postquam
1130 1808 1297 1857 Gorgias
1325 1808 1374 1846 ab

326 1873 478 1911 idoneis
514 1871 710 1921 magistris
747 1870 949 1908 institutus
991 1869 1084 1906 satis
1128 1868 1170 1905 in
1214 1867 1374 1917 optimis

326 1932 465 1971 studiis
485 1931 651 1982 profecit
664 1959 674 1977 ,
698 1943 776 1967 non
796 1927 1033 1974 dubitamus,
1053 1927 1149 1978 quin
1167 1926 1209 1964 in
1226 1927 1372 1974 Sicilia,

328 1999 406 2028 tum
422 1989 643 2027 liberalium
660 1988 801 2026 artium
817 2000 860 2024 ac
876 1986 1141 2024 doctrinarum
1160 1985 1374 2031 domicilio,

328 2058 365 2087 et
382 2048 667 2100 philosophiam
686 2046 884 2098 prol'essus
901 2046 952 2083 sit
962 2054 999 2082 et
1016 2044 1171 2082 dicendi
1187 2053 1376 2095 praecepta

332 2107 551 2145 tradiderit.
574 2106 686 2144 Certe
709 2119 787 2156 quo
817 2113 992 2155 tempore
1022 2104 1187 2153 Gorgias
1215 2103 1376 2142 Athenis

329 2175 427 2214 erat,
450 2166 569 2203 Polus
598 2164 877 2215 Agrigentinus
914 2164 1062 2201 Socrati
1094 2163 1372 2212 interroganti,

331 2238 423 2262 num
457 2224 588 2262 omnia
617 2223 800 2274 sophistae
825 2231 1018 2274 praecepta
1043 2222 1265 2269 didicisset,
1295 2234 1378 2259 sese

329 2371 403 2404 adv.
430 2370 532 2403 Math.
564 2372 640 2411 vll,
664 2376 708 2403 6:
728 2371 941 2412 Ἐμπεδοκλέα
971 2371 1024 2412 μὲν
1053 2371 1112 2412 γὰρ
1129 2371 1146 2402 ὁ
1167 2372 1379 2412 Ἀριστοτέλης

329 2419 405 2458 φησὶ
422 2422 545 2460 πρῶτον
560 2418 723 2460 ῥητορικὴν
739 2420 946 2457 κεκινηκέναι.
965 2419 1121 2459 Diogenes
1133 2419 1279 2451 Laertius
1291 2421 1378 2458 VIII,

331 2468 368 2498 57
385 2475 392 2497 ε
404 2465 610 2506 Ἀριστοτέλης
622 2466 654 2497 δὲ
670 2466 701 2497 ἐν
716 2470 761 2507 τῷ
775 2467 911 2507 Σοφιστῇ
924 2477 998 2506 φησι
1009 2491 1017 2504 ‚
1031 2468 1154 2507 πρῶτον
1169 2464 1381 2507 Ἐμπεδοκλέα

331 2513 495 2554 ῥητορικὴν
513 2514 622 2553 εὑρεῖν.
638 2513 687 2545 Cf.
704 2512 814 2545 Schol.
833 2513 872 2544 ad
896 2513 1027 2553 Dionys.
1043 2513 1156 2544 Thrac.
1186 2513 1218 2544 in
1247 2513 1378 2545 Bekker.

331 2559 448 2591 Anecd.
469 2569 499 2598 p.
528 2561 588 2591 733
617 2568 666 2598 sq.
682 2579 722 2586 --
747 2559 814 2600 (12)
836 2561 927 2600 Diog.
950 2561 1053 2591 Laert.
1073 2561 1168 2600 VIII,
1186 2563 1225 2592 59
1246 2560 1381 2592 ῑτοῦτόν

331 2617 423 2647 φησιν
443 2606 460 2637 ὁ
481 2605 616 2647 Σάτυρος
641 2606 752 2646 λέγειν,
784 2608 825 2642 ὡς
851 2607 942 2643 αὐτὸς
970 2606 1080 2648 παρείη
1108 2610 1154 2648 τῷ
1178 2606 1383 2648 Ἐμπεδοκλεῖ

333 2654 524 2694 γοητεύοντι.
540 2673 580 2678 --
596 2654 661 2694 (13)
684 2654 874 2686 Plutarchus
891 2654 954 2685 Vit.
970 2656 997 2685 Χ
1014 2655 1107 2685 oratt.
1122 2654 1184 2686 vol.
1201 2656 1258 2686 ΧΙΙ
1276 2663 1308 2695 p.
1322 2657 1378 2686 241

334 2702 384 2733 ed.
399 2702 537 2733 Hutten.
555 2710 563 2731 ε
578 2700 661 2741 αὐτῷ
680 2701 705 2731 δ’
719 2700 888 2742 Ἰσοκράτει
909 2701 959 2732 ἐπὶ
975 2704 1029 2732 τοῦ
1047 2702 1203 2742 μνήματος
1217 2703 1292 2740 ἐπῆν
1305 2702 1382 2733 κίων

334 2749 499 2790 τριάκοντα
517 2751 642 2788 πηχῶν,
655 2748 699 2786 ἐφ’
715 2748 751 2779 οὗ
766 2750 871 2789 Σειρὴν
890 2752 1002 2788 πηχῶν
1018 2749 1096 2780 ἑπτὰ
1117 2750 1313 2790 συμὸολικῶς
1326 2774 1334 2788 ,
1351 2750 1383 2786 ὃς

333 2800 387 2828 νῦν
401 2797 437 2828 οὐ
457 2797 600 2833 σώζεται.
619 2795 682 2826 Ἦν
699 2795 731 2827 δὲ
744 2796 805 2827 ’καὶ
832 2798 927 2827 αὐτοῦ
945 2795 1080 2836 τράπεζα
1099 2797 1245 2837 πλησίον,
1265 2797 1383 2838 ἔχουσα

335 2844 465 2880 ποιητάς
485 2854 519 2874 τε
535 2843 587 2873 καὶ
604 2843 674 2878 τοὺς
691 2842 895 2878 διδασκάλους
923 2843 1036 2881 αὐτοῦ,
1054 2844 1084 2874 ἐν
1112 2844 1157 2880 οἷς
1183 2845 1235 2875 καὶ
1254 2845 1383 2885 Γοργίαν

337 2892 378 2926 εἰς
392 2894 524 2932 σφαῖραν
538 2890 761 2931 ἀστρολογικὴν
781 2891 951 2930 βλέποντα,
973 2889 1066 2921 αὐτόν
1083 2901 1115 2922 τε
1135 2892 1187 2922 τὸν
1201 2892 1381 2932 Ἰσοκράτην

337 2941 589 2978 παρεστῶτα.-
607 2937 670 2975 (14)
693 2937 798 2968 Schol.
818 2938 970 2976 Hermog.
996 2936 1028 2967 in
1056 2937 1174 2968 Reiskii
1195 2940 1297 2970 Oratt.
1322 2941 1380 2972 Gr.

337 2986 416 3015 tom.
436 2985 508 3014 Vll!
535 2992 565 3023 p.
585 2986 653 3015 197.
671 3001 712 3006 -
729 2982 793 3023 (15)
814 2983 945 3022 Dionys.
962 2983 1064 3015 Halic.
1079 2983 1118 3015 de
1139 2985 1381 3025 Isocrat.Judic.

338 3031 403 3062 vol.
418 3031 444 3061 V
454 3039 484 3069 p.
501 3033 559 3062 535
570 3030 621 3062 ed.
632 3030 737 3062 Reisk.
751 3043 758 3062 :
772 3029 934 3070 γενόμενος
945 3029 972 3061 δ’
984 3031 1013 3069 (ὁ
1023 3029 1214 3072 Ἰσοκράτης)
1228 3033 1383 3072 ἀκουστὴς

337 3077 494 3117 Προδίκου
504 3087 538 3108 τε
551 3080 606 3108 τοῦ
618 3076 724 3114 Κείου,
737 3077 789 3107 καὶ
804 3076 933 3117 Γοργίου
949 3079 1003 3108 τοῦ
1019 3077 1195 3118 Λεοντίνου,
1209 3081 1261 3110 καί
1275 3080 1385 3112 Τισίου

337 3127 392 3156 τοῦ
411 3124 623 3165 Συρακουσίου
636 3148 645 3163 ,
664 3127 726 3155 τῶν
742 3124 812 3155 τότε
830 3124 974 3164 μέγιστον
990 3124 1089 3165 ὄνομα
1106 3125 1136 3157 ἐν
1155 3130 1220 3162 τοῖς
1238 3127 1384 3165 Ἕλλησιν

340 3170 476 3211 ἐχόντων
503 3170 553 3201 ἐπὶ
576 3169 670 3211 σοφίᾳ
695 3170 762 3201 κτλ.
789 3170 977 3202 Plutarchus
997 3171 1064 3203 Vit.
1082 3173 1107 3204 X
1130 3175 1225 3204 oratt.
1241 3164 1305 3205 vol.
1325 3176 1383 3206 ΧΙΙ

340 3225 410 3257 pag.
431 3220 490 3249 235
512 3216 563 3249 ed.
583 3218 712 3249 Hutten.
730 3229 738 3249 ι
760 3217 921 3257 γενόμενος
939 3218 971 3249 δὲ
995 3218 1076 3250 κατὰ
1100 3219 1156 3257 τήν
1173 3219 1385 3260 ὀγδοηκοστὴν

341 3265 431 3301 ἕκτην
452 3264 629 3305 ὀλυμπιάδα
649 3264 699 3296 ἐπὶ
716 3264 905 3305 Λυσιμάχου
923 3265 1152 3306 Μυρρινουσίου
1165 3291 1174 3304 ,
1196 3268 1315 3299 Λυσίου
1333 3269 1387 3308 μὲν

340 3312 485 3353 νεώτερος
509 3312 563 3343 δύο
589 3312 641 3343 καὶ
671 3312 789 3343 εἴκοσιν
820 3311 920 3351 ἔτεσι,
942 3313 1145 3353 πρεσὸυτερος
1168 3314 1199 3345 δὲ
1223 3314 1387 3353 Πλάτωνος

342 3359 436 3397 ἑπτά,
462 3362 546 3406 παῖς.
569 3359 623 3400 μὲν
652 3360 696 3390 ὢν
721 3359 901 3390 ἐπαιδεύετο
933 3360 1054 3396 οὐδενὸς
1086 3360 1177 3399 ἦττον
1209 3360 1385 3403 Ἀθηναίων,

343 3405 538 3446 ἀκροώμενος
554 3405 711 3446 Προδίκου
735 3415 768 3436 τε
790 3408 845 3436 τοῦ
868 3405 961 3437 Κείου
985 3407 1036 3437 καὶ
1062 3407 1190 3447 Γοργίου
1213 3411 1268 3439 τοῦ
1292 3411 1388 3440 Λεον-

343 3450 444 3491 τίνου,
467 3452 520 3483 καὶ
546 3452 655 3484 Τισίου
686 3455 741 3484 τοῦ
769 3452 1000 3494 Συρακουσίου,
1029 3454 1082 3485 καὶ
1110 3456 1308 3496 Θηραμένους
1332 3460 1385 3488 τοῦ

1414 3047 1425 3486 ——-—--—-..—

1089 236 1156 285 DE
1185 242 1389 284 eoaelA
1418 241 1699 282 LEONTlNo.

1430 331 1498 370 illa
1526 329 1866 383 perceptahabere
1887 325 2089 378 respondit
2144 324 2236 376 (16).
2263 324 2329 363 Lst
2347 332 2475 362 autem

1430 389 1665 437 verisimile,
1685 401 1773 426 eum
1795 387 1838 426 in
1864 386 1999 424 Sicilia
2020 384 2150 436 potius
2173 397 2287 435 quam
2318 381 2481 421 Athenis

1434 448 1624 486 Leontino
1656 446 1803 486 rhetori
1832 458 1989 498 operam
2010 442 2176 484 dedisse.
2235 443 2410 482 'transeo
2431 441 2480 480 ad

1432 506 1664 556 legationem
1678 520 1701 544 a
1717 505 1863 556 Gorgia
1885 512 2101 555 susceptam
2114 533 2125 554 ‚
2148 516 2231 554 quae
2253 515 2314 540 res
2334 502 2375 540 in
2395 500 2481 552 ejus

1432 566 1513 604 vita
1538 579 1617 604 non
1643 566 1773 604 minus
1802 563 2069 603 memorabilis
2100 570 2178 611 est,
2202 574 2316 612 quam
2350 561 2481 599 caeteri

1433 627 1501 677 qui
1533 626 1568 664 ei
1595 625 1842 675 contigerunt
1870 623 2052 662 honores.
2110 620 2239 667 Quum
2272 620 2395 671 igitur
2421 632 2480 658 se-

1433 685 1562 724 cundo
1583 682 1831 735 Olympiadis
1848 681 2080 722 LXXXVIII
2101 693 2204 719 anno
2227 678 2389 735 Euclide
2416 692 2481 717 ar·

1433 743 1573 783 chonte
1597 743 1780 782 Leontini
1798 756 1821 781 a
1839 741 2093 793 Syracusanis
2119 739 2224 778 bello
2250 740 2305 777 ita
2330 750 2480 790 preme-

1434 812 1583 850 rentur,
1618 812 1660 842 ut
1693 802 1873 841 resistere
1898 800 1948 839 iis
1980 799 2147 851 amplius
2182 811 2261 836 non
2291 804 2479 848 possent:

1433 862 1621 900 auxilium
1641 870 1772 914 petere
1802 859 1851 898 ab
1873 857 2176 897 Atheniensibus
2205 857 2479 895 decreverunt.

1433 920 1719 959 Existimabant
1748 919 1853 957 enim
1881 931 1965 956 sese
1985 931 2007 956 a
2025 916 2296 969 potentissima
2326 914 2484 959 civitate

1434 980 1584 1018 auxilio
1622 992 1701 1017 non
1738 977 1917 1016 orbatum
1951 976 2022 1022 iri,
2045 975 2138 1026 quia
2169 973 2483 1014 Chalcidensium

1435 1039 1566 1077 coloni
1601 1038 1768 1089 ideoque
1804 1035 2097 1075 Atheniensium
2143 1033 2297 1084 cognati
2341 1042 2482 1073 essent.

1433 1098 1627 1144 Quocirca
1666 1097 1814 1147 legatos
1852 1094 2023 1132 Athenas
2068 1094 2269 1131 miserunt.
2295 1091 2484 1144 Princeps

1433 1156 1639 1208 legationis
1674 1156 1748 1193 fuit
1778 1154 1960 1203 Gorgias,
1980 1153 2050 1203 qui
2077 1151 2299 1203 eloquentia
2323 1159 2483 1190 caeteros

1434 1215 1641 1266 praestabat
1672 1228 1715 1252 ac
1750 1211 1977 1264 reipublicae
1998 1210 2176 1260 gerendae
2202 1209 2485 1249 scientissimus

1429 1275 1681 1326 judicabatur
1697 1273 1789 1325 (17).
1804 1271 1938 1309 Fuisse
1957 1271 2059 1308 inter
2077 1270 2222 1320 legatos
2245 1282 2267 1308 a
2281 1268 2485 1308 Leontinis

1433 1334 1574 1372 missos
1621 1333 1735 1371 etiam
1783 1330 1930 1368 Tisiam
1963 1329 2249 1380 Syracusanum
2282 1327 2486 1378 Pausaniae

1435 1393 1514 1446 (18)
1534 1391 1719 1430 referenti
1739 1403 1853 1428 nemo
1874 1388 2025 1435 credet,
2043 1387 2223 1439 quamvis
2239 1386 2338 1425 nihil
2358 1386 2486 1426 obstet

1435 1451 1647 1502 quominus
1666 1449 1800 1487 eodem
1824 1457 2019 1499 tempore,
2036 1460 2115 1497 quo
2131 1445 2298 1495 Gorgias
2316 1445 2486 1485 Athenas

1434 1510 1564 1561 venit,
1584 1508 1732 1547 'I'isiam
1751 1507 1809 1546 ibi
1826 1515 2019 1544 moratum
2039 1518 2122 1544 esse
2145 1513 2370 1545 statuamus.
2388 1503 2485 1543 Nam

1435 1621 1572 1663 ῥήτορος.
1589 1640 1627 1648 -
1645 1620 1711 1661 (16)
1725 1619 1816 1651 Plato
1833 1619 1929 1658 Gorg.
1946 1626 1976 1658 p.
1998 1619 2060 1649 462
2074 1620 2100 1650 A
2121 1629 2129 1649 ι
2146 1618 2209 1649 ΣΩ.
2227 1617 2295 1656 Φὴς
2310 1617 2370 1659 γὰρ
2385 1616 2486 1655 δήπου

1434 1669 1488 1700 καὶ
1508 1668 1547 1700 σὺ
1566 1668 1770 1706 ἐπίστασθαι,
1788 1666 1868 1707 ἅπερ
1886 1665 2033 1705 Γοργίας,
2054 1665 2074 1703 ἢ
2092 1664 2147 1703 οὗ;
2167 1666 2267 1697 ΠΩΔ.
2290 1664 2428 1706 Ἔγωγε.
2442 1681 2484 1688 -

1437 1715 1502 1756 (17)
1511 1715 1671 1747 Diodorus
1681 1713 1807 1747 Siculus
1822 1713 1875 1744 lib.
1887 1713 1948 1745 ΧΠ
1959 1721 2029 1752 cap.
2040 1715 2078 1744 53
2090 1721 2097 1743 :
2108 1715 2206 1743 ταῦτα
2217 1712 2272 1751 μὲν
2282 1710 2336 1743 οὖν
2347 1711 2486 1753 ἐπράχθη

1436 1763 1518 1794 κατὰ
1531 1764 1639 1794 τοῦτον
1654 1761 1708 1793 τὸν
1721 1759 1871 1797 ἐνιαυτόν,
1883 1757 1930 1791 ἐπ’
1943 1758 2091 1800 ἄρχοντος
2102 1759 2128 1790 δ’
2143 1758 2303 1799 Ἀθήνῃσιν
2317 1757 2484 1790 Εὐκλείδου

1446 1811 1589 1851 Ρωμαῖοι
1618 1809 1816 1847 κατέστησαν
1845 1806 1912 1838 ἀντὶ
1937 1809 2000 1837 τῶν
2032 1805 2158 1837 υπάτων
2186 1803 2364 1846 χιλιάρχους
2387 1806 2487 1845 τρεῖς,

1436 1856 1564 1898 Μάρκον
1586 1856 1736 1895 Μάλλιον,
1755 1853 1814 1887 Kc?
1805 1865 1886 1886 ντον
1911 1852 2076 1884 Σολπίκιον
2109 1851 2335 1892 Πραιτεξτᾶτον
2354 1851 2408 1882 καὶ
2429 1851 2486 1882 Σε-

1437 1904 1539 1944 ρουϊον
1558 1902 1728 1944 Κορνήλιον
1745 1900 1884 1932 Κόσσον.
1900 1900 1975 1931 Ἐπὶ
1991 1899 2024 1930 δὲ
2041 1898 2160 1931 τούτων
2176 1897 2259 1929 κατὰ
2272 1897 2327 1935 τὴν
2344 1897 2487 1929 Σικελίαν

1437 1952 1616 1989 Λεοντῖνοι,
1637 1948 1818 1980 Χαλκιδέων
1835 1948 1889 1987 μὲν
1906 1946 1990 1983 ὄντες
2006 1946 2155 1986 ἄποικοι,
2173 1947 2331 1986 συγγενεῖς
2346 1945 2380 1976 δὲ
2396 1944 2487 1982 Ἀθη-

1438 1997 1545 2036 ναίων,
1561 1996 1670 2037 ἔτυχον
1687 1995 1748 2027 υπὸ
1764 1993 1986 2035 Συρακουσίων
2002 1993 2248 2034 πολεμούμενοι·
2265 1991 2438 2032 πιεζόμενοι
2453 1991 2487 2024 δὲ

1437 2047 1482 2084 τῷ
1501 2044 1628 2084 πολέμῳ
1640 2067 1650 2083 ,
1665 2043 1718 2074 καὶ
1740 2042 1791 2073 διὰ
1809 2042 1866 2080 τήν
1888 2042 2043 2083 ὑπεροχὴν
2059 2044 2121 2072 τῶν
2143 2038 2363 2082 Συρακουσίων
2380 2039 2484 2071 κινδυ-

1439 2093 1574 2128 νεύοντες
1594 2091 1712 2122 ἁλῶναι
1741 2089 1824 2125 κατὰ
1856 2089 1987 2130 κράτος,
2008 2089 2181 2129 ἐξέπεμψαν
2209 2087 2351 2129 πρέσὸεις
2369 2088 2413 2124 εἰς
2433 2086 2489 2124 τὰς

1439 2140 1582 2178 Ἀθήνας,
1604 2138 1757 2174 ἀξιοῦντες
1773 2137 1826 2169 τὸν
1843 2138 1940 2177 δῆμον
1961 2137 2115 2178 βοηθῆσαι
2130 2136 2186 2174 τήν
2201 2134 2353 2176 ταχίστην
2367 2135 2422 2167 καὶ
2433 2135 2489 2173 τὴν

1439 2188 1527 2219 πόλιν
1542 2188 1660 2218 ἑαυτῶν
1672 2186 1778 2217 ἐκτῶν
1792 2184 1941 2216 κινδύνων
1955 2184 2120 2225 ῥύσασθαι.
2135 2183 2196 2215 Ἦν
2209 2183 2241 2215 δὲ
2255 2186 2319 2215 τῶν
2331 2182 2491 2214 ἀπεσταλ-

1443 2235 1543 2276 μένων
1573 2233 1836 2275 ἀρχιπρεσὸευτὴς
1864 2231 1992 2274 Γοργίας
2019 2232 2037 2263 ὁ
2061 2231 2163 2273 ῥήτωρ
2175 2254 2184 2271 ,
2213 2229 2364 2268 δεινότητι
2393 2229 2489 2269 λόγου

1443 2282 1519 2314 πολυ
1537 2282 1681 2323 προέχων
1700 2280 1826 2312 πάντων
1845 2283 1908 2311 τῶν
1936 2278 2007 2310 καθ’
2028 2278 2151 2310 ἑαυτόν.
2177 2277 2277 2314 Οὗτος
2301 2277 2356 2309 καὶ
2376 2277 2487 2318 τέχνας

1442 2329 1605 2372 ῥητορικὰς
1621 2331 1743 2370 πρῶτος
1760 2326 1881 2368 ἐξεῦρε,
1897 2326 1950 2357 καὶ
1971 2325 2054 2357 κατὰ
2071 2337 2127 2364 την
2145 2323 2323 2365 σοφιστείαν
2339 2327 2489 2357 τοσοῦτον

1440 2377 1511 2413 τοὺς
1540 2376 1651 2411 ἄλλους
1678 2376 1768 2416 ὑπερε
1757 2375 1862 2405 έὸαλεν
1886 2373 1969 2404 ὥστε
1994 2372 2103 2412 μισθὸν
2132 2372 2300 2413 λαμὸάνειν
2322 2371 2408 2413 παρὰ
2427 2374 2491 2403 τῶν

1442 2426 1587 2465 μαθητῶν
1607 2425 1683 2463 μνᾶς
1699 2421 1822 2453 ἑκατόν.
1844 2420 1943 2456 Οὗτος
1961 2419 2015 2452 οὖν
2028 2420 2223 2457 καταντήσας
2238 2419 2282 2456 εἷς
2294 2419 2349 2456 τὰς
2364 2419 2490 2457 Ἀθήνας

1441 2472 1494 2503 καὶ
1511 2470 1678 2512 παραχθεὶς
1696 2470 1736 2505 εἷς
1755 2469 1807 2500 τὸν
1823 2468 1920 2508 δῆμον
1933 2467 2073 2508 διελέχθη
2090 2470 2156 2503 τοῖς
2171 2466 2339 2504 Ἀθηναίοις
2351 2467 2420 2508 περὶ
2432 2469 2488 2505 τῆς

1447 2517 1648 2562 συμμαχίας,
1663 2516 1715 2547 καὶ
1735 2518 1779 2555 τῷ
1795 2514 1935 2551 ξενίζοντι
1953 2517 2006 2551 τῆς
2026 2514 2134 2549 λέξεως
2156 2513 2296 2552 ἐξεπληξε
2317 2513 2388 2549 τοὺς
2404 2512 2494 2551 Ἀθη-
2520 2553 2523 2556 ¹

1441 2566 1544 2602 ναίους
1564 2565 1651 2600 ὄντας
1674 2564 1792 2603 εὐφυεῖς
1813 2562 1867 2594 καὶ
1893 2573 1921 2600 φ
1916 2561 2083 2602 ,λολόγουᾳ
2104 2563 2233 2617 Πρῶτος
2252 2561 2312 2603 γὰρ
2335 2561 2491 2604 ἐχρήσατο

1442 2615 1506 2649 τοῖς
1521 2616 1574 2650 τῆς
1589 2612 1697 2647 λέξεως
1715 2613 1948 2665 σχηματισμοῖς
1951 2609 2183 2663 .περιττοτέροις
2198 2609 2251 2640 καὶ
2263 2612 2302 2650 τῇ
2315 2608 2493 2650 φιλοτεχνίᾳ

1444 2661 1650 2701 διαφέρουσιν,
1668 2657 1835 2692 ἀντιθέτοις
1847 2657 1899 2687 καὶ
1913 2657 2078 2692 ἷσοκώλοις
2091 2658 2144 2687 καὶ
2158 2655 2303 2697 παρίσοις
2316 2656 2369 2687 καὶ
2383 2656 2492 2696 ὁμοιο-

1443 2706 1592 2742 τελεύτοις
1611 2704 1667 2736 καί
1682 2714 1764 2735 τισιν
1781 2703 1896 2744 ἑτέροις
1911 2703 2079 2742 τοιούτοις,
2094 2703 2115 2734 ἃ
2127 2703 2196 2734 τότε
2213 2702 2268 2743 μὲν
2286 2701 2338 2734 διὰ
2353 2701 2390 2734 τὸ
2408 2702 2492 2739 ξένον

1446 2757 1499 2791 τῆς
1521 2755 1716 2789 κατασκευῆς
1743 2750 1900 2791 ἀποδοχῆς
1927 2750 2069 2789 ἠξιοῦτο,
2087 2753 2140 2781 νῦν
2158 2750 2191 2782 δὲ
2209 2749 2382 2791 περιεργίαν
2407 2749 2492 2790 ἔχειν

1445 2802 1531 2833 δοκεῖ
1557 2801 1608 2832 καὶ
1635 2799 1774 2840 φαίνεται
1801 2798 2020 2838 καταγέλαστα
2044 2798 2206 2834 πλεονάκις
2231 2797 2285 2828 καὶ
2311 2797 2492 2837 κατακόρως

1444 2849 1598 2889 τιθέμενα.
1629 2846 1722 2881 Τέλος
1750 2844 1860 2880 πείσας
1895 2845 1965 2880 τοὺς
1992 2845 2165 2882 Ἀθηναίους
2194 2846 2403 2900 συμμαχῆσαι
2431 2845 2492 2880 τοῖς

1445 2894 1620 2930 Λεοντίνοις
1640 2892 1729 2927 ουτος
1753 2891 1806 2931 μὲν
1832 2891 2017 2932 θαυμασθεὶς
2042 2892 2072 2922 ἐν
2089 2894 2154 2927 ταῖς
2171 2891 2307 2928 Ἀθήναις
2323 2891 2374 2922 ἐπὶ
2398 2890 2492 2931 τέχνῃ

1446 2943 1605 2994 ῥητορικῇ,
1616 2941 1672 2978 τὴν
1685 2940 1728 2975 εἷς
1741 2938 1949 2974 Λεοντίνους’
1937 2949 1997 2969 πα
2000 2939 2086 2970 ιοτον
2100 2938 2282 2975 ἐποιήσατο.
2284 2938 2400 2977 -(18)
2411 2939 2493 2969 Pau-

1447 2987 1620 3020 saniastih.
1632 2987 1688 3025 vl,
1706 2986 1756 3025 17,
1766 2989 1805 3016 8;
1820 2984 1909 3020 ουτος
1923 2983 2080 3025 όΓοργίας
2098 2985 2212 3025 πατρὸς
2226 2985 2281 3024 μὲν
2294 2983 2332 3023 ἦν
2349 2985 2494 3025 Καρμαν-

1446 3035 1552 3074 τίδου,
1567 3036 1688 3074 λέγεται
1708 3032 1740 3065 δὲ
1759 3032 1983 3063 ἀνασώσασθαι
2008 3032 2135 3071 μελέτην
2158 3031 2259 3071 λόγων
2277 3035 2398 3071 πρῶτος
2415 3030 2494 3072 ἠμε-

1448 3059 1581 3121 λημένίην
1615 3091 1648 3112 τε
1679 3080 1709 3116 ἐς
1744 3079 1826 3111 ἅπαν
1858 3078 1911 3110 καὶ
1938 3078 1967 3114 ἐς
1997 3078 2092 3116 λήθην
2122 3078 2229 3119 ὀλίγου
2259 3079 2328 3110 δεῖν4
2353 3078 2494 3116 ἥκουσαν

1448 3128 1634 3170 ἀνθρώποις.
1656 3127 1869 3167 Εὐδοκιμῆσαι
1887 3125 1919 3157 δὲ
1942 3125 2072 3165 Γοργίαν
2086 3126 2187 3165 λόγων
2207 3126 2298 3158 ἕνεκα
2314 3125 2347 3157 ἔν
2368 3136 2403 3157 τε
2428 3135 2492 3157 πα-

1449 3176 1573 3217 νηγύρει
1594 3179 1633 3215 τῇ
1654 3174 1831 3214 Ὀλυμπικῇ
1847 3183 1922 3213 φασι
1940 3173 1994 3204 καὶ
2015 3172 2201 3213 ἀφικόμενον
2220 3173 2301 3204 κατὰ
2327 3171 2495 3214 πρεσὸείαν

1449 3224 1528 3263 ὁμοῦ
1549 3223 1646 3264 Τισίᾳ
1662 3222 1733 3262 παρ’
1751 3220 1936 3258 Ἀθηναίους.
1953 3219 2065 3251 Καίτοι
2080 3220 2159 3251 ἄλλα
2171 3231 2204 3251 τε
2218 3221 2327 3256 Τισίας
2340 3220 2371 3256 ἐς
2383 3218 2494 3258 λόγους

1450 3271 1639 3310 ἐσηνέγκατο
1651 3294 1660 3310 ,
1675 3270 1728 3301 κἀὶ
1747 3267 1946 3300 πιθανώτατα
1963 3270 2025 3298 τῶν
2053 3266 2124 3298 καθ’
2137 3267 2230 3299 αὑτὸν
2254 3265 2377 3307 γυναικὶ
2393 3267 2493 3306 Συρα-

1449 3317 1566 3358 κουσίᾳ
1586 3317 1755 3358 χρημάτων
1770 3315 1902 3356 ἔγραψεν
1918 3313 2163 3354 ἀμφισὸήτησιψ
2179 3313 2258 3345 ἄλλα
2273 3324 2309 3353 γε
2326 3312 2445 3344 ἐκείνου
2460 3323 2495 3344 τε

1450 3364 1479 3399 ἐς
1498 3364 1590 3395 πλέον
1603 3367 1693 3404 τιμῆς
1708 3361 1834 3402 ἀφίκετο
1849 3362 1866 3392 ὁ
1877 3359 2003 3402 Γοργίας
2022 3360 2106 3401 παρὰ
2115 3358 2302 3398 Ἀθηναίοις,
2315 3360 2368 3390 καὶ
2383 3359 2495 3391 Ἰάσων

1451 3411 1482 3442 ἐν
1503 3410 1665 3451 Θεσσαλίᾳ
1681 3409 1871 3449 τυραννήσας
1884 3407 2102 3448 Πολυκράτους
2116 3406 2152 3438 οὐ
2167 3406 2207 3437 τὰ
2229 3406 2349 3447 ἔσχατα
2364 3406 2493 3444 ἐνεγκα-

1452 3458 1543 3498 μένου
1561 3457 1778 3490 διδασκαλείου
1792 3459 1848 3488 τοῦ
1868 3455 2028 3497 Ἀθήνῃσι,
2045 3455 2154 3486 τούτου
2173 3456 2228 3485 τοῦ
2244 3453 2349 3495 ἀνδρὸς
2365 3453 2491 3494 ἐπίπρο-

2625 1726 2638 1786 «w'ann'.
2624 1694 2638 1704 ἰ.

2618 2752 2636 2848 εᾚυῌξ
2623 2725 2625 2728 ·
2619 2694 2622 2696 “
2623 2602 2638 2641 Νὴ,
2620 2467 2638 2562 vetvsta*

2621 3175 2638 3225 flue.
2622 3143 2638 3167 ‘dt
2622 3109 2638 3139 22⁷1
