2638 3840
303 265 384 292 Lxx

299 339 402 391 apud
432 337 681 377 Plutarchum
711 337 788 388 (33)
810 335 934 373 locus.
959 332 1143 370 Nuntiata
1162 330 1349 369 videlicet
1377 331 1384 345 '

302 400 470 437 liliorum
492 406 615 435 morte
631 395 820 434 Periclem
839 394 954 431 refert
975 404 1104 429 casum
1126 390 1241 428 illum
1264 390 1350 429 sine

302 460 406 496 luctu
435 456 676 496 sustinuisse.
711 472 726 488 «
761 453 850 490 lirat
880 452 1005 496 enim,
1035 449 1191 500 inquit,
1230 450 1350 487 animi

301 515 581 566 tranquillitate
604 513 810 565 praeditus,
828 523 914 561 quae
930 509 965 546 ei
987 507 1164 559 quotidie
1187 508 1350 546 multum

301 572 502 624 prodesset
531 572 579 610 ad
610 571 830 609 felicitatem
846 597 857 616 ‚
890 566 1039 605 doloris
1058 566 1293 604 vacuitatem
1314 574 1352 605 et

302 633 611 684 consequendam
633 630 735 683 apud
757 627 982 680 imperitum
1001 625 1143 675 vulgus
1167 625 1347 676 gloriam.

300 690 495 730 Nimirum
513 690 737 742 quicunque
753 687 911 725 videbat
927 698 1014 724 eum
1037 698 1128 723 suos
1147 698 1259 724 casus
1275 685 1349 723 ob-

302 751 456 789 firmato
466 750 597 787 animo
608 748 724 795 ferre,
739 745 1026 795 magnanimum
1036 757 1123 782 eum
1136 744 1352 796 sortemque

298 808 503 859 judicabat
511 821 554 846 ac
568 807 688 845 multo
699 819 814 857 quam
824 804 907 855 ipse
918 812 1018 842 esset
1027 803 1350 855 praestantiorem,

304 867 427 919 probe
442 867 520 906 sibi
535 866 714 904 conscius
730 877 807 901 suae
826 863 866 900 in
884 862 952 900 tali
966 875 1008 900 re
1027 862 1322 902 imbecillitatis.
1335 881 1350 897 ι

304 926 426 964 Venio
448 939 551 963 nunc
572 924 620 962 ad
645 924 750 961 litem
769 935 883 973 quarn
905 921 1139 972 Protagoras
1168 921 1354 960 adversus

303 985 507 1023 Euathlum
537 982 775 1034 discipulum
798 980 923 1031 egisse
951 980 1089 1020 fertur.
1126 980 1194 1019 Est
1224 989 1351 1019 autem

304 1044 411 1090 talis,
432 1051 473 1080 ut
493 1042 582 1080 ficta
595 1041 726 1092 potius
745 1041 794 1078 ad
809 1039 1146 1092 perstringendam
1162 1039 1355 1091 sophista-

305 1115 389 1139 rum
415 1109 535 1139 artem
558 1112 674 1151 quam
701 1112 794 1137 vera
819 1098 1014 1139 videatur.
1047 1098 1104 1136 De
1123 1110 1169 1136 ea
1192 1110 1234 1135 re
1253 1098 1353 1136 inte-

303 1173 410 1210 gram
429 1160 476 1198 Α.
501 1159 623 1197 Gellii
641 1158 903 1196 narrationem
922 1157 1100 1194 hocloco
1117 1170 1351 1208 proponam.

305 1219 339 1256 ls
367 1219 475 1257 Noct.
499 1218 580 1256 Att.
603 1219 673 1256 lib.
695 1217 725 1255 V
745 1230 827 1269 cap.
857 1230 902 1254 10
922 1217 976 1254 ita
993 1217 1150 1266 scripsit
1171 1228 1180 1254 ε
1209 1233 1225 1250 «
1250 1216 1355 1254 lnter

303 1278 401 1316 vitia
438 1276 905 1328 argumentorum·longe
939 1275 1151 1313 maximum
1182 1287 1265 1313 esse
1296 1275 1355 1313 vi-

304 1337 401 1374 tium
433 1337 593 1374 videtur
624 1347 760 1373 eorum
793 1347 881 1385 quae
915 1332 1188 1386 ἀντιστρέφοντα
1226 1332 1354 1372 Graeci

303 1395 448 1434 dicunt.
476 1395 531 1432 Ea
558 1394 718 1445 quidam
742 1405 791 1431 ex
813 1392 954 1430 nostris
975 1405 1054 1430 non
1074 1391 1205 1429 hercle
1225 1392 1346 1430 nimis

303 1454 472 1492 absurde
492 1454 694 1504 reciproca
723 1451 1032 1503 appellaverunt.
1066 1451 1112 1488 ld
1142 1459 1269 1489 autem
1290 1451 1355 1489 vi-

304 1513 398 1550 tium
421 1512 563 1550 accidit
575 1512 649 1549 hoc
666 1511 783 1548 modo
801 1524 810 1547 :
830 1524 950 1561 quum
967 1519 1239 1560 argumentum
1261 1523 1354 1560 pro-

304 1574 471 1622 positum
483 1570 621 1608 referri
636 1579 770 1608 contra
783 1567 1036 1620 convertique
1051 1569 1092 1607 in
1107 1582 1194 1607 eum
1210 1577 1351 1621 potest,

306 1643 328 1668 a
364 1643 443 1681 quo
472 1623 621 1667 dictum
653 1637 725 1676 est,
753 1636 792 1666 et
822 1628 1021 1678 utrimque
1053 1627 1201 1678 pariter
1239 1627 1353 1665 valet.

303 1689 426 1735 Quale
435 1698 494 1727 est
506 1688 778 1740 pervulgatum
791 1684 890 1725 illud
901 1700 979 1738 quo
987 1686 1240 1736 Protagoram
1259 1687 1354 1737 (34),

304 1747 565 1798 sophistarum
599 1746 856 1791 acerrimum,
891 1758 1004 1783 usum
1028 1757 1111 1783 esse
1139 1745 1267 1783 ferunt
1286 1746 1353 1783 ad-

304 1819 438 1844 versus
457 1805 680 1852 Euathlum,
700 1804 936 1856 discipulum
957 1817 1083 1843 suum.
1104 1804 1171 1843 Lis
1188 1817 1355 1855 namque

304 1866 407 1902 inter
425 1877 491 1902 eos
521 1873 560 1902 et
592 1865 861 1902 controversia
892 1875 1010 1913 super
1037 1871 1149 1914 pacta
1178 1863 1355 1900 mercede

304 1924 386 1962 haec
403 1923 487 1962 fuit.
511 1922 698 1961 Euathlus
712 1951 722 1969 ,
742 1922 962 1960 adolescens
982 1923 1106 1969 dives,
1123 1923 1355 1973 eloquentiae

306 1982 501 2021 discendae
529 1994 743 2032 causasque
763 1980 903 2018 orandi
925 1980 1087 2033 cupiens
1122 1980 1208 2018 fuit.
1245 1980 1282 2018 Is
1314 1981 1355 2018 in

305 2041 557 2093 disciplinam
577 2040 802 2090 Protagorae
832 2052 915 2077 sese
938 2039 1070 2085 dedit,
1098 2039 1356 2090 daturumque

305 2100 490 2151 promisit
509 2099 722 2137 mercedem
757 2098 940 2148 grandem
969 2098 1200 2148 pecuniam,
1236 2112 1355 2149 quan-

307 2167 385 2196 tam
417 2158 653 2207 Protagoras
701 2157 913 2208 petiverat3
952 2156 1238 2208 dimidiumque
1272 2157 1356 2208 ejus

307 2217 415 2255 dedit
439 2217 521 2268 jam
540 2226 631 2255 tunc
651 2217 805 2263 statim,
828 2217 1058 2267 priusquam
1085 2216 1266 2264 disceret,
1288 2230 1355 2267 pe-

307 2277 483 2329 pigitque
503 2285 546 2314 ut
561 2277 756 2327 reliquum
786 2275 994 2313 dimidium
1025 2275 1147 2322 daret,
1169 2289 1247 2326 quo
1272 2277 1354 2327 pri-

306 2349 411 2372 mum
426 2335 490 2373 die
510 2348 662 2373 causam
682 2335 786 2386 apud
801 2333 955 2385 judices
973 2342 1120 2372 orasset
1133 2342 1171 2372 et
1185 2335 1354 2373 vicisset.

308 2394 447 2432 Postea
463 2408 581 2445 quum
600 2394 752 2431 diutule
771 2393 927 2431 auditor
948 2401 1236 2443 assectatorque
1258 2393 1356 2431 Pro-

311 2461 455 2502 tagorae
484 2453 620 2490 fuisset
651 2461 687 2489 et
724 2452 766 2490 in
802 2452 932 2490 studio
971 2452 1129 2503 quidem
1167 2453 1356 2491 facundiae

309 2509 462 2548 abunde
483 2511 770 2562 promovisset,
795 2524 929 2548 causas
950 2519 1076 2548 tamen
1101 2525 1181 2548 non
1209 2512 1356 2563 recipe-

311 2578 368 2606 ret
387 2578 614 2620 tempusque
630 2569 710 2620 jam
735 2570 895 2619 longum
919 2579 1202 2608 transcurreret
1233 2579 1271 2608 et
1301 2571 1356 2608 sa-

311 2640 397 2665 cere
416 2628 457 2665 id
476 2628 691 2675 videretur,
716 2641 763 2666 ne
790 2629 983 2679 reliquum
1011 2630 1199 2668 mercedis
1218 2630 1352 2679 daret;

355 2780 419 2821 (33)
437 2780 596 2812 Plutarch.
609 2781 771 2813 consolat.
787 2782 826 2813 ad
835 2782 936 2822 Apoll.
948 2785 1070 2823 cap.33
1083 2784 1147 2815 vol.
1168 2786 1229 2817 vll
1245 2793 1276 2825 p.
1295 2788 1357 2817 360

312 2836 382 2867 seq.
400 2827 450 2858 ed.
466 2828 588 2858 Hutten
621 2826 696 2858 Vid.
717 2826 829 2867 fragm.
852 2831 881 2860 3.
897 2846 937 2851 —
952 2829 1016 2870 (34)
1034 2830 1191 2869 Diogenes
1212 2831 1359 2863 Laertius

313 2873 369 2904 lib.
390 2875 442 2910 IX,
470 2875 509 2903 56
538 2885 545 2904 :
563 2873 684 2912 λέγεται
704 2874 736 2904 δέ
762 2884 838 2905 ποτε
854 2875 947 2906 αὐτὸν
971 2875 1162 2908 ἀπαιτοῦντα
1178 2877 1231 2908 τὸν
1250 2877 1359 2918 μισθὸν

312 2920 448 2952 Εὔαῡλον
461 2920 514 2951 τὸν
531 2922 669 2958 μαθητήν
683 2945 691 2959 ,
709 2921 827 2952 ἐκείνου
844 2921 990 2958 εἰπόντος·
1010 2935 1025 2950 α
1043 2923 1119 2955 Ἀλλ’
1135 2925 1255 2956 οὐδέπω
1274 2924 1355 2956 νενί-

312 2978 396 3004 κηκα
415 2979 430 2994 υ
450 2967 559 2998 εἰπεῖν·
580 2980 595 2995 τι
616 2968 691 3000 Ἀλλ’
706 2968 767 3007 ἐγὼ
788 2968 842 3008 μὲν
865 2969 900 2999 ἂν
927 2970 1047 3006 νικήσω
1059 2995 1068 3009 ,
1085 2970 1131 3002 ὅτι
1149 2972 1210 3011 ἐγὼ
1229 2972 1357 3009 ἐνίκησα

313 3014 418 3045 λαὸεῖν
437 3024 474 3054 με
487 3014 546 3045 δεῖ·
561 3014 613 3045 ἐὰν
627 3015 658 3046 δὲ
673 3014 730 3052 σύ,
749 3015 797 3045 ὅτι
811 3014 862 3046 σύ.
879 3028 894 3042 »
913 3016 1067 3055 Apulejus
1084 3018 1201 3048 Florid.
1226 3018 1281 3050 lib.
1303 3020 1359 3058 tv,

315 3065 353 3092 ¹8
376 3070 384 3092 ε
404 3063 485 3092 Eum
507 3062 710 3100 Protagoram
727 3061 818 3100 ajunt
840 3070 914 3093 cum
937 3071 996 3094 suo
1011 3063 1072 3094 sibi
1091 3063 1247 3104 discipulo
1268 3067 1352 3098 Eua-

313 3108 383 3140 thlo
399 3108 577 3139 mercedem
606 3109 701 3140 nimis
717 3108 847 3140 uberem
874 3109 1056 3141 conditione
1078 3111 1246 3143 temeraria
1263 3113 1350 3153 pepi-

313 3154 418 3195 gisse,
443 3155 480 3186 ut
503 3154 563 3186 sibi
587 3155 658 3186 tum
686 3154 817 3186 demum
848 3154 879 3185 id
909 3156 1031 3195 argenti
1051 3156 1162 3195 daret,
1194 3157 1220 3188 si
1252 3159 1357 3198 primo

315 3201 460 3233 tirocinio
493 3201 606 3241 agendi
632 3210 729 3242 penes
756 3201 880 3241 judices
903 3202 1044 3235 vicisset.
1069 3203 1171 3242 Igitur
1198 3206 1357 3238 Euathlus

316 3249 489 3288 postquam
537 3250 653 3281 cuneta
690 3248 744 3280 iila
780 3249 953 3280 exorabula
994 3249 1209 3289 judicantium
1243 3253 1275 3284 et
1309 3253 1360 3284 de-

315 3298 421 3337 cipula
439 3298 683 3330 adversantium
700 3299 734 3330 ct
757 3297 890 3330 artificia
907 3299 1095 3339 dicentium,
1112 3303 1260 3332 versutus
1278 3302 1358 3334 alio-

315 3344 390 3384 quin
407 3347 438 3375 et
454 3344 634 3383 ingeniatus
650 3345 691 3376 ad
714 3345 864 3376 astutiam
878 3368 887 3383 ‚
914 3345 1004 3377 facile
1025 3346 1209 3386 perdidicit;
1224 3350 1358 3380 conten·

317 3394 368 3422 tus
389 3392 468 3423 seire
488 3392 572 3432 quod
603 3392 826 3432 concupierat,
851 3393 947 3432 coepit
966 3393 1051 3424 nolle
1074 3393 1161 3434 quod
1185 3395 1357 3437 pepigerat,

316 3437 370 3469 led
389 3437 500 3469 callide
517 3438 679 3470 nectendis
697 3439 795 3470 moris
823 3438 970 3470 frustrari
993 3440 1200 3480 magistrum,
1222 3441 1359 3475 diutule-

316 3492 379 3525 que
395 3493 453 3516 nec
479 3493 616 3519 asserere
639 3486 719 3519 velle
736 3495 793 3519 nec
811 3486 965 3528 reddere,
981 3495 1084 3528 usque
1103 3488 1181 3521 dum
1200 3490 1354 3531 Protago-

1379 894 1396 1014 l

1242 243 1309 283 DE
1340 240 1676 283 PROTAGORA.

1413 330 1517 383 capit
1536 329 1742 369 consilium
1761 329 1995 378 Protagoras
2007 355 2018 375 ,
2035 334 2080 365 ut
2095 334 2176 365 tum
2196 322 2458 373 existimabat,

1412 398 1593 428 astutum.
1631 388 1767 427 Petere
1800 386 1970 426 instituit
1994 398 2043 423 ex
2072 393 2186 437 pacto
2219 383 2460 431 mercedem

1413 448 1521 486 litem
1544 461 1630 486 cum
1651 446 1815 485 Euathlo
1843 452 2095 484 contestatur.
2123 442 2171 481 Et
2190 456 2311 494 quum
2333 441 2381 480 ad
2398 441 2462 494 ju-

1413 506 1518 545 dices
1538 505 1795 557 conjiciendae
1820 503 2155 554 consistendaeque
2185 514 2310 540 causae
2335 501 2463 552 gratia

1415 566 1634 615 venissent,
1677 573 1756 603 tum
1789 565 2022 613 Protagoras
2056 562 2113 601 sic
2148 574 2311 600 exorsus
2351 569 2411 600 est
2447 575 2457 599 ε

1414 626 1538 674 Disce,
1555 623 1706 676 inquit,
1726 626 1941 661 stultissime
1971 624 2204 668 adolescens,
2247 630 2399 671 utroque
2421 622 2465 658 id

1417 685 1526 721 modo
1534 682 1627 731 sore
1639 691 1680 720 ut
1693 684 1831 720 reddas
1845 683 1944 732 quod
1950 690 2055 732 peto,
2081 684 2156 718 sive
2174 689 2303 718 contra
2323 688 2360 717 te
2369 693 2463 730 pro·-

1414 746 1625 780 nuntiatum
1641 746 1723 787 erit,
1750 745 1827 779 sive
1847 754 1920 791 pro
1937 749 1986 778 te.
2019 741 2122 778 Nam
2146 742 2181 775 se·
2205 746 2338 776 contra
2364 746 2399 775 te
2419 739 2465 776 lis

1417 803 1511 838 data
1543 805 1626 851 erit,
1663 813 1801 838 merces
1831 800 1928 837 mihi
1961 813 2011 836 ex
2039 801 2223 836 sentencia
2250 797 2459 844 debebitur,

1413 864 1500 910 quia
1516 873 1586 909 ego
1606 863 1728 897 vicero
1756 874 1768 896 .-
1783 863 1843 895 sin
1869 872 1960 896 vero
1982 859 2183 895 secundum
2204 865 2240 893 te
2252 857 2465 904 ,iudicatum

1412 924 1498 966 erit,
1519 932 1656 956 merces
1669 918 1763 955 mihi
1781 932 1831 956 ex
1845 926 1958 968 pacto
1972 916 2181 962 debebitur,
2199 919 2292 965 quia
2311 918 2467 957 tu'vice·

1414 982 1482 1017 ris.
1502 977 1560 1016 Ad
1577 990 1623 1016 ea
1638 976 1843 1029 respondit
1854 975 2061 1014 Euathlus:
2080 977 2200 1021 Potui,
2217 972 2363 1024 inquit,
2376 973 2465 1010 huic

1415 1047 1490 1074 tuoe
1518 1047 1595 1074 tam
1627 1040 1788 1087 ancipiti
1806 1039 1972 1086 captioni
2003 1038 2074 1072 isse
2100 1035 2247 1071 obviam
2262 1060 2273 1080 ‚
2295 1036 2327 1069 si
2353 1033 2463 1070 verba

1414 1110 1488 1134 non
1510 1101 1589 1146 ipse
1594 1095 1773 1143 facerem
1801 1104 1915 1144 atque
1944 1097 2023 1131 alio
2040 1101 2205 1145 patrono
2229 1100 2361 1131 uterer.
2391 1093 2470 1129 Sed

1414 1159 1538 1202 majus
1554 1155 1649 1191 milti
1676 1159 1716 1191 in
1745 1158 1817 1190 ista
1841 1157 2006 1191 victoria
2023 1153 2237 1204 prolubium
2257 1159 2326 1198 est,
2355 1164 2467 1200 quum

1415 1222 1451 1250 te
1465 1227 1537 1251 non
1557 1218 1596 1250 in
1611 1227 1727 1250 causa
1747 1222 1902 1258 tantum,
1929 1214 2050 1250 sedin
2074 1219 2297 1260 argumento
2322 1224 2466 1260 quoqne

1416 1276 1484 1309 isco
1511 1276 1638 1311 vinco.
1673 1275 1784 1310 Disce
1805 1276 1918 1323 igitur
1942 1281 1981 1309 tu
2010 1272 2170 1321 qu'oque,
2200 1275 2382 1319 magister
2403 1284 2469 1308 sa-

1410 1335 1655 1381 pientissitne,
1688 1341 1843 1382 utroque
1870 1333 1978 1369 modo
1998 1330 2092 1379 sore
2118 1335 2172 1367 uti
2198 1344 2272 1368 non
2303 1332 2463 1369 reddam

1414 1394 1516 1440 qnod
1525 1396 1638 1441 petis,
1655 1395 1729 1428 sive
1745 1401 1875 1429 contra
1899 1404 1958 1428 me
1975 1394 2260 1441 pronuntiatum
2279 1394 2360 1434 erit,
2387 1394 2464 1427 sive

1411 1464 1484 1500 pro
1501 1465 1574 1490 me.
1602 1453 1704 1489 Nam
1722 1455 1757 1488 si
1768 1452 1918 1498 judices
1937 1464 2008 1500 pro
2030 1462 2146 1487 causa
2166 1463 2252 1486 mea
2271 1453 2460 1495 senserim,

1416 1510 1516 1546 nillil
1536 1511 1605 1546 tibi
1622 1523 1673 1546 ea:
1688 1514 1875 1547 sentencia
1889 1511 2097 1559 debebitur,
2117 1512 2205 1558 quia
2228 1521 2297 1556 ego
2322 1512 2464 1558 vicero,

1417 1569 1482 1605 Sin
1507 1578 1633 1605 cotnra
1660 1582 1719 1606 me
1733 1573 2069 1619 pronuntiaverint,
2092 1569 2188 1604 nihil
2204 1569 2270 1605 tibi
2285 1581 2335 1604 ex
2351 1576 2465 1616 pacto

1416 1630 1570 1674 debebo,
1599 1633 1688 1678 quia
1706 1642 1781 1666 non
1802 1633 1943 1666 vicero.
1965 1627 2066 1665 Tum
2085 1626 2239 1678 judices
2258 1625 2464 1664 dubiosum

1416 1687 1490 1725 hoc
1506 1687 1860 1739 inexplicabileque
1872 1699 1965 1735 esse,
1979 1686 2085 1737 quod
2099 1686 2295 1737 utrimque
2310 1684 2466 1724 diceba·
2516 1692 2519 1694 ’

1416 1754 1493 1797 tur,
1505 1746 1594 1792 rati,
1611 1758 1659 1782 ne
1670 1746 1859 1799 sententia
1869 1758 1952 1792 sua,
1965 1754 2248 1796 utramcunque
2263 1743 2303 1782 in
2317 1752 2467 1796 partem

1416 1804 1519 1843 dicta
1542 1814 1665 1853 esset,
1694 1805 1781 1856 ipsa
1802 1817 1885 1843 sese
1912 1804 2175 1850 rescinderet,
2204 1817 2286 1842 rem
2316 1802 2466 1854 injudi-

1416 1873 1537 1902 catam
1559 1865 1802 1916 reliquerunt
1823 1877 2056 1915 causamque
2075 1864 2118 1902 in
2145 1863 2247 1902 diem
2279 1863 2467 1912 longissi-

1416 1936 1518 1960 mam
1550 1923 1797 1961 distulerunt.
1830 1923 1897 1963 Sic
1926 1922 1976 1961 ab
2003 1922 2247 1961 adolescente
2265 1921 2464 1973 discipulo

1418 1986 1601 2032 magister
1620 1982 1851 2032 eloquentiae
1871 1981 2042 2032 inclytus
2061 1994 2132 2019 suo
2147 1979 2225 2019 sibi
2239 1989 2467 2031 argumento

1420 2041 1641 2078 confutatus
1675 2050 1733 2079 est
1758 2049 1796 2079 et
1827 2041 2024 2092 captionis
2057 2049 2212 2079 versute
2243 2039 2470 2090 excogitatae

1424 2100 1631 2138 frustratus
1662 2099 1746 2140 fuit.
1790 2117 1805 2133 »
1833 2100 1907 2138 Sed
1941 2100 2048 2150 quod
2075 2099 2227 2137 Gellius
2256 2113 2343 2137 cum
2378 2099 2468 2138 aliis

1419 2157 1681 2210 scriptoribus
1701 2158 1749 2197 de
1770 2159 1988 2208 Protagora
2010 2167 2125 2209 atque
2158 2157 2339 2205 Euathlo,
2360 2159 2466 2196 idem

1419 2217 1557 2256 Sextus
1581 2217 1805 2269 Empiricus
1828 2218 1876 2256 de
1899 2218 2043 2255 Corace
2077 2216 2242 2268 ejusque
2275 2217 2471 2269 discipulo

1419 2277 1550 2314 nescio
1565 2290 1643 2327 quo
1656 2281 1804 2317 narrat.
1816 2276 1930 2328 Apud
1944 2277 2101 2314 Sextum
2117 2276 2222 2314 enim
2236 2275 2326 2314 adv.
2343 2275 2465 2315 Math.

1421 2334 1492 2373 lib.
1518 2335 1569 2383 ll,
1587 2336 1636 2385 96
1651 2335 1730 2373 haec
1746 2335 1929 2385 leguntur
1948 2349 1956 2371 ε
1979 2333 2132 2376 Νεανίας
2154 2332 2221 2385 γὰρ
2241 2333 2336 2387 πόθῳ
2365 2336 2472 2388 ῥητο-

1422 2397 1519 2446 ρικῆς
1541 2394 1769 2448 κατασχεθεὶς
1788 2395 1986 2447 προσῆλθον
2011 2395 2106 2445 αὐτῷ
2121 2392 2178 2431 τὸν
2193 2392 2468 2445 ὁρισθησόμενον

1420 2453 1479 2491 ὑπ’
1515 2455 1618 2492 αὐτοῦ
1651 2452 1773 2503 μισθὸν
1811 2452 1933 2491 δώσειν
1972 2451 2294 2503 ἐπαγγελλόμενος,
2329 2451 2371 2490 ἂν
2406 2451 2471 2499 τὴν

1419 2511 1562 2564 πρώτην
1583 2511 1709 2563 νικήσῃ
1739 2511 1854 2559 δίκην.
1879 2511 2093 2564 Συμφωνίας
2117 2510 2154 2549 δὲ
2184 2510 2373 2562 γενομένης
2407 2510 2468 2550 καὶ

1418 2574 1479 2609 τοῦ
1496 2570 1677 2621 μειρακίου
1695 2569 1821 2618 ἱκανὴν
1836 2568 1903 2614 ἕξιν
1922 2571 2149 2622 ἐμφαίνοντος
2164 2569 2234 2618 ἤδη
2250 2601 2260 2620 ,
2281 2572 2300 2609 ὁ
2317 2569 2381 2622 μὲν
2400 2569 2472 2610 Κό-

1422 2627 1483 2681 ραξ
1504 2629 1630 2681 ἀπῄτει
1649 2630 1709 2669 τὸν
1730 2628 1866 2681 μισθόν,
1888 2632 1906 2668 ὁ
1932 2630 1961 2668 δ’
1982 2628 2176 2682 ἀντέλεγεν.
2200 2629 2409 2683 Ἀμφότεροι
2431 2629 2467 2668 δὲ

1427 2794 1475 2816 ras
1489 2793 1563 2816 eum
1581 2783 1755 2824 adjudices
1768 2787 1979 2824 provocatum
1990 2784 2199 2825 expositaque
2213 2783 2399 2818 conditione
2410 2794 2475 2826 qua

1427 2831 1609 2863 docendum
1624 2835 1802 2871 receperat,
1817 2840 1934 2871 anceps
1947 2833 2172 2871 argumentum
2188 2828 2389 2864 ambifariam
2401 2842 2473 2874 pro·

1427 2879 1545 2919 posuit.
1569 2879 1650 2910 Nam
1676 2877 1744 2910 sive
1764 2886 1822 2918 ego
1844 2878 1974 2917 vicero,
1998 2878 2120 2918 inquit,
2142 2878 2271 2910 solvere
2290 2879 2471 2912 mercedem

1425 2924 1570 2965 debebis,
1582 2926 1619 2956 ut
1635 2924 1866 2956 condemnatus
1887 2937 1894 2956 :
1914 2933 1968 2956 seu
1988 2928 2021 2956 tu
2038 2925 2163 2965 viceris,
2180 2924 2389 2958 nihilominus
2404 2927 2473 2960 red-

1425 2972 1500 3004 dere
1519 2971 1652 3004 debebis
1664 2996 1672 3008 .
1687 2973 1724 3004 ut
1739 2974 1861 3013 pactus,
1876 2972 1994 3013 quippe
2010 2973 2064 3013 qui
2083 2973 2165 3004 hanc
2185 2972 2322 3014 primam
2339 2981 2471 3007 caninam

1427 3028 1526 3061 penes
1543 3018 1668 3059 iudices
1691 3018 1815 3051 viceris.
1835 3020 1884 3051 Ita
1903 3018 1930 3050 si
1952 3019 2073 3058 vincis,
2099 3019 2131 3051 in
2157 3019 2376 3052 conditionem
2391 3020 2472 3054 inci-

1425 3066 1522 3109 disti3
1543 3066 1571 3098 si
1595 3065 1749 3106 vinceris,
1779 3066 1810 3097 in
1835 3065 2086 3098 damnationem.
2111 3066 2194 3103 Quid
2218 3067 2361 3107 quaeris?
2388 3069 2471 3102 ratio

1425 3113 1580 3145 conclusa
1607 3111 1776 3153 judicibus
1805 3112 1920 3144 acriter
1959 3115 1991 3145 et
2021 3113 2248 3146 invincibiliter
2287 3113 2470 3148 videbatur.

1422 3161 1595 3192 Enimvero
1609 3159 1777 3198 Euathlus,
1789 3161 1900 3201 utpote
1919 3160 1998 3192 tanti
2014 3161 2200 3193 veteratoris
2216 3161 2469 3202 perfectissimus

1422 3206 1619 3247 discipulus,
1645 3207 1756 3248 biceps
1772 3207 1853 3239 illud
1871 3210 2095 3250 argumentum
2116 3209 2258 3240 retorsit.
2280 3210 2361 3241 Nam
2378 3209 2405 3241 si
2421 3209 2466 3241 ita

1421 3257 1481 3294 est,
1499 3254 1615 3294 inquit,
1628 3256 1743 3287 neutro
1757 3254 1854 3286 modo
1869 3254 1956 3295 quod
1971 3255 2052 3295 petis
2066 3255 2178 3287 debeo.
2194 3258 2256 3287 Aut
2270 3256 2355 3287 enim
2370 3256 2464 3288 vinco

1425 3302 1457 3332 et
1475 3301 1600 3340 judicio
1620 3301 1778 3341 dimittor,
1798 3303 1855 3333 aut
1869 3301 1980 3333 vincor
1999 3303 2031 3334 ct
2048 3307 2140 3343 pacto
2158 3302 2323 3341 absolvor,
2339 3311 2378 3334 ex
2400 3313 2467 3345 quo

1425 3356 1489 3379 non
1506 3348 1607 3380 debeo
1620 3348 1815 3389 mercedem,
1836 3348 1861 3379 si
1884 3348 1966 3379 lianc
1990 3349 2124 3389 primam
2149 3357 2279 3380 causam
2303 3348 2392 3380 suero
2409 3358 2467 3389 pe-

1419 3402 1475 3425 nes
1502 3393 1627 3434 judices
1655 3396 1771 3428 victus.
1798 3396 1845 3427 Ita
1873 3404 1924 3427 mo
1950 3395 2037 3426 omni
2066 3394 2162 3426 modo
2190 3395 2314 3434 liberat,
2339 3395 2366 3426 si
2397 3396 2468 3428 vin-

1419 3449 1486 3519 esor.
1509 3442 1662 3484 conditio,
1680 3442 1707 3475 si
1731 3443 1844 3479 vinco,
1862 3443 2031 3475 sententia.
2049 3442 2099 3475 Cf.
2123 3444 2174 3474 Jo.
2199 3442 2317 3475 Sarisb.
2342 3442 2466 3475 Policr.

1450 3511 1459 3519 .
1480 3491 1527 3519 12.
