2638 3840
303 287 351 319 62
1139 279 1606 322 PYTHAGOREORUM

299 366 412 403 αυτῶν
441 381 478 404 ου
506 366 548 404 δι’
579 366 665 404 ἄλλο
685 382 718 404 τι
749 367 836 405 κινεῖ
865 366 887 412 ἢ
918 364 1171 418 προτρέπεται·
1196 370 1341 405 τοιαῦτα
1373 367 1376 415 j
1406 369 1556 419 τισμόν,
1578 368 1622 406 τὰ
1650 369 1823 421 κεφάλαια
1842 371 1910 407 τῶν
1940 367 2137 420 ἀναγκαίων
2157 367 2338 420 δογμάτων
2360 369 2445 406 ἀνα·

298 422 328 460 δ’
345 423 437 462 ἐστὶν
456 418 529 463 οἷον
550 426 771 475 εὐδαιμονία,
789 441 848 463 και
868 425 907 464 τὸ
925 423 1021 497 γένος
1039 426 1107 462 τῶν
1128 426 1258 478 ἀρετῶν
1282 425 1375 463 καὶ

296 481 341 520 τὰ
361 483 546 533 σωματικὰ
559 487 626 522 τῶν
641 483 732 522 κατὰ
750 484 864 533 φύσιν,
884 484 1017 534 υγίεια,
1034 482 1164 531 εὐεξία,
1183 485 1343 530 εὐαισθη-

299 539 357 578 σία
373 571 383 589 ,
401 543 547 590 κάλλος,
566 543 671 595 τάχος
684 573 693 591 ,
709 543 892 595 ἀρτιότης,
908 541 1026 593 ἷσχύς,
1046 542 1090 580 τὰ
1107 542 1342 594 παραπλήσια

301 599 455 651 τούτοις,
487 601 547 638 καὶ
580 604 648 639 τῶν
684 604 896 653 σωματικῶν
928 601 1073 648 ἡδοναί,
1103 603 1139 639 αἱ
1169 601 1342 652 μηδεμίαν

301 657 438 708 βλάὸην
456 659 698 712 ἐπιφέρουσαι.
756 661 880 698 Ταῦτα
901 658 968 711 γὰρ
988 662 1006 697 ὁ
1021 663 1098 698 νοῦν
1119 658 1207 711 ἔχων
1235 658 1343 699 ἕλοιτ’

297 714 339 753 ἂν
359 716 447 754 αὐτά
460 746 470 764 ,
492 717 557 755 κᾶν
578 716 688 767 μηδὲν
707 717 792 756 ἄλλο
819 717 1079 770 κεχωρισμένον
1107 719 1221 756 αὐτῶν
1239 733 1341 771 περι-

296 777 395 827 ποιῇ.
453 777 507 814 Δι’
525 776 614 813 ἄλλα
638 775 665 812 δ’
686 775 779 813 ἐστὶν
805 777 948 827 αἱρετά,
963 775 1007 814 τὰ
1035 777 1079 814 δι’
1098 775 1213 828 ἔτερόν
1233 791 1266 814 τι
1283 791 1341 814 κε-

296 834 513 885 χωρισμένον
543 835 656 871 αὐτῶν
686 834 955 886 προκαλούμενα
975 834 1060 887 πρὸς
1087 834 1149 881 τὴν
1185 833 1339 886 αἵρεσιν,

296 891 508 944 περίπατος,
529 893 706 944 γυμνασία
719 924 728 940 ,
753 893 921 941 μάθησις,
945 893 1158 944 ἀνάγνωσις,
1176 894 1340 945 ἰατρεῖαι,

297 952 497 1002 θεραπεῖαι,
527 952 674 1005 τροφαί,
703 950 845 991 σκέπαι.
901 952 1045 992 Τούτων
1073 952 1141 1005 γὰρ
1171 951 1268 991 οὐδὲν
1295 952 1344 991 δι’

298 1008 381 1046 αὑτὸ
400 1009 560 1062 ληπτόν,
581 1010 672 1049 κατὰ
702 1011 738 1049 δὲ
771 1010 834 1058 τὴν
861 1011 1037 1065 ἀναφορὰν
1059 1011 1124 1059 τὴν
1145 1013 1198 1065 ἐφ’
1222 1010 1245 1049 ἃ
1269 1027 1342 1050 πα-

297 1067 454 1119 ρέχεται.

303 1128 307 1133 ’
349 1129 394 1166 Εἰ
414 1133 483 1165 πᾶν
503 1127 542 1166 τὸ
562 1128 669 1167 καλὸν
685 1128 727 1167 δι’
743 1127 828 1167 αὑτὸ
848 1129 1007 1182 αἱρετόν;
1029 1128 1133 1169 Κατὰ
1154 1129 1216 1179 μὲν
1237 1129 1343 1169 Πλά-

296 1202 390 1224 τωνα
421 1193 506 1226 πᾶν.
563 1187 637 1227 Καὶ
667 1188 736 1241 γὰρ
756 1187 885 1240 ἀρετὴν
911 1196 1053 1236 πᾶσαν,
1087 1188 1147 1227 καὶ
1177 1187 1240 1235 τὴν
1264 1189 1341 1227 καθ’

296 1244 447 1292 ἑκάστην
469 1243 537 1290 ἕξιν
556 1246 749 1284 σπουδαίαν
761 1276 779 1295 ,¹
798 1247 859 1285 καὶ
878 1246 941 1294 τὴν
961 1246 1136 1300 ἐνέργειαν
1148 1279 1157 1295 ,
1173 1246 1250 1294 ἥτις
1269 1246 1344 1285 ἐστὶ

294 1303 417 1356 πρᾶξις
443 1305 532 1355 μετὰ
548 1305 667 1357 λόγου.
724 1305 930 1356 Ὠνομάσθη
945 1310 1027 1358 γοῦν
1041 1306 1166 1354 καλόν,
1187 1307 1238 1344 ὅτι
1253 1307 1344 1352 κλη-

296 1362 390 1400 τικόν
421 1365 514 1401 ἐστιν
534 1380 574 1415 εφ
607 1363 693 1403 αυτό
726 1363 774 1402 ⁶7.
832 1366 895 1417 Τῳ
932 1366 961 1403 δ’
981 1365 1248 1418 Ἀριστοτέλει
1229 1379 1343 1414 οοκει,

295 1420 356 1465 τὰς
390 1421 452 1472 μὲν
482 1421 569 1467 ἕξεις
590 1425 653 1461 οὐκ
687 1417 775 1462 εἶναι
802 1425 846 1461 δι’
868 1423 975 1469 αυτὰς
1001 1424 1167 1478 αιρετάς,
1195 1423 1237 1463 δι’
1258 1424 1345 1463 ἄλλο

300 1479 366 1532 γάρ
385 1496 447 1527 τι,
469 1480 567 1528 τὴν’
554 1481 739 1534 ενέργειαν.
796 1484 904 1521 Πᾶσα
923 1482 990 1534 γὰρ
1011 1482 1077 1527 ἕξις
1104 1483 1162 1521 διὰ
1189 1483 1341 1530 ταύτην,

297 1538 388 1577 ὥστε
404 1555 443 1578 το
464 1543 502 1577 ου
524 1539 646 1591 ε’νεκα,
666 1545 767 1579 τοῦτο
791 1541 826 1579 δὲ
846 1543 889 1579 δι’
907 1541 995 1580 αὖτὸ
1012 1543 1167 1594 αἱρετόν,
1187 1540 1343 1593 ύπαρξις,

296 1597 319 1644 ἢ
342 1601 468 1650 χρῆσις
499 1599 560 1637 καὶ
589 1600 686 1643 τέλος
704 1605 764 1639 τοῦ
787 1600 878 1651 βίου.
938 1599 1011 1639 Και
1031 1599 1094 1647 τὴν
1126 1599 1344 1650 εὐδαιμονίαν

296 1660 393 1700 οὗτος
410 1674 453 1727 με
455 1672 473 1696 ν
493 1657 562 1696 ἀπὸ
581 1661 643 1705 τῆς
656 1658 819 1712 χρήσεως
841 1661 1036 1711 ἀναφωνεῖ,
1056 1658 1210 1697 Πλάτων
1229 1658 1263 1696 δὲ
1285 1657 1346 1695 καὶ

297 1715 367 1753 ἀπὸ
386 1718 448 1763 τῆς
471 1716 641 1764 κτήσεως.
702 1717 794 1756 Ἀλλ’
822 1720 840 1756 ὁ
864 1717 925 1768 μὲν
954 1717 1186 1770 πρεσὸύτερος
1214 1718 1249 1754 ἐν
1274 1721 1346 1761 τοῖς

296 1775 428 1826 Νόμοις
448 1777 507 1815 καὶ
529 1779 565 1814 ἐν
593 1779 642 1829 τῷ
658 1777 801 1830 Τιμαίῳ
828 1776 887 1815 καί
907 1791 997 1815 τισιν
1019 1778 1135 1820 ἄλλοις
1154 1779 1266 1815 ταῦτα
1285 1791 1346 1815 >te-

296 1835 456 1887 χώρηκεν
469 1865 479 1884 ,
498 1837 515 1873 ὃ
531 1835 567 1875 δὲ
584 1834 747 1888 νεώτερος
767 1838 800 1875 ἐν
823 1842 893 1881 τοῖς
910 1835 1078 1880 Ἠθικοῖς.

297 1928 458 1976 Ζήνωνος
477 1929 537 1968 καὶ
562 1931 631 1968 τῶν
652 1931 784 1969 λοιπῶν
805 1931 973 1969 Στωϊκῶν
985 1929 1154 1980 δόγματα
1174 1927 1256 1981 περὶ
1284 1931 1343 1966 τοῦ

496 1991 618 2036 ἠθικοῦ
645 1988 769 2042 μέρους
787 1991 847 2036 τῆς
867 1987 1070 2042 φιλοσοφίας
1090 1987 1122 2011 ⁶3

353 2083 440 2136 Περὶ
461 2082 495 2122 δὲ
512 2086 580 2122 τῶν
599 2085 729 2130 ἠθικῶν
746 2083 820 2130 ἑξῆς
845 2082 1037 2134 ποιήσομαι
1060 2081 1118 2121 τὸν
1134 2084 1343 2132 ὑπομνημα-

1374 462 1375 465 ,
1406 427 1538 467 λαὸών.

1374 535 1377 550 l

1373 574 1376 623 l

1595 425 1675 479 Αρξ
1678 443 1763 478 ομαι
1792 429 1821 466 δ’
1848 429 2014 467 εντεῦθεν.
2071 427 2181 466 Ταῦτ’
2202 421 2319 466 εἶναί
2341 441 2444 480 φησιν

1373 511 1375 528 ;
1405 486 1424 522 ὁ
1447 485 1592 534 Ζήνων,
1626 484 1690 523 ὅσα
1710 485 1828 530 οὐσίας
1856 485 2017 538 μετέχει·
2031 488 2101 524 τῶν
2129 485 2159 523 δ’
2185 484 2292 524 ὄντων
2310 484 2355 524 τὰ
2383 484 2447 535 μὲν

1406 535 1494 580 εἶναι
1526 543 1659 594 ἀγαθοί,
1683 542 1769 581 τὰ
1751 543 1787 581 οὲ
1806 543 1921 595 κακά,
1953 543 1998 582 τὰ
2017 543 2053 581 δὲ
2078 543 2261 598 ἀδιάφορα.
2318 541 2447 594 Ἀγαθὰ

1406 601 1469 652 μὲν
1486 602 1531 640 τὰ
1546 606 1705 641 τοιαῦτα·
1727 603 1913 656 φρόνησιν,
1937 602 2179 652 δικαιοσύνην,
2201 602 2423 655 σωφροσύνην
2434 631 2447 651 ,

1373 666 1376 720 ⁴3
1406 661 1590 714 ἀνδρείαν,
1620 662 1681 700 καὶ
1706 668 1775 701 πᾶν
1799 662 1925 701 δέστιν
1945 662 2050 715 ἀρετὴ
2077 662 2100 709 ἢ
2135 661 2279 713 μετέχον
2308 663 2449 714 ἀρετῆς·

1404 719 1499 757 κακὰ
1522 720 1558 758 δὲ
1577 718 1621 758 τὰ
1637 724 1799 758 τοιαῦτα·
1823 719 2039 773 ἀφροσύνην,
2060 719 2273 767 ἀκολασίαν,
2294 717 2447 765 δειλίαν,

1406 778 1542 818 ἀδικίαν
1553 809 1563 827 ,
1581 779 1641 817 καὶ
1656 785 1725 817 πᾶν
1740 778 1760 817 ὅ
1773 782 1846 819 ἐστι
1862 780 1969 818 κακία
1986 778 2009 827 ἢ
2031 780 2177 831 μετέχον
2192 778 2316 822 κακίας
2327 793 2336 802 ·
2355 777 2449 816 &Scot-

1407 853 1496 891 φορα
1514 839 1550 876 δὲ
1566 847 1611 876 τα
1626 841 1793 876 τοιαῦτα·
1822 838 1931 886 ζωήν,
1954 838 2119 885 θάνατον,
2139 837 2264 884 δόξαν,
2284 835 2423 881 ἀδοξίαν
2437 865 2447 883 ,

1406 897 1532 946 πόνον,
1555 897 1706 947 ἡδονήν,
1725 897 2059 948 πλοῦτον,πενίαν,
2077 897 2197 944 νόσον,
2214 897 2372 947 ὑγιειαν,
2389 894 2466 933 καὶ·

1403 954 1447 993 τὰ
1467 954 1601 999 τούτοις
1619 954 1738 1007 ὅμοια.
1795 956 1878 994 Τῶν
1906 955 1935 993 δ’
1958 957 2097 1006 ἀγαθῶν
2115 954 2160 993 τὰ
2180 953 2242 1005 μὲν
2262 947 2385 992 εἶναι’
2365 968 2449 1006 αρε-

1404 1014 1482 1061 τάς,
1511 1013 1555 1051 τὰ
1579 1013 1608 1051 δ’
1641 1013 1692 1052 οὔ.
1747 1012 1927 1066 Φρόνησιν
1961 1012 2024 1064 μὲν
2049 1029 2107 1051 ουν
2139 1013 2200 1051 και
2225 1010 2449 1064 σωφροσύνην

1404 1072 1464 1110 καὶ
1498 1072 1659 1126 ἀνδρείαν
1690 1073 1833 1124 ἀρετάς·
1862 1071 1976 1124 χαρὰν
2007 1071 2043 1109 δὲ
2073 1070 2133 1109 καὶ
2161 1070 2368 1125 εὐφροσύνην
2390 1070 2452 1108 καὶ

1405 1131 1531 1185 θάρσος
1559 1131 1620 1169 καὶ
1644 1131 1808 1183 βούλησιν
1842 1131 1903 1169 καὶ
1935 1131 1980 1170 τὰ
2018 1129 2250 1180 παραπλήσια
2277 1129 2340 1167 οὔκ
2363 1121 2452 1166 εἶναι

1405 1191 1541 1262 ἀρετάς.
1598 1192 1679 1229 Τῶν
1698 1191 1728 1228 δ’
1751 1191 1881 1242 ἀρετῶν
1898 1189 1959 1233 τὰς
1978 1188 2039 1240 μὲν
2060 1187 2257 1239 ἐπιστήμας
2273 1189 2374 1226 τινῶν
2390 1185 2452 1226 καὶ

1405 1251 1554 1302 τέχνας,
1575 1248 1638 1293 τὰς
1656 1250 1685 1287 δ’
1704 1248 1757 1289 06.
1814 1248 1993 1301 Φρόνησιν
2017 1247 2078 1299 μὲν
2100 1242 2157 1287 ουν
2180 1247 2240 1286 καὶ
2265 1245 2452 1321 emtppoc6-

1406 1325 1468 1356 νην
1504 1309 1564 1347 καὶ
1601 1308 1760 1362 ἀνδρείαν
1786 1308 1845 1347 καὶ
1877 1308 2097 1355 δικαιοσύνην
2133 1306 2331 1358 ἐπιστήμας
2360 1301 2451 1344 εἷναί

1405 1383 1506 1406 τινων
1539 1366 1599 1406 καὶ
1624 1368 1774 1419 τέχνας·
1805 1365 2069 1419 μεγαλοψυχίαν
2091 1364 2127 1404 δὲ
2155 1381 2216 1404 και
2236 1365 2359 1418 ῥώμην
2390 1379 2452 1403 και

1386 1437 1390 1440 ”
1406 1426 1506 1478 ἰσχυν
1527 1429 1641 1479 ψυχης
1667 1424 1739 1465 οὔτ’
1760 1426 1957 1476 ἐπιστήμας
1976 1420 2064 1464 εἶναί
2088 1440 2189 1463 τινων
2214 1424 2291 1464 οὔτε
2311 1423 2450 1477 τέχνας.

1407 1487 1591 1538 Ἀνοίλογον
1613 1485 1649 1523 δὲ
1669 1484 1728 1523 καὶ
1753 1488 1820 1523 τῶν
1841 1500 1959 1523 κακων
1981 1484 2025 1523 τὰ
2051 1483 2113 1534 μὲν
2134 1487 2222 1522 εἰναι
2240 1482 2385 1529 κακίας,
2405 1479 2451 1520 τὰ

1405 1546 1471 1584 δό
1473 1561 1506 1585 υ.
1563 1542 1771 1597 Ἀφροσύνην
1791 1541 1853 1593 μὲν
1873 1558 1931 1581 ουν
1951 1541 2010 1581 καὶ
2026 1542 2216 1580 ἀκολασίαν
2237 1540 2298 1580 καὶ
2315 1540 2451 1579 ἀδικίαν

1404 1603 1465 1643 καὶ
1491 1602 1621 1642 δειλίαν
1653 1618 1714 1641 και
1745 1602 1977 1655 μικροψυχίαν
2010 1600 2070 1640 καὶ
2098 1599 2292 1651 ἀδυναμίαν
2327 1598 2452 1642 κακίας

1406 1666 1512 1701 εἰναι·
1535 1661 1648 1708 λύπην
1671 1661 1706 1699 δὲ
1730 1660 1789 1699 καὶ
1826 1661 1932 1713 φόὸον
1963 1675 2024 1698 και
2053 1658 2098 1697 τὰ
2129 1657 2364 1712 παραπλήσια
2390 1658 2452 1695 οὔκ

1406 1724 1493 1759 εἰναι
1513 1720 1652 1764 κακίας.
1709 1722 1790 1759 Ίῶν
1812 1719 1848 1757 δὲ
1872 1721 2003 1757 κακιῶν
2023 1716 2085 1761 τὰς
2115 1716 2177 1767 μὲν
2194 1710 2282 1755 εἶναι
2312 1715 2452 1789 ἀγνοίας

1406 1796 1531 1828 τινων,
1548 1796 1608 1818 και
1635 1778 1815 1831 ἀτεχνίας,
1832 1778 1895 1821 τὰς
1916 1775 2016 1816 δὀὔ.
2076 1774 2289 1829 Ἀφροσύνην
2307 1773 2370 1825 μὲν
2389 1790 2449 1812 ουν

1405 1839 1466 1879 καὶ
1487 1838 1678 1878 ἀκολασίαν
1712 1838 1772 1876 καὶ
1790 1837 1927 1876 ἀδικίαν
1950 1852 2011 1874 και
2038 1834 2167 1874 δειλίαν
2197 1832 2337 1887 ἀγνοίας
2361 1826 2452 1871 εἶναί

1409 1903 1512 1939 τινῶν
1531 1899 1593 1938 καὶ
1610 1896 1784 1949 ἀτεχνίας·
1809 1894 2044 1947 μικροψυχίαν
2075 1892 2111 1932 δὲ
2147 1908 2207 1931 και
2239 1890 2450 1941 ἀδυναμίαν,

1405 1959 1483 1999 οὔτε
1503 1956 1641 2010 ἀγνοίας
1659 1957 1760 1994 τινῶν
1780 1955 1858 1993 οὔτε
1884 1953 2057 2006 ἀτεχνίας.
2112 1949 2195 1991 Ετι
2217 1950 2253 1989 δὲ
2271 1953 2340 1989 τῶν
2362 1951 2451 2000 ἀγα-

1406 2021 1472 2056 θων
1492 2017 1536 2055 τὰ
1553 2016 1615 2068 μὲν
1631 2021 1719 2054 πᾶσι
1733 2019 1802 2058 τοῖς
1819 2012 1996 2074 φρονίμοις
2015 2009 2212 2063 υπάρχειν,
2231 2025 2292 2048 και
2309 2009 2387 2056 ἀεί,
2405 2008 2451 2046 τὰ

1407 2078 1443 2116 δὲ
1463 2076 1516 2116 06.
1573 2073 1713 2127 Ἀρετὴν
1732 2072 1794 2124 μὲν
1811 2075 1868 2111 οὖν
1885 2077 2000 2109 πᾶσαν
2014 2068 2075 2108 καὶ
2091 2069 2259 2122 φρονίμην
2275 2066 2449 2119 αἴσθησιν,

314 2166 2441 2192 Μ

300 2249 424 2287 tantur,
443 2247 502 2279 alia
519 2248 645 2288 propter
661 2247 758 2279 aliud.
802 2249 850 2279 Ac
866 2255 921 2287 per
938 2255 972 2278 se
992 2245 1121 2286 quidem
1137 2243 1344 2286 expetuntur,

300 2316 374 2348 quae
398 2316 461 2338 non
489 2307 619 2347 propter
638 2305 723 2338 aliud
748 2305 825 2346 quid
852 2305 903 2337 sui
937 2304 1122 2345 cupidinem
1158 2302 1289 2335 movent
1310 2310 1346 2333 ac

307 2365 500 2398 desiderium
520 2364 613 2397 nobis
630 2364 811 2404 incutiunt;
829 2363 935 2404 qualia
957 2364 1032 2395 sunt
1048 2362 1137 2395 verbi
1158 2361 1258 2402 gratia
1281 2360 1346 2392 seli-

301 2426 399 2464 citas,
422 2433 516 2457 omne
547 2424 705 2456 virtutum
734 2431 854 2463 genus,
885 2421 1026 2462 corporis
1054 2420 1137 2452 bona
1170 2417 1347 2451 secundum

301 2486 451 2516 naturam
464 2508 474 2525 ‚
489 2487 525 2515 ut
545 2483 667 2515 sanitas
678 2506 688 2523 ,
702 2481 806 2514 bonus
821 2481 950 2513 habitus
961 2504 971 2520 ,
987 2487 1140 2512 sensuum
1162 2477 1267 2518 vigor,
1278 2477 1346 2518 pul-

302 2543 471 2582 chritudo,
490 2541 657 2582 celeritas,
686 2540 906 2573 membrorum
931 2539 1114 2579 integritas,
1137 2537 1235 2569 robur
1252 2538 1348 2576 atque

302 2602 363 2634 alia
390 2601 439 2634 his
457 2601 588 2641 similia;
611 2600 792 2641 voluptates
810 2598 951 2639 corporis
982 2605 1110 2638 quoque
1133 2595 1212 2628 nibil
1238 2594 1347 2626 damni

303 2660 397 2692 nobis
430 2660 610 2692 atterentes.
654 2658 820 2700 Siquidem
847 2658 918 2689 haec
956 2656 1005 2688 vir
1037 2655 1179 2696 prudens
1213 2662 1270 2694 per
1295 2661 1347 2692 se,

303 2719 428 2751 etiamsi
455 2718 538 2750 nihil
565 2717 654 2750 aliud
674 2716 748 2749 inde
778 2716 1005 2756 consequatur,
1034 2714 1170 2754 expetit.
1214 2714 1349 2753 Propter

304 2777 390 2810 aliud
422 2778 529 2809 autem
548 2777 756 2818 expetuntur,
775 2783 850 2816 quae
877 2775 1006 2815 propter
1028 2772 1113 2805 aliud
1134 2771 1208 2804 inde
1235 2780 1347 2803 conse·

308 2845 411 2877 quens
426 2837 477 2869 sui
496 2835 671 2876 cupiditate
682 2843 742 2867 nos
762 2834 981 2872 inflammant,
996 2833 1034 2864 ut
1049 2830 1222 2863 ambulatio
1233 2853 1243 2869 ,
1257 2838 1348 2862 exer-

305 2895 433 2935 citatio,
458 2894 648 2936 disciplina,
677 2893 794 2932 lectio,
815 2891 995 2931 medicina,
1012 2889 1157 2929 curatio,
1178 2889 1348 2927 alimenta,

307 2954 503 2995 tegumenta.
543 2954 691 2994 Namque
708 2961 747 2984 ex
768 2951 817 2983 his
829 2950 910 2983 nibil
924 2959 978 2991 per
991 2958 1043 2989 se,
1058 2948 1114 2982 sed
1139 2948 1262 2980 tantum
1279 2955 1347 2987 pro·

308 3015 378 3055 pter
395 3021 434 3045 ea
458 3020 532 3053 quae
544 3011 639 3043 offert
659 3010 832 3051 expetitur.

347 3072 433 3104 Num
452 3079 547 3103 omne
568 3069 737 3101 honestum
761 3076 820 3109 per
839 3076 874 3099 se
896 3066 938 3098 sit
962 3064 1204 3106 expetendum?
1229 3065 1346 3096 Secun-

309 3131 389 3163 dum
402 3130 565 3162 Platonem
578 3126 708 3168 quidem
721 3134 827 3158 omne.
874 3124 999 3164 Quippe
1012 3125 1044 3155 et
1057 3124 1206 3155 virtutem
1221 3131 1347 3154 omnem

309 3194 338 3223 et
360 3188 495 3230 probum
509 3186 606 3219 animi
623 3185 766 3217 habitum
781 3193 894 3216 earum
911 3182 1044 3223 singulis
1063 3179 1303 3213 convenientem
1318 3182 1350 3212 et

310 3251 525 3289 functionem,
548 3255 622 3288 quae
639 3247 688 3278 est
706 3245 790 3277 actio
813 3253 887 3276 cum
914 3243 1055 3282 ratione,
1075 3251 1114 3274 eo
1136 3241 1243 3273 refert.
1288 3242 1349 3280 Ap-

310 3309 461 3349 pellatum
478 3309 564 3339 certe
581 3307 631 3338 est
652 3305 823 3336 lionestum
841 3302 906 3334 sive
926 3301 1025 3333 calon
1053 3299 1144 3340 quasi
1163 3308 1180 3330 a
1200 3298 1348 3338 calando,

310 3366 397 3408 quod
425 3365 465 3398 ad
490 3374 524 3397 se
546 3364 643 3397 vocet
675 3372 731 3395 seu
756 3361 881 3394 invitet.
924 3359 1085 3392 Aristoteli
1112 3366 1187 3390 vero
1213 3356 1347 3395 videtur,

311 3426 438 3458 habitus
456 3433 520 3457 non
547 3432 602 3465 per
628 3431 663 3455 se
692 3430 760 3454 esse
779 3418 994 3461 expetendos,
1023 3417 1077 3450 sed
1098 3419 1224 3457 propter
1245 3413 1349 3454 aliud,

312 3483 507 3517 functionem
528 3481 692 3514 videlicet.
736 3478 850 3512 Omnis
867 3477 954 3510 enim
976 3475 1105 3508 babitus
1123 3476 1253 3515 propter
1268 3472 1351 3503 hanc

316 3543 379 3582 est,
395 3541 438 3574 ita
459 3543 495 3574 ut
510 3541 578 3581 ejus
599 3549 695 3573 causa
717 3538 797 3579 sint5
815 3537 875 3570 hoc
891 3538 999 3570 autem
1023 3535 1145 3567 tantum
1163 3541 1218 3574 per
1237 3539 1271 3564 se
1295 3539 1351 3562 ex-

1409 2237 1580 2280 petendum
1600 2237 1669 2276 est,
1685 2235 1803 2276 quippe
1825 2234 1857 2265 in
1871 2242 1936 2273 quo
1958 2230 2135 2263 substantia
2154 2229 2206 2262 vel
2226 2237 2305 2261 usus
2327 2230 2359 2260 et
2382 2227 2453 2260 linis

1409 2298 1484 2329 vitae
1500 2296 1667 2328 consistat.
1712 2295 1754 2326 At
1767 2291 1949 2324 felicitatem
1963 2290 2016 2322 liic
2037 2288 2077 2321 ab
2097 2297 2156 2320 usu
2181 2287 2338 2328 appellat,
2357 2286 2449 2319 Plato

1408 2365 1484 2388 vero
1503 2355 1599 2388 etiam
1619 2363 1636 2384 a
1655 2351 1867 2394 possessione.
1911 2351 1951 2381 Et
1976 2348 2028 2380 ille
2046 2347 2177 2389 quidem
2197 2348 2293 2379 aetate
2305 2345 2450 2387 superior

1409 2416 1441 2446 in
1453 2414 1608 2454 Legibus,
1622 2411 1742 2444 Timaeo
1759 2411 1792 2441 et
1807 2409 1876 2440 aliis
1890 2407 1978 2439 libris
2004 2406 2074 2438 baec
2090 2405 2250 2447 percepit,
2263 2403 2450 2437 Aristoteles

1409 2475 1517 2504 autem
1538 2472 1570 2503 in
1585 2469 1714 2503 Etliicis.

1410 2558 1545 2592 Zenonis
1568 2558 1601 2590 et
1629 2556 1826 2596 reliquorum
1841 2552 2023 2585 Stoicorum
2043 2550 2084 2583 de
2105 2549 2217 2583 morali
2237 2547 2447 2591 pbilosopbiae

1806 2614 1895 2654 parte
1926 2611 2049 2652 placita.

1449 2706 1512 2739 Sed
1530 2705 1570 2738 de
1588 2703 1700 2737 morali
1723 2701 1922 2744 philosophia
1937 2700 2090 2740 deinceps
2111 2697 2275 2731 conficiam
2290 2704 2437 2729 commen

1410 2766 1524 2805 tarios,
1545 2763 1703 2806 praecipua
1722 2761 1867 2802 dogmata
1887 2758 2075 2791 summatim
2097 2756 2270 2798 explicans.
2315 2755 2447 2788 Initium

1409 2828 1516 2857 autem
1534 2823 1609 2856 inde
1627 2821 1765 2854 faciam:
1785 2822 1830 2852 Ea
1849 2827 1918 2850 esse
1930 2818 2008 2849 dicit
2023 2819 2108 2849 Zeno
2119 2840 2130 2857 ,
2149 2824 2226 2857 quae
2237 2799 2448 2847 substantiam

1411 2883 1547 2922 liabent3
1569 2890 1610 2913 ex
1626 2879 1676 2912 liis
1697 2887 1774 2910 vero
1805 2876 1867 2908 alia
1897 2884 1967 2908 esse
1990 2874 2097 2914 hona,
2114 2874 2172 2905 alia
2189 2873 2294 2913 mala,
2311 2871 2373 2904 alia
2394 2871 2444 2903 in-

1409 2938 1598 2970 differentia.
1641 2939 1686 2968 Ac
1708 2935 1792 2967 bona
1820 2932 1950 2974 quidem
1977 2930 2114 2971 judicari
2149 2929 2366 2970 prudentiam,
2385 2927 2439 2968 ju-

1411 2996 1551 3037 stitiam,
1570 2993 1833 3036 temperantiam,
1848 2989 2066 3023 fortitudinem
2080 2997 2272 3029 omnemque
2290 2979 2444 3020 virttitem

1410 3058 1442 3089 et
1467 3055 1553 3097 quod
1586 3054 1743 3096 particeps
1761 3055 1810 3084 est
1841 3048 1966 3081 virtutis
1975 3060 1986 3089 ;
2004 3048 2089 3079 mala
2121 3050 2228 3078 autem
2256 3045 2446 3085 amentiam,

1412 3113 1709 3155 intemperantiam,
1739 3109 1898 3152 ignaviam
1911 3132 1920 3148 ‚
1944 3106 2135 3147 injustitiam
2164 3107 2197 3137 et
2217 3113 2313 3137 omne
2334 3103 2446 3135 vitium

1410 3177 1442 3209 et
1469 3176 1558 3217 quod
1584 3175 1744 3216 particeps
1771 3170 1841 3203 vitii
1873 3171 1923 3201 est
1953 3177 1961 3197 ε
1990 3166 2200 3199 indifferentia
2228 3152 2305 3197 vero
2324 3164 2447 3204 vitam,

1411 3236 1566 3275 mortem,
1595 3233 1746 3274 gloriam,
1776 3227 2004 3270 ignominiam,
2033 3225 2196 3263 laborem,
2225 3222 2446 3262 voluptatem,

1412 3294 1557 3332 divitias,
1574 3291 1793 3333 paupertatem
1806 3313 1814 3328 ‚
1842 3285 1987 3319 morbum
2000 3308 2010 3324 ‚
2029 3283 2195 3315 sanitatem
2213 3282 2245 3313 et
2262 3280 2377 3312 horum
2401 3279 2445 3310 si-

1415 3352 1512 3384 milia.
1557 3352 1718 3384 Caeterum
1747 3348 1904 3380 bonorum
1926 3344 1989 3376 alia
2018 3341 2155 3374 virtutes
2182 3348 2272 3378 esse,
2298 3338 2359 3369 alia
2381 3345 2446 3369 non

1410 3421 1490 3444 esse.
1536 3410 1659 3451 Quippe
1682 3405 1906 3449 prudentiam,
1932 3399 2195 3440 temperantiam,
2224 3396 2446 3430 fortitudinem

1412 3469 1546 3501 virtutes
1564 3477 1653 3506 esse3
1676 3465 1825 3507 gaudium
1842 3465 1950 3495 autem
1961 3483 1970 3500 ,
1990 3458 2132 3492 laetitiam
2148 3481 2157 3497 ‚
2174 3455 2338 3488 audaciam
2350 3479 2360 3496 ‚
2385 3462 2443 3486 vo-

1413 3529 1566 3560 luntatem
1586 3527 1620 3559 et
1641 3533 1715 3567 quae
1735 3524 1784 3556 liis
1807 3519 1921 3555 similia
1939 3519 2015 3552 sunt
2026 3525 2091 3550 non
2104 3524 2171 3550 esse
2183 3515 2328 3547 virtutes.
2370 3511 2446 3544 Vir-

2627 1570 2634 1577 *
2616 1327 2638 1559 1⁴'23=2h?·2‘{:t453‘13⁷33⁴v¹i2⁴²?.2=·2
2617 1251 2638 1319 1²:5⁴2.
2630 1239 2638 1241 a
2628 1212 2638 1227 μ
2633 1193 2638 1197 1
2620 1027 2638 1126 .=-?i—¹²:1;„.J
2625 976 2638 986 ’.
2635 932 2638 940 s
