2606 3828
298 243 375 276 410

324 310 327 314 Ι
350 338 397 364 37.
427 321 610 363 Διονυσίου
627 319 710 359 ποτὲ
727 316 903 372 ἐρομένου,
921 314 978 352 ἐπὶ
998 312 1030 351 τί
1046 312 1145 359 ἥκοι,
1157 312 1234 361 ἔφη’
1253 307 1340 348 Ἐπὶ

297 384 339 423 τὸ
358 382 571 435 μεταδώσειν
591 374 637 419 ὧν
654 379 744 432 ἔχει,
759 376 819 416 καὶ
836 372 1100 426 μεταλήψεσθαι
1118 365 1167 408 ὧν
1186 369 1235 420 μὴ
1251 367 1340 420 ἔχει.

298 443 413 484 Ἔνιοι
431 442 466 481 δὲ
484 440 616 494 (φασὶν)
635 439 742 481 οὕτως
758 433 1022 486 ἀποκρίνασθαι·
1045 428 1178 469 εΟπότε
1196 426 1258 479 μὲν
1282 441 1343 465 σο-

300 504 380 556 φίας
398 501 562 552 ἐδεόμην,
578 494 662 546 ἧκον
676 496 772 547 παρὰ
792 494 849 532 τὸν
866 490 1053 544 Σωκράτη·
1069 492 1127 528 νῦν
1145 488 1181 527 δὲ
1200 484 1345 540 χρημά-

300 578 369 602 των
388 561 547 611 δεόμενος
569 557 666 610 παρὰ
683 556 720 594 σὲ
741 554 831 602 ἥκω.

356 621 572 673 (Diogenes
591 614 767 654 Laertius
786 611 855 652 lib.
880 611 934 658 ll,
962 608 1123 659 77-78.)

355 695 402 720 38.
436 676 683 728 Κατεγίνωσκε
704 674 772 711 τῶν
793 669 987 722 ἀνθρώπων
1015 670 1061 712 ὡς
1076 667 1122 706 τὰ
1144 664 1252 712 σκεύη
1284 662 1345 715 μὲν

304 742 339 779 ἐν
359 744 436 782 ταῖς
457 734 658 788 ἀγορασίαις
686 730 907 771 σκοπούντων
924 759 935 778 ,
957 727 1036 772 τοὺς
1071 727 1107 766 δὲ
1142 726 1236 779 βίους
1270 725 1346 771 εἷκῆ

305 796 576 848 δοκιμαζόντων.
597 795 643 832 Οἱ
664 791 699 831 δὲ
719 794 819 830 τοῦτο
834 788 1016 841 Διογένους
1031 786 1129 841 φασί.

358 857 564 909 (Diogenes
583 852 759 891 Laertius
779 849 921 898 1ὶ1).,11,
943 847 1023 900 78.)

356 929 404 955 39.
437 912 509 953 Καί
529 927 614 952 ποτε
640 911 738 964 παρὰ
769 909 874 948 πότον
907 907 1135 951 κελεύσαντος
1165 904 1348 946 Διονυσίου

307 978 453 1015 ἕκαστον
476 975 511 1012 ἐν
531 976 692 1025 πορφυρᾷ
708 971 828 1016 ἐσθῆτι
843 968 1065 1022 ὀρχήσασθαι
1081 966 1193 1021 (φασὶ)
1211 965 1268 1004 τὸν
1286 964 1348 1016 μὲν

303 1034 483 1074 Πλάτωνα
501 1029 550 1083 μὴ
568 1030 760 1083 προσέσθαι
781 1027 923 1067 εἰπόντα
939 1042 948 1051 ·

409 1128 477 1160 Οὐκ
495 1127 531 1158 ἂν
545 1126 693 1167 δυναίμην
710 1125 801 1163 θῆλυν
816 1123 935 1155 ἐνδῦναι
953 1121 1077 1160 στολήν·

306 1208 367 1247 τὸν
393 1211 428 1251 δὲ
448 1210 673 1263 Ἀρίστιππον
691 1207 845 1248 λαὸόντα
862 1206 923 1246 καὶ
944 1205 1116 1258 μέλλοντα
1133 1203 1353 1257 ὀρχήσασθαι

309 1270 484 1323 εὐστόχως
505 1271 627 1308 εἰπεῖν·

637 1364 700 1396 Καὶ
721 1363 780 1406 γὰρ
793 1362 824 1395 ἐν
843 1361 1057 1404 βακχεύμασιν

412 1412 481 1445 οὖσ’
500 1413 519 1451 ἦ
539 1423 574 1453 γε
593 1411 724 1453 σώφρων
741 1411 776 1443 οὐ
793 1411 1045 1451 διαφθαρήσεται.

364 1495 570 1544 (Diogenes
596 1494 773 1532 Laertius
792 1492 864 1531 lib.
890 1491 952 1539 ll,
984 1493 1048 1543 78.
1071 1490 1201 1541 Prope
1221 1489 1354 1527 eodem

312 1553 429 1591 modo
443 1553 582 1592 Suidas
597 1568 636 1594 v.
653 1552 875 1606 Ἀρίστιππος
888 1567 896 1575 ·
915 1550 974 1588 καὶ
995 1549 1081 1600 πρὸς
1101 1548 1280 1589 Διονύσιον
1299 1548 1356 1586 τὸν

312 1611 476 1655 Σικελίας
493 1611 660 1664 τύραννον
677 1609 802 1662 ἐλθών,
823 1610 882 1648 καὶ
897 1609 1019 1658 πίνων,
1038 1607 1151 1659 ἐνίκα,
1169 1606 1230 1646 καὶ
1251 1605 1357 1659 ὀρχή-

311 1686 396 1713 σεως
426 1672 488 1717 τῆς
520 1670 628 1718 ἄλλης
657 1668 848 1722 κατῆρξεν,
880 1666 975 1711 ἐνδὺς
1013 1667 1143 1714 ἐσθῆτα
1185 1667 1353 1717 ἁλουργῆ.

313 1728 467 1767 Πλάτων
493 1727 529 1766 δὲ
552 1726 882 1781 προσκομιζομένης
900 1729 996 1780 αὐτῷ
1026 1729 1087 1773 τῆς
1116 1727 1242 1772 στολῆς
1263 1719 1357 1763 εἶπεν

312 1789 503 1841 Εὐριπίδου
530 1787 705 1839 ἷαμὸικά,
728 1789 805 1827 Οὐκ
836 1785 878 1824 ἂν
900 1785 1070 1836 δυναίμην
1096 1786 1202 1832 θῆλυν
1222 1785 1359 1823 ἐνδῦναι

314 1846 440 1894 στολήν
454 1876 464 1894 ,
500 1843 630 1900 Ἄῤῥην
667 1845 852 1899 πεφυκώς,
886 1845 944 1884 καὶ
977 1845 1096 1898 γένους
1133 1844 1166 1890 ἐξ
1202 1844 1356 1898 ἄῤῥενος.

313 1905 539 1958 Ἀρίστιππος
559 1905 595 1944 δὲ
617 1905 812 1956 δεξάμενος,
833 1905 893 1943 καὶ
909 1905 1060 1956 γελάσας
1080 1898 1155 1943 εἶπε
1174 1907 1233 1942 τοῦ
1253 1907 1358 1941 αὐτοῦ

312 1969 470 2013 ποιητοῦ,
484 1964 554 2004 Καὶ
569 1964 635 2017 γὰρ
651 1966 685 2003 ἐν
706 1963 952 2017 βακχεύμασιν
967 1963 1015 2003 ‘O
1030 1967 1106 2007 νοῦς
1122 1966 1139 2002 ὁ
1154 1962 1300 2016 σώφρων
1322 1964 1359 2000 οὖ

315 2024 602 2077 διαφθαρήσεται.
649 2024 729 2062 Pro
766 2024 959 2074 Dionysio
993 2023 1224 2061 Archelaum
1263 2035 1356 2074 per-

315 2096 445 2134 peram
473 2091 662 2121 memorat
685 2082 898 2132 Gregorius
933 2082 1199 2120 Nazianzenus
1231 2082 1359 2122 Carm.

322 2142 445 2181 lamb.
467 2141 592 2179 XVIII
617 2156 625 2179 :
645 2141 783 2188 Στολὴν
812 2145 987 2191 γυναικῶν
1009 2141 1197 2194 Ἀρχελάου
1217 2144 1275 2179 τοῦ
1302 2157 1360 2181 σο-

318 2205 382 2254 φοῦ
406 2201 505 2253 (leg.
526 2203 600 2245 τοῖς
623 2206 774 2253 σοφοῖς),
795 2203 855 2239 οὐκ
867 2193 930 2239 οἷδ’
947 2199 1039 2244 ὅπως
1059 2216 1097 2239 τε
1114 2200 1175 2239 καὶ
1194 2201 1237 2238 δι’
1252 2200 1360 2248 ἥντιν’

318 2259 449 2308 αἰτίαν,
474 2259 704 2313 δωρουμένου’
725 2260 877 2299 Πλάτων
897 2259 958 2310 μὲν
980 2261 1019 2298 οὗ
1039 2259 1262 2312 προσήκατο,
1281 2260 1360 2311 ἴαμ-

319 2319 378 2359 6ον
408 2318 515 2358 εἰπὼν
539 2318 673 2371 καίριον
710 2319 743 2364 ἐξ
778 2319 991 2371 Εὐριπίδου·
1012 2321 1091 2359 Οὐκ
1128 2319 1171 2357 ἂν
1191 2319 1363 2371 δυναίμην

360 2464 411 2495 37.
443 2461 656 2503 Interroganti
684 2461 855 2503 Dionysio,
882 2470 947 2503 quo
975 2461 1088 2496 ‚animo
1121 2461 1286 2501 venisset,
1318 2471 1365 2494 re·

320 2521 449 2562 spondit
466 2533 474 2553 ι
493 2523 536 2554 Ut
553 2529 629 2562 quae
639 2520 746 2552 habeo
761 2520 823 2560 cibi
842 2522 1045 2562 impertiam
1056 2544 1066 2561 ,
1083 2529 1161 2562 quae
1177 2528 1246 2553 non
1259 2520 1368 2553 habeo

321 2582 510 2622 accipiam.
543 2582 585 2612 At
614 2580 746 2621 quidam
772 2589 846 2612 eum
875 2580 922 2612 sic
958 2580 1159 2621 respondisse
1190 2580 1332 2613 referunt
1358 2590 1366 2613 :

323 2639 469 2677 Quando
481 2641 656 2681 sapientia
674 2640 835 2681 eqebam,
850 2641 925 2673 adii.
939 2642 1133 2681 socratem
1155 2649 1250 2674 nunc
1266 2649 1366 2682 pecu-

323 2701 384 2731 m'a
400 2707 500 2740 eqens
521 2699 568 2732 ad
587 2702 619 2732 te
640 2702 731 2733 veni.

368 2761 421 2791 38.
442 2759 686 2792 condemnabat
710 2759 833 2792 inertiae
848 2759 995 2793 homines
1018 2761 1049 2792 in
1072 2761 1266 2794 emtionibus
1291 2770 1369 2794 vasa

324 2815 489 2857 diligenter
503 2817 721 2857 inspicientes,
739 2826 904 2850 servorum
922 2820 1032 2851 autem
1047 2819 1250 2851 emticiorum
1267 2819 1368 2851 vitam

327 2874 440 2908 leviter
456 2876 667 2916 explorantes.
688 2878 810 2909 Verum
826 2876 879 2908 alii
890 2876 952 2909 hoc
967 2877 1116 2918 Diogenis
1131 2878 1228 2911 ruisse
1241 2879 1344 2919 ajunt.

369 2940 422 2970 39.
445 2939 553 2975 Quum
582 2937 753 2978 aliquando
769 2938 942 2979 Dionysius
966 2947 1061 2980 super
1077 2939 1188 2971 vinum
1206 2943 1238 2973 et
1262 2940 1372 2981 epulas

329 2994 469 3035 singulos
485 2994 517 3026 in
544 3004 702 3036 purpurea
719 2997 808 3027 veste
824 2996 941 3028 saltare
956 2996 1120 3037 jussisset,
1143 2997 1234 3038 ajunt
1265 2997 1369 3030 Plato·

329 3064 401 3089 nem
418 3055 532 3096 rejecta
549 3064 689 3096 purpura
705 3055 827 3088 dixisse
847 3067 856 3088 ι

454 3148 636 3179 Effeminata
652 3153 732 3179 veste
755 3157 818 3178 non
837 3156 959 3186 possum
972 3149 1068 3179 indui.

333 3247 451 3278 Contra
480 3247 678 3288 Aristippum
695 3247 900 3289 sumtasspalla
925 3247 1059 3289 jamjam
1084 3249 1273 3282 sanaturum
1297 3251 1375 3286 scite

333 3304 393 3336 hoc
410 3306 505 3338 modo
523 3306 666 3338 locutum
682 3315 750 3339 esse
767 3316 775 3339 2

739 3405 836 3436 Sacris
853 3413 910 3436 nec
927 3406 1028 3436 Liberi

459 3457 555 3486 Patris
569 3458 678 3494 pudica
694 3466 778 3489 mons
788 3480 796 3495 ‚
810 3461 885 3497 puto
895 3480 904 3497 ‚
920 3460 1141 3498 corrumpitur.

988 220 1403 265 CYBENAICORUM
1433 217 1755 258 FRAGMENTA
1765 248 1774 257 .

1406 308 1511 355 θῆλυν
1541 307 1678 346 ἐνδῦναι
1704 303 1847 351 στολήν.
1870 301 1970 355 υΟδ“,
1996 303 2044 355 ᾡς
2060 301 2101 342 τὸ
2126 300 2263 354 δώρημ’
2277 294 2381 349 ἦλθεν
2401 301 2451 345 ,οἷς

1406 367 1511 404 αὐτοῦ
1536 364 1642 419 χέρας
1655 394 1666 416 ,
1685 363 1845 418 φέροντος
1861 360 1982 414 ἀνδρός
1993 390 2004 410 ,
2027 360 2088 400 καὶ
2105 359 2292 414 προθύμως
2307 358 2454 411 λαμὸά-

1406 439 1476 473 νει,
1501 425 1563 464 καὶ
1593 424 1656 471 τὴν
1686 422 1815 475 ἷάμὸου
1842 421 2037 474 κομψότητ’
2057 418 2194 473 tapeto
2213 420 2360 473 βάλλει,
2380 418 2453 459 τόδ’

1407 483 1527 523 εἰπών·
1554 483 1628 523 Καὶ
1659 483 1726 537 γὰρ
1753 485 1787 522 ἐν
1819 480 2063 535 βακχεύμασιν
2099 473 2175 519 οῧσ’
2195 477 2220 527 ἥ
2245 494 2287 532 γε
2305 477 2454 532 σώφρων
2479 475 2483 479 ’

1411 545 1451 583 οὒ
1472 542 1765 596 διαφθαρήσεται.
1778 542 1967 580 Caeterum
1986 540 2034 578 de
2054 539 2189 579 eadem
2209 551 2252 578 re
2264 538 2345 590 agit
2364 537 2459 578 Sex·

1411 611 1472 642 tus
1488 603 1711 655 Empiricus
1729 602 1927 654 Pyrrhon.
1951 601 2100 652 Hypot.
2123 598 2198 648 111,
2218 599 2330 651 204.)

1462 679 1512 706 ⁴0.
1544 663 1716 716 Δεόμενός
1744 679 1829 703 ποτε
1856 663 1937 717 περὶ
1969 663 2072 714 φίλου
2101 660 2283 702 Διονυσίου
2317 659 2381 700 καὶ
2406 658 2458 709 μὴ

1411 725 1671 779 ἐπιτυγχάνων,
1688 726 1735 769 εἷς
1761 725 1873 768 πόδας
1898 725 2004 762 αὐτοῦ
2027 721 2145 762 πεσὼν
2173 721 2307 763 ἔπεισε.
2366 719 2463 773 Πρὸς

1411 778 1471 823 οῧν
1493 783 1551 823 τὸν
1581 782 1852 835 ἐπισκώψαντα,
1871 782 1950 822 Οὔκ
1969 780 2057 833 ἐγώ,
2076 779 2196 833 φησίν,
2216 778 2349 830 αἴτιος,
2371 775 2464 816 ἀλλὰ

1413 843 1591 888 Διονύσιος
1611 845 1629 880 ὃ
1649 843 1684 880 ἐν
1709 846 1781 885 τοῖς
1802 841 1885 879 ποσὶ
1907 841 1969 885 τὰς
1988 838 2094 883 ἀκοὰς
2113 838 2219 891 ἔχων.

1467 904 1675 954 (Diogenes
1685 901 1942 940 Laertiuslib.
1955 900 2009 947 11,
2024 914 2089 951 79.
2100 895 2459 937 SimiliterSuidas:

1414 962 1502 1014 ὑπὲρ
1531 962 1631 1016 φίλου
1663 961 1699 999 δὲ
1737 959 1856 1009 ἀξιῶν,
1879 958 1940 998 καὶ
1963 958 2013 1010 μὴ
2031 958 2232 1011 τυγχάνων,
2256 957 2326 995 τῶν
2346 955 2465 995 ποδῶν

1413 1021 1532 1075 ἥψατο
1551 1020 1612 1060 καὶ
1635 1020 1752 1060 ἔπεισε
1765 1050 1776 1071 ,
1794 1018 1854 1058 καὶ
1880 1020 1934 1058 Οὔ
1961 1016 2092 1065 ταύτης
2113 1015 2184 1068 ἐγὼ
2206 1018 2268 1063 τῆς
2282 1013 2469 1058 κολακείας

1415 1081 1543 1129 αἴτιος,
1564 1073 1673 1127 εἶπεν,
1698 1077 1789 1117 ἀλλὰ
1809 1077 1993 1123 Διονύσιος
2011 1107 2022 1126 ,
2039 1079 2057 1115 ὁ
2076 1077 2112 1114 ἐν
2130 1075 2255 1127 γόνασι
2273 1073 2335 1119 τὰς
2353 1071 2476 1117 ἀκοὰς·

1415 1141 1523 1192 ἔχων.
1564 1132 1730 1178 Restitui
1753 1147 1880 1176 autem
1905 1150 1994 1176 cum
2012 1135 2148 1176 Joach.
2170 1134 2330 1174 Kuhnio
2341 1131 2462 1172 πεσὼν

1418 1199 1534 1239 ἔπεισε
1577 1199 1681 1251 apud
1699 1189 1705 1195 ’
1726 1197 1925 1236 Laertium
1960 1210 2034 1249 pro
2075 1195 2234 1246 vulgata
2265 1193 2464 1245 scriptura

1418 1258 1555 1310 ἔπεσε.)

1476 1332 1526 1358 41.
1560 1315 1762 1369 Διατρίὸων
1799 1317 1839 1355 ἐν.
1859 1313 1959 1368 Ἀσίᾳ
1990 1313 2052 1366 καὶ
2076 1311 2219 1367 ληφθεὶς
2245 1311 2313 1352 ὑπὸ
2335 1313 2471 1366 Ἀρτα-

1419 1377 1542 1429 φέρνου
1571 1379 1632 1415 τοῦ
1661 1375 1865 1429 σατράπου,
1889 1374 1975 1427 πρὸς
2014 1371 2073 1411 τὸν
2106 1371 2271 1421 εἰπόντα,
2293 1370 2367 1411 Καὶ
2396 1363 2467 1410 «382

1419 1438 1576 1490 θαρρεἴς;
1598 1436 1694 1475 Πότε
1718 1435 1810 1489 γάρ,
1840 1428 1950 1482 εἶπεν,
1970 1425 2000 1471 ὦ
2020 1432 2170 1485 μάταιε,
2185 1430 2406 1485 Θαρῥήσαιμι
2430 1430 2473 1470 ἂν

1419 1496 1553 1545 μᾶλλον
1574 1494 1596 1541 ἢ
1617 1497 1693 1542 νῦν,
1713 1494 1771 1533 ὅτε
1793 1493 1913 1546 μέλλω
1933 1491 2148 1546 Ἀρταφέρνῃ
2170 1489 2414 1540 διαλέξασθαις

1473 1554 1692 1606 (Diogenes
1714 1554 1889 1592 Laertius
1911 1553 1982 1592 lib.
2005 1553 2057 1599 Π,
2081 1552 2169 1604 79.)

1474 1627 1525 1654 42.
1549 1612 1640 1657 Τοὺς
1651 1616 1721 1652 τῶν
1737 1612 1929 1665 ἐγκυκλίων
1944 1610 2196 1662 παιδευμάτων
2212 1625 2337 1662 μετασ·
2353 1608 2470 1658 ὄντας,

1422 1672 1628 1727 φιλοσοφίας
1650 1673 1686 1711 δὲ
1708 1672 1983 1725 ἀπολειφθέντας
2001 1670 2143 1722 ὁμοίους
2157 1668 2276 1722 ἔλεγεν
2295 1625 2385 1708 εἶξαι
2401 1674 2473 1712 τοῖς

1419 1736 1482 1780 τ’ἧς
1497 1731 1705 1780 Πηνελόπης
1723 1735 1939 1784 μνηστῆρσι·
1958 1730 2020 1769 καὶ
2039 1730 2108 1783 γὰρ
2126 1728 2277 1773 ἐκείνους
2293 1727 2471 1768 Μελανθὼ

1423 1791 1487 1843 μὲν
1504 1791 1564 1830 καὶ
1587 1791 1807 1845 Πολυδώραν
1826 1790 1889 1829 καὶ
1911 1790 1974 1835 τὰς
1996 1790 2106 1834 ἄλλας
2128 1786 2342 1842 θεραπαίνας
2361 1785 2470 1840 ἔχειν,

1422 1851 1539 1895 πάσας
1573 1850 1609 1888 δὲ
1643 1851 1780 1900 μᾶλλον
1800 1850 1823 1897 ἢ
1845 1849 1957 1898 αὐτὴν
1988 1848 2052 1897 τὴν
2084 1847 2270 1887 δέσποιναν
2303 1845 2473 1904 δύνασθαι

1422 1913 1550 1962 γ’ἥμαι.
1582 1912 1646 1963 Τῷ
1665 1910 1696 1948 δ’
1715 1909 1834 1962 ὅμοιον
1857 1909 1917 1949 καὶ
1946 1909 2130 1963 Ἀρίστων.
2161 1907 2234 1948 Τὸν
2253 1906 2323 1961 γὰρ
2339 1905 2473 1946 Ὀδυσ-

1424 1970 1505 2018 σέα,
1524 1969 1733 2008 καταὸάντα
1765 1971 1813 2012 εἷς
1843 1969 1951 2023 ᾅδου,
1974 1967 2053 2012 τοὺς
2073 1966 2135 2019 μὲν
2169 1965 2308 2020 νεκροὺς
2337 1964 2474 2010 πάντας

1424 2028 1548 2081 σχεδὸν
1569 2028 1767 2080 ἑωρακέναι
1793 2029 1854 2067 καὶ
1875 2027 2193 2081 συντετυχηκέναι,
2214 2024 2280 2074 τὴν
2309 2022 2346 2064 δὲ
2367 2025 2474 2079 βασί-

1424 2088 1550 2126 λισσαν
1572 2087 1683 2135 αὐτὴν
1706 2086 1755 2138 μὴ
1776 2091 1975 2126 τεθεᾶσθαι.

1481 2147 1688 2196 (Diogenes
1722 2146 1901 2185 Laertius
1931 2146 2004 2186 lib.
2038 2144 2093 2193 11,
2128 2158 2192 2195 79.
2230 2144 2342 2183 Bioni
2377 2143 2476 2183 hanc

1427 2206 1658 2244 sententiam
1694 2206 1833 2244 tribuit
1870 2205 2103 2244 Plutarchus
2133 2204 2182 2242 de
2208 2203 2327 2244 liber.
2359 2203 2472 2243 educ.

1427 2278 1513 2316 cap.
1531 2279 1592 2312 10,
1606 2265 1688 2304 vol.
1706 2264 1778 2302 Vll
1795 2279 1835 2316 p.
1852 2266 1900 2303 26
1915 2264 1978 2303 ed.
1995 2267 2152 2303 Hutten.
2171 2278 2180 2300 :
2200 2262 2348 2307 ἀστείως
2363 2261 2399 2301 δὲ
2417 2262 2477 2302 καὶ

1428 2324 1521 2363 Βίων
1539 2323 1654 2375 ἔλεγεν
1677 2326 1694 2361 ὁ
1714 2323 1921 2377 φιλόσοφος,
1941 2322 1996 2363 ὅτι
2016 2323 2136 2376 ὥσπερ
2158 2323 2190 2361 οἵ
2213 2323 2411 2376 μνηστῆρες
2428 2324 2474 2374 τῇ

1471 2465 1525 2495 40.
1549 2464 1658 2501 Quum
1678 2471 1736 2504 pro
1751 2463 1854 2495 amico
1871 2462 2034 2504 quondam
2047 2461 2237 2503 Dionysium
2253 2460 2478 2504 deprecaretur

1430 2528 1536 2561 neque
1554 2521 1664 2553 tamen
1682 2520 1805 2552 orando
1821 2519 1997 2562 quidquam
2012 2519 2270 2561 impetraret‚ad
2291 2519 2390 2561 pedes
2408 2517 2479 2560 eius

1430 2578 1620 2620 provolutus
1637 2579 1799 2612 homiuem
1820 2579 1919 2612 flexit.
1934 2579 2104 2612 cavillanti
2120 2579 2228 2620 igitur,
2242 2579 2320 2612 Non
2337 2587 2411 2620 eqo,
2429 2578 2478 2612 in·

1430 2638 1516 2678 quit,
1534 2638 1734 2679 culpandus
1754 2646 1851 2679 sum,
1868 2638 1929 2671 sed
1953 2640 2138 2680 Dionysius
2158 2640 2218 2681 qui
2235 2646 2341 2672 aures
2362 2639 2400 2672 in
2415 2647 2480 2682 pe-
2510 2629 2514 2634 ’

1430 2695 1533 2729 dibus
1551 2696 1668 2730 habet.

1472 2757 1524 2787 41.
1549 2757 1660 2794 Quum
1680 2755 1712 2788 in
1733 2755 1807 2788 Asia
1836 2764 2042 2789 commorans
2067 2756 2108 2788 ab
2126 2755 2326 2797 Artapherne
2351 2756 2481 2799 satrapa

1431 2814 1678 2855 comprehensus
1708 2816 1812 2855 esset,
1828 2814 2055 2856 interroganti,
2076 2823 2155 2847 num
2184 2814 2231 2847 ibi
2260 2814 2345 2848 bono
2371 2815 2480 2848 animo

1433 2872 1533 2913 soret,
1550 2873 1718 2914 respondit
1744 2886 1752 2906 :
1781 2874 1924 2915 quando
1950 2876 2062 2915 enim,
2092 2883 2112 2906 ο
2140 2874 2272 2916 stulte,
2289 2875 2480 2908 animosior

1432 2933 1514 2972 sim,
1536 2941 1644 2974 quam
1657 2932 1720 2966 hoc
1736 2933 1885 2974 tempore
1901 2941 1968 2974 quo
1984 2941 2065 2965 cum
2085 2932 2306 2974 Artapherne
2327 2933 2479 2967 collocu-

1435 2992 1537 3024 turus
1555 3000 1634 3024 sum
1645 2995 1664 3024 ι’

1474 3055 1526 3085 42.
1552 3055 1614 3086 Eos
1628 3054 1681 3094 qni
1699 3053 1899 3095 philosophia
1914 3054 2058 3094 neglecta
2068 3052 2246 3086 liberalium
2262 3053 2480 3087 doctrinarum

1434 3110 1548 3143 studiis
1568 3114 1738 3152 vacarent,
1757 3111 1932 3153 Penelopes
1950 3111 2055 3152 ajebat
2072 3111 2177 3152 procis
2189 3120 2260 3144 esse
2273 3111 2453 3145 simillimos
2469 3125 2478 3144 :

1436 3168 1506 3200 illos
1534 3170 1620 3202 enim
1650 3170 1812 3203 Melantho
1842 3171 1875 3202 et
1904 3170 2098 3211 Polydoram
2125 3171 2319 3211 caeterasque
2349 3170 2482 3203 ancillas

1436 3226 1570 3268 habere,
1587 3238 1762 3270 omnesque
1779 3230 1885 3271 potius
1900 3238 1999 3270 quam
2017 3229 2120 3271 ipsam
2136 3228 2300 3262 dominam
2316 3229 2481 3262 matrimo-

1435 3286 1487 3317 nio
1515 3286 1576 3319 sibi
1603 3288 1735 3328 iungere
1763 3288 1919 3329 potuisse.
1938 3288 2000 3321 Cui
2027 3287 2192 3329 geminum
2210 3287 2288 3320 illud
2307 3287 2480 3321 Aristonis.

1437 3344 1562 3385 Quippe
1581 3345 1708 3379 Ulixem
1720 3371 1730 3387 ,
1747 3356 1848 3388 quum
1867 3346 2086 3379 descendisset
2111 3346 2151 3378 ad
2179 3346 2295 3378 interos
2309 3369 2319 3386 ,
2337 3346 2483 3379 mortuos

1438 3402 1502 3435 sere
1520 3412 1633 3436 omnes
1651 3404 1771 3437 vidisse
1789 3414 1864 3437 cum
1892 3405 1995 3447 iisque
2019 3405 2212 3438 collocutum
2238 3413 2327 3444 osse,
2341 3405 2481 3446 reginam

1438 3469 1515 3493 vero
1531 3461 1633 3503 ipsam
1653 3472 1717 3496 non
1734 3464 1949 3505 conspexisse.
