2638 3840
6 1493 19 2282 ..>-.-..„-‚,........-..-..-—-—-—-—--—-—--—.
8 1454 13 1485 ,-

350 287 420 320 138
1172 272 1441 313 sopfflsTAE
1465 271 1649 311 GRAECI.

335 369 605 421 Xenophontis
629 368 773 419 Cyn-op.
795 366 900 411 Vlll,
930 367 967 410 8,
1005 364 1049 400 16
1082 363 1130 400 de
1152 362 1247 400 luxu
1276 361 1372 399 Per-
1406 372 1411 396 ι
1438 361 1485 402 εἷς
1505 359 1524 398 ὃ
1542 366 1612 398 πᾶν
1630 359 1750 412 συῤῥεῖ
1766 359 1806 397 τὸ
1820 361 1882 406 τῆς
1899 357 2033 411 φύσεως
2050 357 2215 411 ἐπίκηρον
2228 358 2288 398 καὶ
2301 357 2472 404 δυσαλθίς

334 442 459 466 sarum
486 442 493 466 :
518 427 656 469 ἐκείνοις
678 427 743 477 γὰρ
773 427 908 477 πρῶτον
931 422 993 472 μὲν
1013 420 1074 465 τὰς
1095 420 1193 463 εὐνὰς
1212 422 1250 459 οὖ
1273 419 1375 471 μόνον

336 490 435 539 ἀρκεῖ
455 488 621 538 μαλακῶς
644 485 964 536 ὑποστρώννυσθαι,
1002 480 1079 520 ἀλλ’
1113 480 1182 528 ἤδη
1214 479 1274 517 καὶ
1306 481 1375 517 τῶν

335 547 461 584 κλινῶν
492 545 568 589 τοὺς
601 544 708 586 πόδας
741 543 796 581 ἐπὶ
825 541 979 579 ταπίδων
1012 538 1182 587 τιθέασιν,
1201 537 1296 581 ὅπως
1326 536 1376 588 μὴ

336 606 514 658 ἀντερείδῄ
542 604 581 643 τὸ
614 603 777 648 δάπεδον,
809 599 883 638 ἀλλ’
916 597 1103 637 ὑπείκωσιν
1139 599 1174 635 αἱ
1215 595 1373 641 ταπίδες.

335 666 447 704 Conf.
472 664 646 715 Xenoph.
667 663 777 711 Ages.
795 673 827 698 e.
848 657 908 710 9.)

390 738 419 764 ⁴2.
451 724 497 762 Τί
519 724 618 774 μέρος
634 725 647 742 ⁸
668 722 728 765 τῆς
748 716 883 764 ἡλικίας
910 715 1051 768 ἄμοιρον
1079 716 1148 752 τῶν
1177 716 1327 767 ἀνιαρῶν
1342 712 1375 765 ¹²3

338 785 375 822 οὐ
399 781 489 821 κατὰ
515 781 577 831 μὲν
602 779 664 826 τὴν
684 777 826 830 πρώτην
850 774 983 826 γένεσιν
1015 773 1054 812 τὸ
1082 773 1203 821 νήπιον
1237 773 1375 820 κλαίει,

338 844 399 879 τοῦ
423 843 483 887 ζῆν
502 839 569 877 ἀπὸ
586 838 697 883 λύπης
719 835 932 888 ἀρχόμενονς
960 835 998 872 οὖ
1027 833 1185 872 λείπεται
1208 837 1287 882 γοῦν
1317 834 1376 870 οὖ-

337 901 456 950 δεμιᾶς
478 896 681 948 ἀλγηδόνος,
713 893 826 940 ἀλλ’ἢ
849 894 891 931 δι’
915 891 1046 931 ἔνδειαν
1068 891 1089 939 ἢ
1111 890 1332 944 περιψυγμὸν
1353 889 1375 936 ἢ

337 958 465 1000 θάλπος
484 956 505 1002 ἢ
522 954 659 1006 πληγὴν
679 954 863 1002 ὀδυνᾶται,
885 953 1036 998 λαλῆσαι
1061 950 1123 1002 μὲν
1150 950 1247 990 οὔπω
1273 949 1377 988 δυνά-

338 1032 438 1067 μενον
460 1015 481 1053 a
501 1014 653 1065 πάσχει,
678 1011 1017 1064 κλαυθμυριζόμενον
1039 1009 1075 1049 δὲ
1093 1010 1151 1048 καὶ
1167 1009 1298 1057 ταύτην
1317 1014 1379 1057 τῆς

336 1073 618 1127 δυσαρεστήσεως
651 1071 734 1122 μίαν
767 1070 847 1123 ἔχον
887 1070 1019 1124 φωνήν.
1077 1069 1234 1110 (Οπόταν
1267 1068 1303 1107 δὲ
1332 1071 1378 1113 εἷς

335 1134 397 1181 τὴν
418 1131 601 1171 ἑπταετίαν
632 1129 799 1183 ἀφίκηται
821 1129 970 1174 πολλοὺς
994 1128 1116 1173 πόνους
1150 1129 1376 1176 διαντλῆσαν,

336 1191 530 1238 ἐπέστησαν
551 1189 768 1240 παιδαγωγοὶ
786 1189 845 1227 καὶ
864 1189 1132 1241 γραμματισταὶ
1163 1187 1223 1226 καὶ
1253 1189 1378 1226 παιδο-

336 1250 452 1300 τρίὸαι
474 1253 732 1302 τυραννοῦντες·
755 1248 980 1301 αὖξανομένῳ
997 1247 1033 1286 δὲ
1053 1247 1203 1299 κριτικοί
1215 1277 1224 1295 ,
1241 1247 1379 1298 γεωμέ-

334 1325 435 1363 τραι,
454 1307 631 1356 τακτικοί,
655 1309 786 1354 πλῆθος
818 1309 1010 1346 δεσποτῶν.
1067 1305 1236 1345 Ἐπειδὰν
1268 1305 1302 1343 δὲ
1333 1307 1380 1350 εἷς

333 1368 411 1413 τοὺς
424 1368 571 1421 ἐφήὸους
581 1366 814 1420 ἐγγραφῇ,κα“ι
829 1366 933 1419 φόὸος
948 1365 1076 1418 χείρων
1090 1360 1166 1414 ἦνΰ,
1179 1365 1379 1405 τὸ’Λύκειον

335 1427 395 1466 καὶ
412 1424 607 1475 Ἀκαδημία
621 1424 680 1463 καὶ
696 1423 961 1476 γυμνασιαρχία
975 1423 1034 1461 καὶ
1051 1423 1172 1477 ῥάὸδοι
1187 1423 1248 1462 καὶ
1263 1425 1380 1462 κακῶν

335 1484 500 1538 ἀμετρία.
559 1483 632 1523 Καὶ
653 1490 720 1527 πᾶς
746 1486 763 1521 ὁ
790 1487 850 1521 τοῦ
874 1483 1104 1535 μειρακίσκου
1133 1482 1258 1536 χρόνος
1286 1482 1380 1522 ἐστὶν

335 1544 402 1582 ὑπὸ
419 1542 655 1596 σωφρονιστὰς
674 1542 765 1581 κατὰ
785 1542 848 1590 τὴν
863 1542 922 1581 ἐπὶ
936 1542 1013 1586 τοὺς
1029 1542 1124 1586 νέους
1141 1540 1273 1594 αἵρεσιν
1288 1541 1306 1566 ‘¹
1319 1546 1382 1590 τῆς

336 1603 370 1647 ἐξ
404 1603 534 1655 Ἀρείου
573 1601 686 1652 πάγου
724 1603 865 1653 βουλῆς.
937 1601 1104 1640 Ἐπειδὰν
1142 1600 1178 1639 δὲ
1222 1602 1380 1655 ἀπολυθῇ

335 1659 478 1709 τούτων,
499 1660 674 1713 φροντίδες
703 1660 863 1711 ἄντικρυς
882 1659 1058 1699 ὑπέδυσαν
1078 1659 1138 1698 καὶ
1160 1660 1381 1711 διαλογισμοὶ

335 1720 412 1759 τίνα
438 1736 489 1763 τις
507 1723 566 1758 τοῦ
599 1719 673 1771 βίου
691 1720 766 1758 ὁδὸν
800 1719 1030 1770 ἐνστήσεται,
1049 1719 1109 1758 καὶ
1139 1726 1209 1763 τοῖς
1239 1720 1380 1773 ὕστερον

335 1780 501 1833 χαλεποῖς
535 1778 643 1829 ἐφάνη
675 1778 719 1816 τὰ
749 1781 872 1831 πρῶτα
896 1779 1049 1835 7παιδικὰ
1075 1778 1135 1817 καὶ
1170 1778 1304 1826 νηπίων
1335 1781 1382 1822 ὡς

337 1840 474 1886 ἀληθῶς
493 1837 663 1890 φόὸητρα·
685 1837 867 1890 στρατεῖαί
886 1854 924 1876 τε
940 1837 1008 1890 γὰρ
1025 1837 1085 1876 καὶ
1104 1838 1291 1889 τραύματα
1323 1837 1382 1877 καὶ

337 1902 491 1949 συνεχεῖς
522 1899 664 1948 ἀγῶνες,
724 1890 814 1936 Εἶτα
845 1897 948 1936 λαθὸν
980 1898 1168 1944 ὑπεισῆλθε
1189 1896 1229 1935 τὸ
1249 1900 1380 1949 γῆρας,

380 2034 410 2061 2.
435 2031 514 2066 Quae
535 2029 610 2061 vitae
637 2029 803 2060 hominum
828 2037 899 2068 pars
917 2029 1072 2061 molestiis
1097 2031 1332 2061 vacati’nonne
1350 2029 1399 2060 in-

337 2097 407 2129 ipso
418 2087 510 2128 quasi
526 2090 617 2118 ortus
635 2085 793 2118 vestibulo
810 2086 914 2117 infans
931 2086 1034 2126 plorat
1052 2087 1214 2127 vitamque
1232 2096 1252 2119 a
1270 2087 1381 2120 dolore

338 2145 538 2186 auspicatur?
568 2144 695 2184 Quippe
725 2152 744 2175 a
777 2143 865 2175 nullo
892 2144 1036 2176 cruciatu
1060 2144 1215 2177 immunis
1237 2147 1304 2185 est,
1325 2146 1382 2178 sed

340 2204 388 2236 vel
409 2213 516 2236 rerum
536 2203 785 2234 necessariarum
802 2203 946 2243 penuria,
966 2203 1015 2235 vel
1037 2203 1163 2244 frigore,
1185 2204 1235 2236 vel
1263 2205 1381 2245 calore,

339 2261 387 2293 vel
408 2262 498 2302 plaga
519 2261 625 2302 aliqua
644 2262 804 2302 turbatur,
822 2271 922 2302 quum
949 2265 1055 2293 tamen
1076 2263 1222 2295 nondum
1244 2263 1302 2295 fari
1323 2273 1382 2296 nec

340 2329 412 2362 quoe
444 2321 582 2362 patiatur
612 2320 783 2362 declarare,
807 2321 863 2353 sed
894 2322 963 2354 solo
992 2322 1100 2362 vagitu
1129 2324 1228 2363 atque
1263 2323 1383 2363 ejulatu

341 2381 630 2412 moestitiam’suam
649 2380 828 2421 siguificare
852 2381 962 2420 possit.
1008 2382 1131 2414 Deinde
1150 2382 1205 2414 ubi
1231 2383 1271 2415 ad
1289 2383 1385 2424 septi·

343 2449 430 2471 mum
449 2448 568 2471 annum
586 2439 696 2471 multis
720 2440 882 2471 laboribus
900 2440 1071 2472 exantlatis
1084 2443 1285 2483 pervenerit,
1305 2451 1383 2483 prae·

341 2499 504 2537 ceptores,
523 2497 699 2530 literatores
723 2499 755 2529 et
779 2498 989 2538 ludimagistri
1009 2508 1083 2532 cum
1106 2500 1228 2532 crudeli
1250 2501 1384 2542 imperio

341 2555 370 2586 ei
400 2555 631 2595 praeficiuntur,
657 2555 851 2588 adolescenti
881 2566 957 2589 vero
987 2558 1108 2597 critici,
1131 2560 1315 2600 geometrae,
1341 2561 1383 2592 rei

344 2613 488 2644 militaris
516 2613 680 2653 doctores,
715 2615 853 2655 denique
883 2616 1005 2657 reliqua
1043 2617 1247 2650 dominorum
1277 2618 1383 2651 turba.

344 2677 514 2714 Postquam
533 2675 640 2706 autem
660 2675 693 2706 in
712 2675 908 2715 epheborum
930 2686 1100 2710 numerum
1127 2679 1283 2719 ascriptus
1305 2680 1354 2711 est
1374 2688 1383 2710 :

344 2734 411 2764 tum
443 2741 519 2764 vero
546 2733 674 2772 gravior
700 2738 804 2766 metus
836 2735 974 2778 ingruit,
1004 2738 1166 2778 Lyceum,
1193 2738 1383 2780 Academia,

345 2791 593 2831 gyrnnasiarcliae
609 2792 771 2832 severitas,
788 2793 1003 2833 virgae,nimia
1016 2795 1173 2826 malorum
1186 2796 1383 2836 magnitudo.

343 2850 391 2882 Ita
410 2857 504 2880 omne
522 2849 732 2882 adolescentis
750 2852 876 2891 tempus
905 2852 966 2884 sub
991 2853 1232 2886 moderatorum
1254 2855 1385 2887 illorum

346 2907 477 2947 imperio
493 2916 532 2938 ex
550 2910 702 2948 Areopagi
718 2918 789 2950 erga
800 2909 1001 2949 juventutem
1016 2911 1181 2944 voluntate
1195 2913 1383 2946 traducitur.

346 2967 387 2998 At
403 2974 503 3005 quum
517 2965 566 2996 his
584 2966 736 2998 molestiis
755 2968 875 2999 levatus
892 2970 956 3007 est,
971 2968 1136 3000 manifesto
1152 2969 1295 3002 animum
1309 2980 1386 3003 cura

345 3027 378 3057 et
395 3025 544 3065 cogitatio
560 3025 600 3056 de
617 3025 690 3057 vitoe
706 3034 821 3065 genere
846 3026 989 3066 eligendo
1006 3027 1107 3068 subit,
1130 3028 1173 3060 ita
1197 3031 1232 3061 ut
1260 3030 1385 3071 priores

347 3084 409 3116 illae
439 3084 644 3115 difficultates
677 3093 752 3116 cum
777 3085 1004 3124 posterioribus
1030 3089 1222 3127 comparatae
1253 3090 1387 3129 pueriles

346 3143 440 3182 plane
455 3146 487 3174 et
502 3151 614 3174 revera
630 3142 798 3174 infantium
815 3144 1072 3176 terriculamenta
1089 3145 1267 3180 videantur.
1285 3150 1386 3189 Expe-

347 3201 482 3232 ditiones
500 3201 584 3233 enim
597 3202 631 3232 et
644 3201 777 3232 vulnera
791 3204 823 3233 et
837 3204 988 3243 perpetua
1005 3205 1179 3236 certamina
1195 3210 1384 3246 sequuntur.

347 3262 431 3292 Hinc
458 3261 603 3292 inscienti
632 3261 757 3301 obrepit
775 3263 938 3302 senectus,
951 3263 982 3294 in
1002 3272 1098 3304 quam
1114 3266 1218 3297 omnis
1239 3267 1387 3300 humanae

346 3321 468 3350 naturae
486 3319 635 3359 fragilitas
651 3322 749 3360 atque
766 3319 819 3351 illa
838 3320 987 3353 remediis
1006 3331 1089 3362 aegre
1103 3323 1219 3356 cedens
1241 3325 1387 3358 imbecil-

348 3376 420 3408 litas
448 3378 590 3409 conlluit.
635 3378 729 3416 Quod
758 3378 818 3410 nisi
839 3379 912 3419 quis
930 3380 1025 3412 citius
1050 3381 1147 3412 debiti
1167 3382 1268 3414 instar
1287 3384 1386 3417 vitam

347 3438 469 3467 naturae
493 3436 685 3478 reddiderit,
704 3436 774 3469 haec
790 3438 942 3478 tanquam
961 3439 1146 3471 foeneratrix
1159 3440 1280 3473 instans
1291 3444 1387 3483 atque

348 3501 461 3534 urgens
475 3495 562 3527 velut
575 3495 687 3535 pignus
705 3495 746 3528 ab
764 3495 825 3528 alio
843 3497 959 3537 visum,
975 3495 1015 3530 ab
1029 3496 1096 3531 alio
1113 3498 1281 3540 auditum,
1295 3509 1382 3542 saepe

1442 418 1516 458 Κᾶν
1557 418 1606 469 μή
1640 434 1690 462 τις
1722 421 1844 456 θᾶττον
1876 420 1922 460 ὡς
1950 416 2051 469 χρέος
2082 418 2239 471 ἀποδιδῷ
2268 418 2308 458 τὸ
2335 420 2414 468 ζῆν,
2438 421 2487 464 ὣς
2525 420 2528 422 ’

1438 476 1662 521 ὀὸολοστάτις
1678 480 1699 523 ἡ
1718 477 1816 530 φύσις
1835 477 2011 514 ἐπιστᾶσα
2027 477 2226 529 ἐνεχυράζει
2239 480 2299 517 τοῦ
2316 476 2380 528 μὲν
2393 476 2486 531 ὄψιν,

1438 540 1498 574 τοῦ
1519 535 1554 574 δὲ
1573 535 1696 584 ἀκοήν,
1718 534 1886 579 πολλάκις
1903 534 1939 574 δὲ
1960 534 2079 589 ἄμφω.
2138 534 2218 575 Κᾶν
2234 536 2396 588 ἐπιμείνῃ
2416 552 2484 586 τις,

1438 594 1646 647 παρέλυσεν,
1680 595 1908 642 ἐλωὸήσατο,
1936 594 2200 647 παρήρθρησεν.
2256 593 2488 636 'Allonem-

1440 653 1582 705 λυγήρῳ
1604 653 1821 703 ἀκμάζουσι,
1841 652 1901 690 καὶ
1919 654 1969 705 τῷ
1985 654 2033 704 νῷ
2050 652 2099 696 δὶς
2123 653 2245 698 παῖδες
2271 656 2304 693 οἳ
2330 653 2487 707 γέροντες

1438 712 1628 764 γίγνονται.
1647 711 1718 751 Διὰ
1735 715 1837 750 τοῦτο
1853 711 1914 750 καὶ
1928 713 1959 750 οἱ
1977 711 2046 751 θεοὶ
2066 713 2136 750 τῶν
2165 711 2389 765 ἀνθρωπείων
2407 714 2489 752 ἱκε-

1439 771 1626 823 στήμονες,
1658 770 1715 815 οὒς
1745 770 1787 809 ἂν
1830 771 1911 823 περὶ
1943 770 2109 810 πλείστου
2141 775 2333 823 ποιῶνται,
2363 775 2488 813 θᾶττον

1438 831 1702 871 ἀπαλλάττουσι
1731 833 1790 868 τοῦ
1820 832 1899 877 ζῆν.
1971 829 2169 881 Ἀγαμήδης
2193 834 2276 883 γοῦν
2297 829 2358 871 καὶ
2386 832 2489 885 Τρο-

1438 891 1561 944 φώνιος
1581 892 1611 928 οἱ
1633 889 1837 940 δειμάμενοι
1860 889 1899 928 τὸ
1919 891 2032 929 Πυθοῖ
2053 893 2112 928 τοῦ
2142 893 2219 930 θεοῦ
2237 890 2403 943 τέμενος,
2429 891 2487 930 εὗο

1438 949 1579 1001 ξάμενοι
1610 948 1650 986 τὸ
1685 948 1870 1001 κράτιστον
1903 950 2018 994 αὐτοῖς
2048 948 2234 1001 γενέσθαι,
2265 949 2490 1002 κοιμηθέντες

1438 1008 1550 1048 οὐκέτ’
1586 1007 1796 1055 ἀνέστησαν·
1826 1006 1862 1046 οἵ
1885 1023 1922 1046 τε
1953 1010 2015 1055 τῆς
2045 1007 2203 1060 Ἀργείας
2233 1008 2360 1062 ἱερείας
2387 1010 2489 1058 υἱεῖς,

1439 1067 1566 1119 ὁμοίως
1586 1065 1774 1118 εὐξαμένης
1804 1067 1921 1111 αὐτοῖς
1940 1069 2001 1114 τῆς
2030 1066 2159 1120 μητρὸς
2179 1067 2340 1118 γενέσθαι
2371 1082 2406 1106 τι
2424 1070 2492 1116 τῆς

1442 1124 1618 1169 εὗσεὸείας
1636 1124 1736 1177 παρὰ
1756 1127 1817 1172 τῆς
1836 1123 1954 1178 ἽΙρας
1971 1124 2095 1178 γέρας,
2114 1124 2235 1174 ἐπειδὴ
2259 1129 2324 1165 τοῦ
2354 1125 2491 1178 ζεύγους

1439 1185 1696 1238 ὑστερήσαντος
1715 1184 1901 1229 ὑποδύντες
1921 1184 2019 1223 αὐτοὶ
2039 1184 2226 1236 διήνεγκαν
2243 1185 2352 1232 αὐτὴν
2368 1184 2489 1231 εἷςτὸν

1439 1243 1540 1294 νεών,
1558 1242 1647 1294 μετὰ
1663 1241 1725 1290 τὴν
1743 1242 1850 1296 εὐχὴν
1870 1243 1968 1282 νυκτὶ
1990 1243 2226 1295 μετήλλαξαν.
2284 1243 2430 1297 Μακρὸν
2446 1242 2490 1284 ἂν

1441 1302 1494 1350 εἴη
1516 1301 1677 1348 διεξιέναι
1706 1302 1751 1341 τὰ
1775 1304 1843 1340 τῶν
1865 1306 2033 1351 ποιητῶν,
2052 1302 2084 1342 οἳ
2103 1303 2280 1355 ποιήμασι
2307 1302 2491 1357 θειοτέροις

1440 1361 1485 1400 τὰ
1513 1362 1595 1414 περὶ
1623 1361 1684 1400 τὸν
1713 1360 1786 1414 βίον
1817 1363 2084 1415 Θεσπιῳδοῧσιν,
2105 1365 2152 1406 ὡς
2171 1363 2426 1416 κατοὸὗρονται
2449 1363 2492 1402 τὸ
2515 1389 2518 1391 -

1442 1423 1516 1468 ζῆν·
1536 1420 1608 1464 ἑνὸς
1638 1419 1674 1459 δὲ
1701 1420 1805 1471 μόνου
1828 1421 2081 1473 μνησθήσομαι
2102 1424 2162 1461 τοῦ
2190 1421 2490 1475 ἄξιολογωτάτου,
2523 1456 2528 1459 .

1440 1481 1620 1532 λέγοντος,

1494 1539 1542 1584 ὣς
1560 1539 1573 1563 ¹
1597 1539 1664 1592 γὰρ
1685 1539 1928 1579 ἐπεκλώσαντο
1945 1540 2014 1580 θεοὶ
2041 1541 2184 1581 δειλοῖσι
2203 1542 2381 1595 βροτοῖσιν

1496 1599 1594 1646 ζώειν
1622 1599 1848 1653 ἀχνυμένοις,

1444 1658 1504 1698 καὶ

1497 1718 1536 1756 οὗ
1555 1721 1572 1746 ⁸
1593 1716 1654 1768 μὲν
1674 1717 1743 1771 γάρ
1760 1717 1796 1756 τί
1813 1716 1879 1756 πού
1900 1719 1992 1756 ἐστιν
2013 1717 2236 1772 ὀϊζυρώτερον
2256 1718 2382 1772 ἀνδρὸς

1499 1775 1639 1821 πάντων
1659 1776 1748 1816 ὅσσα
1766 1793 1804 1815 τε
1821 1783 1925 1829 γαῖαν
1946 1778 2116 1816 ἐπιπνείει
2132 1794 2169 1816 τε
2189 1779 2248 1817 καὶ
2266 1777 2379 1831 ἕρπει.

1447 1835 1518 1875 Τὸν
1536 1836 1566 1874 δ’
1589 1835 1867 1888 Ἀμφιάραον-τί
1894 1850 2025 1889 φησιν;

1498 1898 1557 1936 τὸν
1571 1896 1590 1920 ¹¹
1605 1899 1685 1951 περὶ
1700 1901 1782 1951 κ’ἥρι
1803 1898 1894 1951 φίλει
1908 1898 1995 1943 Ζεύς
2007 1901 2039 1936 τ’
2061 1898 2216 1952 αἰγίοχος
2237 1899 2296 1939 καὶ
2314 1899 2493 1940 Ἀπόλλων

1446 2031 1544 2062 etiam
1558 2031 1735 2071 utrumque
1749 2030 1865 2064 aufert.
1911 2034 1953 2063 At
1965 2031 1992 2063 si
2005 2032 2079 2072 quis
2092 2031 2214 2064 diutius
2226 2034 2355 2066 maneat
2367 2033 2401 2066 in
2413 2033 2494 2074 vita,

1447 2089 1516 2129 ejus
1530 2090 1675 2121 membra
1689 2089 1844 2130 debilitat,
1860 2091 2001 2130 mutilat,
2011 2100 2111 2132 prope
2123 2091 2226 2124 luxat.
2240 2093 2323 2125 Sunt
2333 2092 2389 2134 qui
2401 2101 2494 2135 gran-

1445 2148 1530 2180 daevi
1550 2149 1736 2190 corporibus
1755 2150 1881 2189 vigeant
1907 2158 2062 2191 senesque
2081 2150 2189 2182 animo
2210 2151 2260 2183 his
2287 2152 2376 2192 pueri
2404 2151 2494 2185 finnt.

1446 2206 1664 2244 Quamobrem
1694 2206 1790 2241 etiam
1813 2207 1879 2246 dii,
1895 2216 2002 2250 rerum
2030 2208 2246 2242 humanarum
2267 2209 2496 2252 intelligentes,

1446 2274 1530 2306 quos
1548 2266 1679 2297 maximi
1701 2265 1835 2306 faciunt,
1849 2266 1904 2298 eos
1922 2266 2019 2298 citius
2032 2267 2188 2308 emigrare
2200 2277 2219 2300 e
2231 2269 2299 2301 vita
2311 2269 2493 2311 patiuntur.

1445 2327 1527 2358 Nam
1564 2325 1742 2366 Agamedes
1767 2326 1800 2358 et
1829 2326 2040 2367 *Trophonius
2069 2335 2172 2368 quum
2200 2327 2308 2369 Pythii
2337 2329 2495 2370 Apollinis

1446 2378 1602 2425 templum
1620 2384 1924 2426 exaedifioevissent‚
1940 2386 2058 2426 precati
2080 2386 2160 2419 adeo
2173 2388 2210 2420 ut
2229 2386 2316 2428 quod
2330 2388 2492 2429 optimum

1446 2444 1530 2474 esset
1551 2442 1629 2483 ipsis
1650 2442 1867 2482 contingeret,
1888 2444 2059 2484 postquam
2082 2453 2198 2477 somno
2219 2453 2255 2478 se
2274 2445 2413 2487 dedere,
2431 2454 2496 2479 non

1446 2500 1586 2540 amplius
1605 2502 1827 2533 surrexerunt.
1849 2501 1938 2533 Idem
1957 2502 2085 2542 Argivae
2097 2502 2275 2536 sacerdotis
2290 2503 2363 2536 filiis
2374 2504 2495 2545 evenit,

1449 2558 1503 2590 ubi
1531 2559 1670 2600 primum
1694 2568 1807 2592 eorum
1833 2562 1937 2592 mater
1957 2562 2118 2593 Junonem
2144 2564 2293 2594 venerata
2314 2561 2496 2596 similitera

1450 2617 1509 2650 dea
1528 2618 1652 2659 petivit,
1669 2621 1705 2650 ut
1722 2618 1795 2651 filiis
1817 2619 1886 2651 suis
1909 2619 2036 2659 pietatis
2052 2620 2220 2661 praemium
2243 2620 2345 2654 daret.
2385 2623 2496 2660 Quum

1448 2677 1536 2708 enim
1563 2677 1709 2717 jumenta
1739 2677 1772 2709 iu
1805 2678 1953 2719 tempore
1981 2687 2046 2710 non
2079 2678 2259 2719 venissent,
2280 2679 2342 2720 ipsi
2364 2688 2496 2712 currum

1452 2735 1620 2768 subierunt
1639 2737 1840 2777 matremque
1859 2736 1900 2769 ad
1917 2736 2027 2769 fanum
2041 2737 2258 2776 advexerunt.
2273 2737 2328 2770 sed
2342 2739 2416 2779 post
2427 2738 2502 2772 illas
2529 2745 2535 2753 ·

1449 2803 1561 2836 preces
1580 2797 1674 2827 nocte
1690 2797 1907 2837 exspirarunt.
1934 2797 2082 2836 Longum
2103 2797 2153 2828 est
2172 2796 2356 2838 explanare,
2368 2806 2432 2838 qua
2447 2805 2498 2830 ra·

1448 2853 1533 2886 tione
1549 2857 1665 2895 poetae,
1679 2854 1795 2887 divinis
1807 2855 2002 2887 carminibus
2016 2857 2191 2898 vaticinati,
2208 2857 2308 2890 vitam
2321 2857 2495 2891 humanam

1448 2913 1627 2954 deplorent,
1670 2914 1733 2948 sed
1761 2915 1855 2946 unius
1880 2916 2009 2947 tantum
2029 2916 2208 2948 carminum
2228 2916 2404 2950 conditoris
2426 2925 2495 2950 me·

1451 2972 1556 3004 moria
1585 2973 1762 3013 dignissimi
1801 2973 1997 3006 mentionem
2027 2974 2163 3016 faciam,
2191 2976 2285 3017 cuius
2313 2976 2383 3009 haec
2419 2977 2496 3010 sunt

1450 3031 1546 3063 verba
1563 3040 1572 3063 :

1493 3109 1601 3145 Quam
1621 3109 1730 3149 superi
1750 3109 1903 3141 miserum
1923 3111 2047 3142 stamen
2066 3111 2255 3143 mortalibus
2273 3112 2336 3144 aevi

1492 3175 1629 3208 nevere,
1650 3171 1686 3200 ut
1707 3167 1775 3200 vivi
1791 3167 1937 3200 deflenda
1957 3177 2013 3209 per
2032 3169 2139 3201 omnia
2155 3169 2293 3210 durent,

1449 3227 1481 3257 et

1491 3285 1541 3317 Nil
1565 3286 1664 3326 magis
1679 3285 1789 3318 infelix
1810 3270 1906 3318 fuerit
1924 3286 2113 3319 mortalibus
2134 3287 2227 3328 aegris

1491 3352 1509 3375 e
1524 3346 1648 3376 cunctis
1666 3348 1782 3376 terram
1796 3354 1870 3385 quae
1885 3353 1984 3386 supra
2006 3345 2147 3386 fiantque
2163 3349 2346 3387 meantque.

1450 3427 1497 3458 De
1515 3427 1709 3467 Amphiarao
1726 3436 1804 3460 vero
1820 3427 1896 3469 quid
1915 3429 1959 3459 ait
1977 3437 1987 3459 τ

1491 3504 1638 3544 Juppiter
1654 3504 1740 3536 bunc
1758 3505 1833 3537 totis
1850 3505 1965 3537 animis
1977 3529 1986 3545 ,
2001 3504 2087 3537 huuc
2102 3505 2243 3538 Phoebus
2262 3505 2410 3547 amabat,
