2638 3840
1492 3618 1706 3672 TIMAEus
1196 3616 1464 3657 PLAToNts.
1016 3624 1018 3626 «
804 3612 815 3617 ,
505 3637 510 3642 ·
391 3608 455 3643 157

2422 3525 2516 3567 mane
2311 3535 2399 3560 uero
2143 3527 2282 3569 quodam
2008 3537 2114 3570 surore
1888 3529 1987 3569 atque
1663 3530 1859 3571 implacabili
1477 3529 1638 3568 raptamur
1170 3527 1418 3566 generatumque
923 3526 1141 3566 contemplans
755 3533 886 3565 minime
552 3531 714 3589 decorum.

383 3528 487 3560 Omne

2300 3467 2518 3510 amentia28it
2191 3470 2285 3510 igitur
2100 3478 2179 3511 meis
1928 3471 2076 3512 precibus
1630 3472 1912 3512 comprehensum,
1476 3479 1615 3512 maxime
1322 3470 1417 3510 igitur
1174 3464 1303 3509 coelum,
1111 3477 1160 3508 vel
944 3468 1095 3507 mundus,
870 3475 925 3499 seu
785 3466 851 3498 quo
704 3474 766 3506 alio
541 3466 688 3506 dignatur
383 3464 526 3503 nomine,

2371 3407 2517 3450 quidem,
2313 3418 2349 3448 ut
2252 3419 2289 3442 ea
2082 3419 2228 3451 dicantur
2049 3420 2067 3443 a
1926 3414 2029 3452 nobis,
1831 3413 1904 3445 quoe
1665 3413 1809 3453 placeant
1592 3422 1652 3454 deo
1568 3422 1576 3444 :
1480 3422 1550 3452 tum

2478 3359 2516 3388 nt
2362 3359 2456 3392 nobis
2211 3351 2339 3384 quoque
2107 3351 2183 3393 ipsis
1845 3357 2081 3394 convenienter,
1589 3355 1816 3395 propositoque
1478 3355 1564 3406 operi

2355 3293 2515 3332 decenter,
2181 3292 2343 3333 prosemur
2158 3302 2166 3323 :
2096 3294 2139 3332 et,
1927 3293 2083 3333 quatenus
1845 3304 1904 3327 vos
1692 3296 1821 3337 quidem
1583 3305 1674 3338 facile
1479 3305 1568 3329 asse-

2354 3232 2516 3274 quamini,
2277 3233 2336 3266 ego
2169 3234 2263 3275 juxta
1947 3235 2151 3277 anticipatam
1809 3245 1916 3278 animo
1650 3237 1790 3278 speciem
1475 3246 1627 3278 orationis

2335 3173 2517 3216 expediam.

2453 3114 2476 3158 ς
2401 3122 2433 3151 9.
2318 3123 2377 3155 Est
2193 3116 2300 3156 igitur,
2138 3125 2175 3156 ut
2032 3125 2111 3158 milii
1874 3117 2004 3159 quidem
1718 3118 1856 3159 videtur,
1556 3117 1699 3159 inprimis
1473 3128 1537 3160 dis-

2345 3062 2516 3098 serendum
2253 3057 2331 3099 quid
2183 3059 2237 3098 sit,
2080 3059 2166 3099 quod
1933 3059 2058 3091 semper
1851 3060 1913 3099 est,
1720 3069 1831 3093 carens
1503 3060 1705 3102 generatione
1475 3069 1483 3088 ε

2329 2997 2516 3040 quiditem,
2225 2999 2312 3041 quod
2058 3000 2208 3041 gignitur,
1982 3009 2042 3033 nec
1832 3001 1960 3034 semper
1754 3010 1817 3040 est.
1561 3010 1704 3044 Alterum
1539 3003 1549 3019 ,
1474 3011 1523 3044 in-

2381 2947 2514 2982 tellectu
2140 2940 2364 2982 perceptibile;
2093 2950 2127 2982 et
1978 2950 2077 2983 ductu
1956 2942 1966 2959 ,
1907 2950 1940 2982 et
1644 2943 1888 2984 investigatione
1473 2945 1622 2985 rationis,

2388 2880 2516 2936 semper
2278 2890 2376 2923 idem.
2133 2890 2232 2921 Porro
1965 2883 2115 2924 alterum,
1783 2883 1947 2925 opinione,
1693 2893 1767 2917 cum
1469 2893 1675 2926 irrationabili

2582 2831 2588 2839 .
2401 2821 2527 2854 ,cenem
2208 2822 2385 2864 opinabile,
1958 2822 2187 2862 proptereaque
1783 2833 1940 2864 incertum
1613 2826 1767 2858 nascenS,
1567 2834 1599 2864 et
1468 2835 1552 2867 occi-

2403 2769 2512 2804 densn
2279 2763 2384 2797 neque
2121 2764 2263 2797 unquam
2075 2774 2107 2805 in
1890 2774 2057 2807 exsistenti
1685 2775 1868 2807 conditione
1513 2776 1670 2808 constanti
1466 2776 1499 2805 et

2439 2711 2511 2744 rata
2202 2703 2422 2737 perseverans.
2049 2714 2155 2744 omne
1908 2707 2031 2746 autem,
1808 2707 1892 2749 quod
1640 2703 1793 2748 gignitur,
1585 2717 1623 2740 ex
1465 2709 1573 2749 aliqua

2417 2652 2515 2678 causa
2194 2651 2387 2688 necessario,
2028 2647 2177 2688 gignitur.
1897 2657 1984 2690 Nihil
1783 2658 1870 2690 enim
1702 2652 1757 2690 tlt,
1589 2650 1680 2691 cujus
1466 2659 1572 2690 ortum

2446 2595 2512 2620 nou
2282 2587 2423 2629 legitima
2150 2590 2258 2621 causa,
2101 2597 2134 2629 et
1995 2590 2087 2630 ratio,
1804 2590 1978 2632 praecedat.
1786 2618 1789 2623 ⁴
1648 2591 1744 2631 Operi
1537 2591 1631 2623 porro
1465 2600 1521 2632 dat

2375 2532 2512 2567 formam
2250 2525 2359 2568 opifex
2145 2529 2236 2559 suus,
2012 2528 2131 2566 qnippe
1950 2537 1990 2569 ad
1737 2538 1928 2570 immortalis
1572 2529 1717 2570 quidem,
1523 2538 1556 2568 et
1467 2539 1499 2571 in

1220 3412 1414 3451 (faciendum
1151 3418 1198 3448 est
1051 3418 1135 3449 enim
1028 3411 1036 3426 ,
922 3408 1008 3449 quod
865 3417 896 3448 in
757 3416 844 3448 omni
597 3415 732 3445 tractatu
507 3415 573 3447 fieri
381 3405 490 3446 ἀει-εις

1379 3360 1414 3389 nt
1280 3360 1360 3391 iuter
1174 3359 1263 3391 initia
920 3350 1150 3389 consideretur,
826 3348 903 3388 quid
766 3357 807 3387 sit
680 3347 744 3378 quo
621 3355 662 3388 de
500 3347 603 3387 agitur
473 3356 480 3374 :
380 3355 455 3386 item

1276 3302 1415 3333 mundus
1120 3300 1254 3333 fueritne
965 3290 1099 3323 semper,
858 3299 938 3331 citra
658 3298 824 3329 exordium
475 3289 628 3329 temporis
444 3297 451 3316 :
379 3297 418 3320 an

1371 3244 1414 3276 sit
1195 3235 1346 3275 originem
1042 3241 1174 3273 sortitus
979 3241 1018 3264 ex
800 3232 953 3271 tempore,
377 3222 773 3271 considerandum)ract=1s

1343 3177 1413 3215 est,
1210 3176 1319 3214 utpote
1005 3174 1195 3206 corporeum
955 3182 987 3211 et
870 3173 925 3212 qui
688 3172 844 3213 videatur,
571 3172 667 3211 atque
406 3173 554 3211 tangatur
377 3180 386 3200 ι

1329 3128 1411 3157 meta
1270 3127 1316 3157 est
1102 3118 1259 3157 siquidem
906 3117 1088 3156 hujusmodi
767 3122 889 3155 sensilis
523 3114 752 3146 corporeaeque
377 3122 509 3153 naturae.

1279 3069 1412 3100 Sensilia
1167 3060 1259 3091 porro
1114 3068 1150 3090 ea
1094 3059 1103 3075 ,
1001 3058 1072 3089 quae
879 3058 987 3097 opinio
767 3065 859 3088 sensu
643 3056 749 3096 aliquo
468 3064 627 3094 commota
373 3055 451 3088 prae-

1309 3008 1409 3039 sumit
1283 3009 1290 3027 z
1164 2999 1264 3031 eaque
1041 3007 1148 3037 omnia
941 3006 1020 3038 tacta
826 2997 923 3036 sunt,
628 2996 809 3037 habentque
573 3004 611 3027 ex
445 2995 552 3036 aliqua
371 2995 424 3028 ge-

1247 2949 1410 2981 neratione
1002 2948 1228 2981 substantiam.
916 2947 958 2978 At
824 2946 901 2970 vero
771 2946 808 2969 ea
679 2938 752 2969 quae
579 2946 659 2978 fiunt
444 2945 560 2977 babere
372 2946 429 2969 au-

1287 2891 1409 2922 ctorem
1155 2891 1251 2915 suum
970 2890 1122 2922 constitit.
809 2881 909 2920 Igitur
639 2880 784 2920 opificem
369 2878 608 2919 genitoremque

1188 2831 1408 2864 universitatis
1095 2831 1159 2862 tam
922 2829 1068 2862 invenire
776 2829 902 2862 difficile
682 2822 747 2859 est,
562 2820 656 2851 quam
371 2827 536 2859 inventum

1212 2764 1407 2805 impossibile
1101 2765 1193 2805 digne
957 2764 1085 2803 profari.
812 2771 910 2801 Porro
727 2771 790 2794 non
659 2770 705 2800 est
502 2770 637 2802 dubium
445 2770 484 2801 ad
370 2769 428 2792 cu·

1265 2705 1407 2746 jusmodi
1063 2705 1244 2746 exemplum
779 2712 1034 2745 animadverterit
604 2711 756 2743 mundani
472 2702 576 2742 operis
370 2711 443 2742 tun·

1256 2655 1406 2687 (lamenta
1047 2655 1245 2686 constituens
1025 2654 1032 2674 ε
903 2654 1011 2685 utrum
848 2654 886 2686 ad
625 2644 834 2686 immutabile,
367 2643 613 2683 perpetuamque

1256 2596 1405 2628 obtinens
981 2587 1228 2629 proprietatem3
924 2596 964 2619 an
866 2596 906 2628 ad
713 2587 848 2627 sactum,
597 2586 694 2625 atque
365 2594 575 2627 elaboratum.

1325 2537 1406 2569 Nam
1275 2539 1301 2570 si
1189 2532 1249 2569 est,
1124 2540 1160 2568 ut
972 2533 1103 2571 quidem
880 2529 947 2569 est,
622 2528 860 2569 pulchritudine
363 2528 599 2569 incomparabili

2599 2462 2625 2516 ,ζ’
2571 2468 2577 2473 ,Α
2421 2473 2509 2508 statu
2263 2467 2403 2510 genuino
2020 2467 2239 2511 persistentis,
1863 2471 1999 2511 exempli
1575 2471 1839 2512 similitudinem,
1462 2472 1558 2510 atque
1242 2473 1402 2513 mundus3
1045 2471 1215 2513 opifexque
991 2479 1024 2510 et
798 2479 968 2512 fabricator
711 2470 779 2511 ejus
545 2470 686 2510 optimus
512 2478 520 2500 ε
362 2469 483 2509 perspi-

2607 2406 2611 2419 ,
2260 2407 2513 2447 aemulationem,
2101 2416 2241 2448 formans
1976 2409 2082 2449 operis
1796 2409 1952 2450 effigiem,
1602 2419 1774 2450 honestum
1461 2411 1576 2452 efficiat
1302 2421 1401 2444 cuum
1225 2413 1286 2451 est,
1121 2413 1205 2454 quod
1012 2413 1103 2453 juxta
863 2420 996 2453 sincerae
745 2411 840 2451 atque
518 2419 726 2452 immutabilis
360 2410 503 2451 proprie·
296 2438 302 2442 ·

2619 2396 2621 2398 ’
2565 2342 2598 2396 ,J
2305 2354 2512 2388 simulacrum
2161 2356 2290 2382 neeesse
2076 2358 2136 2390 est.
1987 2358 2031 2391 At
1896 2359 1972 2383 vero
1839 2360 1877 2392 ad
1674 2360 1821 2392 nativum
1465 2352 1654 2392 respiciens,

1326 2362 1402 2395 tatis
1095 2353 1299 2394 exemplum,
966 2362 1079 2395 mundi
896 2361 938 2394 sit
732 2361 878 2395 instituta
577 2361 711 2393 molitio.
478 2360 533 2393 Sin
359 2354 450 2384 vero,

2556 2221 2568 2237 -·
2447 2198 2512 2250 μὲν
2347 2197 2428 2251 περὶ
2235 2211 2321 2250 θεῶν
2097 2189 2232 2253 ωταύτῃ
1765 2201 2066 2254 παρακεκλήσθω·
1705 2214 1745 2238 το
1652 2215 1681 2252 δ’
1467 2200 1637 2253 ἡμέτερον

2253 2138 2512 2194 παρακλητέον,
2211 2140 2235 2188 ᾗ
2095 2139 2193 2191 ῥᾷστ’
2035 2155 2076 2194 ἂν
1904 2142 2004 2193 υμεῖς
1808 2142 1871 2194 μὲν
1619 2143 1785 2195 μάθοιτε,
1527 2143 1596 2194 ε’γω
1465 2155 1501 2195 δὲ

2544 1312 2571 1351 Δ

2485 2081 2512 2138 ᾖ
2282 2081 2468 2132 διανοῧμαι
2121 2082 2263 2135 μάλιστ’
2063 2095 2104 2135 ἂν
1964 2081 2045 2134 περὶ
1864 2095 1933 2133 τῶν
1589 2081 1830 2135 προκειμένων
1460 2097 1566 2134 ἐνδει-

2363 2023 2507 2075 {mitanv-

2364 1973 2459 2014 Xll.
2321 1964 2344 2015 S
2263 1974 2302 2008 9.
2113 1975 2239 2018 Ἔστιν
2036 1977 2094 2022 οὖν
1965 1969 2007 2018 δὴ
1866 1977 1946 2014 κατ’
1749 1965 1838 2018 ἐμὴν
1622 1971 1721 2017 δόξαν
1460 1964 1598 2015 πρῶτον

2318 1901 2507 1957 διαιρετέον
2198 1915 2298 1957 τάδε.
2092 1917 2141 1957 Τί
2034 1917 2074 1956 τὸ
1968 1919 2005 1958 ὃν
1867 1907 1947 1958 ἀεί,
1713 1905 1846 1958 γένεσιν
1655 1919 1691 1958 δὲ
1572 1918 1634 1956 οὐκ
1458 1905 1553 1958 ἔχον,

2443 1857 2504 1898 καὶ
2389 1858 2425 1898 τί
2331 1858 2372 1899 τὸ
2111 1845 2313 1899 γιγνόμενον
2020 1848 2083 1898 μὲν
1921 1850 1998 1899 ἀεί,
1865 1860 1902 1900 ὃν
1806 1858 1841 1899 δὲ
1621 1859 1784 1898 οὐδέποτε
1599 1851 1610 1883 ;
1541 1859 1580 1898 τὸ
1457 1847 1520 1899 μὲν

2461 1790 2505 1839 δὴ
2323 1791 2443 1840 νοήσει
2212 1788 2303 1840 μετὰ
2091 1789 2193 1839 λόγου
1854 1787 2071 1838 περιληπτὸν
1779 1800 1835 1840 ἀεὶ
1667 1801 1759 1840 κατὰ
1528 1801 1640 1841 ταύτὰ
1457 1788 1509 1840 ὅν,

2550 1773 2558 1779 “
2464 1740 2506 1781 τὸ
2414 1740 2446 1780 δ’
2351 1740 2397 1787 αυ
2251 1730 2331 1782 δόξῃ
2151 1729 2228 1781 μετ’
1939 1733 2133 1781 αἰσθήσεως
1781 1729 1907 1781 ἀλόγου
1595 1735 1758 1781 δοξαστὸν
1457 1729 1574 1780 γιγνό-

2397 1645 2503 1706 μενον
2316 1681 2379 1721 καὶ
2003 1670 2298 1722 ἀπολλύμενον,”
1919 1677 2024 1706 οντως
1863 1682 1899 1722 δὲ
1633 1682 1837 1722 οὐδέποτε
1601 1682 1654 1706 ον.
1462 1683 1543 1720 Πᾶν

2467 1623 2506 1663 δὲ
2403 1622 2449 1673 αυ
2348 1623 2389 1648 το
2128 1610 2330 1663 γιγνόμενον
2053 1624 2112 1661 ὑπ’
1924 1623 2034 1663 αἰτίου
1817 1618 1907 1647 τινος
1764 1617 1797 1663 ἐξ
1587 1612 1742 1663 ἀνάγκης
1458 1611 1569 1663 γίγνε-

2398 1565 2503 1601 σθαι·
2269 1565 2379 1604 παντὶ
2178 1528 2256 1604 γὰρ
1989 1566 2159 1605 ἀδύνατον
1865 1551 1973 1589 χωρις
1738 1565 1849 1605 αἰτίου
1587 1553 1720 1605 γένεσιν
1457 1552 1570 1599 σχεῖν.
1445 1555 1452 1563 ῃ

2386 1505 2503 1549 ‘Oreo
2296 1494 2360 1547 μὲν
2215 1505 2275 1552 ουν
2147 1506 2189 1547 ἂν
2109 1507 2127 1544 ὃ
1898 1473 2089 1546 δημιουγος
1786 1493 1872 1546 πρὸς
1719 1507 1759 1547 τὸ
1596 1507 1688 1546 κατὰ
1454 1506 1565 1546 ταύτὰ

2415 1433 2500 1488 ἕχον
2203 1434 2384 1488 βλέπων’
2145 1437 2223 1488 αεί,
1982 1434 2126 1488 τοιούτῳ
1895 1449 1963 1489 τινὶ
1593 1434 1866 1488 προσχρώμενος
1453 1434 1574 1471 παρα-

2317 1374 2502 1428 δείγματι,
2232 1379 2298 1429 τὴν
2117 1389 2213 1430 ἰδέαν
1985 1389 2093 1428 αὖτου
1904 1390 1965 1430 καὶ
1736 1378 1884 1429 δύναμιν
1456 1353 1715 1428 ἀπεργάζηται,

2391 1327 2500 1368 καλον
2326 1322 2363 1369 ἐξ
2136 1316 2292 1369 ἀνάγκης
2002 1325 2112 1370 οὕτως
1734 1331 1981 1368 ἀποτελεῖσθαι
1627 1330 1710 1363 πᾶν·
1567 1331 1606 1375 ou
1515 1331 1544 1368 δ’
1452 1330 1492 1369 ἂν

2512 1275 2514 1278 ⁴
2462 1293 2467 1297 ”
2396 1269 2438 1310 τὸ
2223 1256 2380 1311 γεγονός,
2050 1258 2205 1308 γεννητῶ
1767 1259 2032 1315 παραδείγματι
1458 1257 1751 1312 προσχρώμενος,

2471 1187 2635 1272 siff-”⁴5³
2315 1210 2438 1251 καλόν.

2479 1123 2534 1210 ἕξ,
2413 1153 2448 1177 τι
2299 1153 2385 1194 ποτὶ
2020 1141 2273 1193 ὀνομαζόμενος
1843 1141 1985 1195 μάλιστ’
1778 1155 1819 1194 ἂν
1581 1141 1743 1195 δέχοιτο,
1454 1153 1550 1191 τοῦθ’

2213 1212 2259 1253 Ὁ
2151 1205 2194 1253 δὴ
2055 1207 2123 1246 πας
1894 1200 2036 1254 οὐρανὸς
1849 1206 1871 1253 ἢ
1699 1201 1829 1253 κόσμος
1659 1206 1682 1253 ἢ
1575 1214 1635 1252 καὶ
1456 1213 1543 1252 ἄλλο

1837 956 2117 1028 Cicero.

2435 835 2458 879 ς
2393 845 2425 874 9.
2291 840 2379 880 Quid
2131 837 2276 880 estquod
1993 837 2122 871 semper
1939 845 1982 880 sit
1818 837 1924 870 neque
1702 845 1805 878 ullum
1572 844 1687 878 lrabeat
1449 845 1558 877 ortum

2462 785 2498 817 et
2360 777 2447 824 quod
2202 779 2349 821 gignatur
2132 788 2192 813 nec
1973 779 2115 813 unquam
1894 787 1959 821 sit?
1736 781 1883 819 Quorum
1586 786 1722 820 alterum
1451 787 1567 820 intelli·

2389 719 2498 762 sentia
2333 728 2367 760 ot
2182 728 2305 763 ratione
1847 719 2153 762 comprehenditur3
1733 718 1821 760 quod
1604 727 1704 751 unum
1448 719 1573 752 semper

2396 655 2497 696 atque
2294 667 2381 701 idem
2229 655 2279 700 est
2205 668 2214 688 ι
2052 667 2190 702 alterum
1950 658 2038 700 quod
1838 666 1935 700 affert
1645 658 1826 699 opinionem
1573 658 1629 692 per
1447 668 1562 692 sensus

2359 608 2496 642 rationis
2180 600 2347 641 expertem
2082 599 2168 643 quod
1962 608 2068 643 totum
1783 598 1946 641 opinabile
1722 608 1770 640 est
1701 601 1711 629 ς
1660 609 1691 641 id
1492 601 1640 642 gignitur,
1446 610 1479 642 et

2385 547 2495 584 tuterit
2309 550 2371 575 nec
2153 542 2297 575 unquam
2070 549 2140 575 esse
1982 549 2057 574 vere
1846 540 1964 579 potest.
1688 549 1792 579 Omne
1560 551 1666 581 autem
1448 543 1534 584 quod

2341 482 2494 525 gignitur,
2292 491 2334 516 ex
2176 482 2283 524 aliqua
2069 489 2165 522 causa
1978 481 2061 524 gigni
1836 487 1968 514 necesse
1765 490 1824 520 est.
1620 491 1742 523 Nullius
1521 492 1607 525 enim
1449 486 1508 525 rei,

2394 429 2492 455 caum
2242 421 2379 461 remota,
2104 421 2231 463 reperiri
2002 420 2091 462 origo
1867 420 1988 461 potest.
1689 423 1849 461 Quocirca
1647 431 1672 463 si
1585 423 1629 464 is,
1514 423 1569 464 qui
1446 433 1498 466 ali-

2405 362 2492 404 quod
2273 370 2392 395 munus
2132 369 2259 405 efficere
1977 363 2120 404 molitur,
1893 369 1963 395 eam
1729 360 1879 402 speciem,
1645 363 1718 396 qum
1505 364 1631 397 semper
1446 373 1495 406 est

1313 2202 1400 2249 ἡμῖν
1074 2202 1291 2254 ὠνομάσθω,
887 2215 1054 2254 σκεπτέον
836 2216 865 2252 δ’
756 2214 814 2260 οῧν
657 2202 736 2254 περὶ
533 2215 637 2252 αὐτοῦ
360 2201 512 2251 πρῶτον,

1316 2141 1401 2195 ὅπερ
1123 2156 1306 2194 ὑπόκειται
1032 2143 1110 2195 περὶ
955 2156 1022 2179 παν
894 2150 949 2195 τὸς
851 2156 885 2193 ἐν
748 2142 840 2194 ἀρχῇ
671 2156 739 2194 δεῖν
508 2146 660 2189 σκοπεῖν,
358 2142 500 2196 πότερον

1355 2087 1395 2139 ’ἦν
1265 2086 1337 2135 ἀεί,
1079 2084 1245 2136 γενέσεως
948 2083 1060 2137 ἀρχὴν
839 2084 929 2137 ἔχων
605 2085 822 2137 οὗδεμίαν,ἢ
436 2085 585 2135 γέγονεν,
356 2098 418 2136 ἀπ’

1281 2002 1393 2074 ἀρχῆς
1166 2006 1255 2061 τινρς
934 2027 1138 2078 ἀρξάμενος.
719 2027 877 2077 Γέγονεν·
574 2025 696 2077 ὁρατὸς
490 2024 556 2077 γὰρ
353 2033 460 2078 ἁπτός

1356 1977 1396 2017 τέ
1265 1978 1341 2016 ἐστι
1186 1979 1246 2018 καὶ
1058 1968 1163 2016 σῶμα
936 1966 1042 2020 ἔχων,
757 1979 923 2018 πάνταδὲ
695 1980 740 2019 τὰ
532 1979 676 2014 τοιαῦτα
483 1980 518 2002 α’.
355 1971 494 2018 ’σθητά,

1350 1920 1393 1958 τὰ
1292 1920 1328 1959 δὲ
1096 1911 1269 1958 αἰσθητά,
1020 1920 1075 1960 ’δόζ
994 1907 1033 1943 ,ῃ
774 1907 976 1960 περιληπτὰ
664 1908 753 1960 μετὰ
424 1911 632 1959 αἰσθήσεως,
353 1908 407 1944 γι·
308 1927 336 1957 C

1245 1848 1395 1901 γνόμενα
1149 1861 1209 1900 καὶ
962 1850 1113 1901 γεννητὰ
802 1847 927 1899 εφάνη.
681 1861 745 1899 '163
624 1863 652 1900 3’
549 1863 592 1907 αὖ
353 1848 524 1902 γενομένῳ

1279 1787 1394 1842 φαμὲν
1201 1803 1259 1840 υπ’
1069 1803 1179 1842 αἰτίου
960 1798 1050 1842 τινὸς
784 1790 939 1841 ἀνάγκην
679 1803 766 1838 εἶναι
620 1791 658 1826 γε
486 1801 634 1843 ενέσθαι.

1234 1743 1340 1781 XIII.
1136 1743 1205 1783 Τὸν
1071 1732 1113 1782 μὲ
1051 1745 1067 1766 ν
972 1744 1030 1780 οὖν
805 1734 951 1783 ποιητὴν
715 1744 774 1783 καὶ
561 1729 696 1782 πατέρα
443 1744 542 1781 τουδε
351 1743 413 1779 τοῖ’)

1263 1680 1392 1708 παντος
1136 1672 1246 1723 ευρεῖν
1076 1687 1114 1709 τε
957 1672 1055 1725 ἔργον
877 1686 936 1724 καὶ
707 1671 846 1725 εὑρόντα
628 1680 676 1722 εἷς
466 1680 597 1725 πάντας
351 1685 437 1724 ἀδύ-

1289 1627 1392 1650 νατον
1135 1614 1260 1667 λέγειν·
1039 1626 1112 1666 τόδε
989 1626 1017 1666 δ’
911 1626 967 1661 οὐν
787 1625 892 1664 πάλιν
541 1625 767 1666 ἐπισκεπτέον
442 1612 521 1665 περὶ
352 1626 420 1663 αὖ·

1310 1558 1392 1602 τοῦ,
1204 1553 1290 1607 πρὸς
1035 1553 1181 1607 πότερον
931 1567 1000 1603 τῶν
604 1553 900 1605 παραδειγμάτων
555 1567 573 1603 ὁ
351 1566 530 1605 τεκταινό-

1288 1496 1388 1531 μενος
1165 1508 1266 1548 αὖτὸν
892 1493 1141 1547 ἀπειργάζετο,
733 1490 878 1546 ποτερον
634 1493 718 1546 πρὸς
582 1508 622 1546 τὸ
474 1507 566 1547 κατὰ
348 1507 458 1547 ταύτὰ
258 1513 325 1555 Qq

1330 1449 1391 1488 καὶ
1146 1444 1312 1489 ὡσαύτως
1050 1435 1128 1489 ἔχον
1012 1442 1033 1489 ἢ
907 1435 991 1488 πρὸς
849 1449 887 1487 τὸ
680 1436 830 1488 γεγονός.
612 1448 655 1485 Εἰ
531 1436 594 1488 μὲν
471 1439 512 1488 δὴ
348 1444 451 1488 καλός

1295 1390 1388 1427 ἐστιν
1218 1390 1275 1430 ὅδε
1181 1390 1198 1426 ὃ
1030 1378 1161 1429 κόσμος
990 1390 1010 1429 ὅ
935 1390 972 1412 τε
709 1376 915 1428 δημιουργὸς
544 1376 689 1428 ἀγαθός,
420 1381 523 1427 δῆλον
346 1384 392 1425 ὥς

1303 1318 1390 1370 πρὸς
1244 1331 1284 1371 τὸ
1114 1331 1223 1374 ἀίδιον
934 1331 1092 1370 ἔὸλεπεν·
890 1331 919 1368 εἷ
821 1321 870 1370 δέ,
786 1331 804 1370 ὃ
687 1320 770 1368 μηδ’
563 1330 670 1367 εἰπεῖν
473 1331 538 1369 τινὶ
346 1319 453 1370 θέμις,

1302 1257 1388 1311 πρὸς
1244 1272 1284 1311 τὸ
1071 1258 1224 1311 γεγονός.
897 1271 1014 1310 Παντὶ
837 1263 878 1309 δὴ
714 1256 819 1309 σαφὲς
642 1270 695 1311 ὅτι
542 1257 626 1309 πρὸς
487 1271 526 1310 τὸ
347 1271 469 1311 ἀΐδιον·

1371 1213 1389 1250 ὃ
1283 1200 1345 1252 μὲν
1194 1197 1263 1252 γὰρ
990 1206 1176 1251 κάλλιστος
904 1213 972 1248 τῶν
677 1198 884 1251 γεγονότων,
641 1211 659 1248 ὃ
593 1212 621 1250 δ’
434 1198 570 1251 ἄριστος
347 1213 414 1249 τῶν

1257 1153 1391 1192 αἰτίων.
1091 1152 1198 1193 Οὕτω
1015 1143 1057 1192 δὴ
751 1139 981 1191 γεγενημένος
632 1138 719 1192 πρὸς
560 1153 598 1193 τὸ
435 1141 528 1193 λόγῳ
349 1155 408 1193 καὶ

1277 1026 1389 1059 eadem
1255 1018 1264 1035 ‚
1053 1025 1232 1058 intuebitur
939 1016 1034 1053 atque
893 1025 923 1057 id
815 1025 874 1057 sibi
640 1015 795 1054 proponet
450 1016 623 1057 exemplar,
348 1017 430 1072 prae-

1264 966 1388 998 clarum
1169 957 1250 990 opus
1029 965 1148 999 efficiat
880 965 1013 989 necesse
804 965 863 996 est.
727 965 781 997 Sin
601 965 708 995 autem
497 958 584 989 eam,
405 958 478 990 qum
345 959 389 1000 gi-

1264 898 1388 938 gnitur:
1083 897 1248 930 nunquam
971 898 1070 939 illam,
862 897 960 930 quam
714 897 852 938 expetet,
438 898 705 940 pulchritudinem
348 908 425 932 con-

1220 838 1388 878 sequetur.
1070 847 1174 878 Omne
960 838 1056 880 igitur
832 847 948 879 eoelum
747 847 814 878 sive
594 847 732 880 mundus
506 849 575 881 sive
424 841 488 873 quo
347 850 408 882 alio

1231 787 1388 820 vocabulo
1067 778 1205 820 gaudet,
981 787 1041 819 boc
944 787 963 811 a
822 788 916 820 nobis
596 782 798 819 nuncupatus
522 790 574 822 sit.
431 791 476 821 De
347 782 412 814 quo

1357 728 1388 761 id
1186 719 1325 760 primum
898 720 1157 760 consideremus,
784 721 869 762 quod
601 722 751 763 principio
524 732 573 761 est
460 733 491 764 iu
348 733 434 764 omni

1208 660 1387 700 quoesuone
918 663 1196 701 considerandum,
740 663 905 695 semperne
626 667 730 706 fuerit,
528 675 613 707 nullo
347 668 514 706 generatus

1314 611 1387 642 ortu
1287 610 1295 630 :
1229 611 1269 635 an
1121 611 1210 642 ortus
1061 611 1102 643 sit
992 612 1033 643 ab
868 604 974 644 aliquo
696 607 845 647 temporis
486 608 676 649 principatu.
346 619 442 648 Ortus

1317 545 1387 584 est;
1032 544 1292 586 quandoquidem
865 553 1005 586 cernitur
809 556 841 586 et
642 549 780 590 tangitur
588 559 621 588 et
514 560 561 590 est
347 552 490 593 undique

1189 484 1387 523 corporatus.
1030 493 1144 525 Omnia
902 494 1008 524 autem
811 496 883 528 talia
661 498 788 522 sensum
507 500 637 531 movent
479 500 487 520 ε
347 501 459 524 sensus

1222 434 1384 467 moventia
1130 426 1204 459 quae
1021 427 1114 464 sunt,
894 435 1004 468 eadem
847 437 878 469 in
649 429 831 472 opinatione
439 434 633 473 consistunt3
347 433 419 466 qum

1279 375 1385 407 ortum
1143 374 1260 408 babere
978 367 1126 409 gignique
823 377 962 410 diximus
794 378 802 399 :
696 379 772 412 nibil
573 380 679 412 autem
463 373 548 415 gigni
347 373 441 407 posse
