2606 3828
310 250 385 284 208
1022 245 1292 286 CHALCIDII
1325 245 1741 290 COMMENTARIUS

345 332 443 365 CXV.
466 332 587 365 Deinde
603 333 805 374 prosequitur
823 342 830 361 ε

343 390 467 428 Πάντας
484 392 543 433 γὰρ
561 392 630 429 τοὺς
641 394 771 429 κύκλους
789 394 892 425 αὐτῶν
908 393 1082 434 στρέφουσα
1096 393 1199 424 ἕλικα.

343 454 467 484 Omnes
485 455 613 494 quippe
629 455 774 486 circulos
799 461 920 485 eorum
945 451 1133 495 uniformis
1156 453 1188 485 et
1212 453 1348 484 inerra-

300 511 378 545 bilis
395 512 460 547 illa
477 516 662 546 conversio
683 515 820 546 vertens
841 514 878 545 iu
903 514 1039 553 spiram
1055 513 1089 544 et
1111 511 1205 544 velut
1227 513 1346 545 sinuo-

298 579 377 604 sum
393 571 540 605 acanthi·
559 573 731 605 volumen.

342 633 427 663 Cum
454 631 520 663 fixo
546 631 674 663 cardine
698 630 830 670 circini,
857 639 933 662 casu
948 654 956 669 ,
974 629 1026 661 vel
1060 628 1158 662 etiam
1181 629 1347 661 voluntate

297 691 420 730 nostra,
437 699 609 731 oppresso,
622 691 677 722 aut
692 690 832 721 relaxato
843 689 973 730 circino,
989 688 1216 721 describuntur
1232 687 1346 720 circuli

296 747 393 788 tales,
413 752 449 781 ut
468 749 671 790 postremitas
696 748 925 780 circumductoe
954 747 1047 780 lineae
1070 757 1134 780 non
1155 746 1259 780 solum
1282 755 1344 779 non

294 806 461 849 perveniat
487 807 527 839 ad
553 808 741 847 exordium,
768 807 823 839 sed
847 807 1022 840 deflectens
1048 815 1066 838 a
1083 804 1279 848 competenti
1300 807 1343 839 ri-

294 875 369 907 gore
388 867 488 906 infra,
507 867 555 898 vel
571 875 684 908 supra,
705 867 923 899 circumducta
940 867 1021 900 linea
1036 867 1155 908 saepius
1181 867 1344 907 arctiores,

294 925 489 966 laxioresve,
506 926 643 957 circulos
670 926 783 966 faciat,
804 926 866 958 hoc
886 935 987 967 genus
1005 926 1201 958 circulorum
1221 926 1340 967 spiram

295 984 434 1016 solemus
451 992 582 1024 vocare,
605 985 655 1017 vel
671 985 798 1017 acanthi
816 985 977 1018 volumen.
1030 985 1129 1027 Igitur
1145 986 1220 1027 quia
1236 985 1341 1027 plane-

294 1046 342 1075 tas
363 1043 410 1075 sie
424 1043 553 1084 aplanes
566 1044 648 1085 rapit
672 1043 855 1084 quotidiana
879 1044 1046 1085 vertigine,
1062 1045 1099 1076 ut
1118 1053 1182 1076 non
1203 1045 1342 1085 patiatur

293 1111 349 1134 eos
366 1102 398 1133 in
415 1102 553 1134 eundem
569 1103 675 1135 locum
687 1126 696 1143 ,
717 1105 749 1135 et
772 1103 859 1135 velut
875 1102 1005 1141 sedem,
1025 1113 1065 1136 ex
1084 1113 1147 1145 qua
1177 1104 1340 1144 progressi

293 1161 431 1200 fuerant,
456 1162 685 1203 repraesentari,
716 1161 771 1194 sed
792 1161 841 1194 vel
859 1162 999 1194 transire
1019 1164 1130 1203 cogat,
1154 1162 1204 1194 vel
1222 1162 1343 1194 leniore

292 1219 516 1260 progressione
534 1220 665 1253 minime
687 1229 856 1253 occurrere
870 1220 909 1252 ad
938 1220 1108 1260 destinata,
1127 1223 1214 1253 recte
1237 1221 1337 1262 dixit,

291 1280 434 1311 errantes
465 1278 572 1310 stellas
605 1279 638 1310 in
664 1278 805 1319 spiram,
837 1279 870 1311 et
892 1279 982 1311 velut
1010 1279 1178 1311 sinuosum
1211 1279 1340 1311 acanthi

291 1338 459 1378 volumen,
480 1338 596 1378 rotari,
623 1339 665 1370 oh
685 1339 941 1379 inconstantem,
969 1340 1066 1379 atque
1088 1338 1315 1380 inaequabilem
1329 1363 1338 1378 ‚

291 1398 606 1431 circumvectionem.
653 1400 719 1436 Ut,
737 1399 763 1430 si
781 1399 871 1431 stella
892 1399 972 1431 forte
983 1399 1122 1432 Veneris
1146 1400 1188 1432 sit
1209 1399 1240 1431 in
1260 1400 1340 1431 arie-

290 1457 331 1488 tis
356 1458 466 1497 signo,
492 1457 606 1490 deinde
634 1458 737 1499 rapiat
760 1467 830 1490 eam
860 1458 972 1490 mundi
1001 1458 1181 1498 conversio,
1203 1459 1238 1490 ut
1265 1467 1336 1491 eam

290 1515 415 1556 longius
432 1524 449 1547 a
469 1515 617 1556 pridiana
631 1515 854 1556 progressione
874 1516 1056 1556 protrahat,
1075 1520 1161 1549 certe
1183 1518 1261 1549 tunc
1278 1518 1336 1549 ali·

290 1582 355 1614 qua
377 1574 430 1606 fiet
448 1573 489 1606 ab
505 1574 604 1606 ariete
620 1574 783 1606 discessio.
844 1577 1041 1616 Quantoque
1061 1575 1170 1616 plures
1198 1585 1337 1609 conver-

292 1631 398 1665 siones
420 1633 515 1673 fient,
536 1635 626 1665 tanto
640 1634 764 1674 longius
780 1632 821 1665 ab
837 1633 934 1665 ariete
951 1633 989 1665 ad
1011 1635 1228 1674 praecedentia
1247 1635 1337 1675 signa

236 1692 241 1696 “
290 1691 448 1729 discedet,
467 1693 499 1723 et
517 1692 555 1724 ad
572 1694 768 1731 postremum
786 1691 824 1723 ad
843 1691 947 1733 pisces
959 1717 968 1732 ,
986 1696 1084 1733 atque
1101 1692 1174 1725 inde
1187 1693 1226 1725 ad
1244 1702 1340 1734 aqua·

290 1749 389 1790 rium,
409 1749 615 1790 provehetur.
663 1751 781 1781 contra
794 1775 803 1790 ,
822 1749 848 1781 si
878 1749 1040 1782 remissior
1059 1749 1121 1782 erit
1146 1749 1279 1788 rotatio,
1299 1750 1339 1782 ab

292 1808 392 1840 ariete
407 1808 448 1840 ad
467 1809 595 1840 taurum
620 1817 734 1840 versus
754 1808 901 1848 recedet,
926 1810 959 1841 et
987 1808 1027 1840 ad
1057 1809 1213 1848 geminos,
1240 1811 1339 1850 atque

290 1874 455 1904 cancrum,
473 1866 592 1906 iniquis
607 1874 735 1906 semper
757 1865 861 1906 gyris,
878 1866 910 1897 et
931 1865 1174 1898 deflectentibus
1194 1867 1234 1897 ab
1250 1874 1341 1898 exor-

291 1927 372 1970 dits,
403 1928 500 1968 atque
534 1926 757 1959 aberrantibus
783 1935 803 1957 a
833 1926 1034 1958 convenienti
1067 1926 1185 1967 rigore.
1249 1929 1339 1964 Quos

292 1984 424 2026 quidem
437 1994 532 2026 gyros
549 1984 654 2016 Graeci
669 1985 772 2022 ἕλικας
790 1984 971 2025 appellant;
987 1993 1126 2024 quorum
1143 1985 1339 2017 incrementa

292 2044 333 2076 ab
357 2044 656 2083 imminutionibus,
680 2043 923 2076 imminutiones
949 2053 1043 2084 porro
1062 2044 1103 2076 ab
1133 2043 1339 2076 incrementis

282 2101 456 2140 notantur,
472 2102 609 2140 suntque
624 2099 744 2132 similes
755 2099 825 2139 ejus
836 2100 984 2132 formulae
995 2108 1067 2141 quae
1078 2099 1189 2132 subter
1202 2099 1339 2140 ascripta

293 2161 341 2190 cst
359 2158 462 2199 (Vide
484 2158 630 2198 Figuram
647 2158 770 2200 XVIl).

333 2217 444 2249 CXVI.
464 2216 584 2248 Deinde
604 2217 649 2248 ait
670 2225 679 2248 :

334 2275 402 2308 Ἵνα
418 2276 450 2307 δὲ
466 2275 515 2313 ε’ίη
533 2276 639 2317 μέτρον
667 2267 789 2316 ἐναργές
808 2287 836 2307 τι
860 2276 935 2316 πρὸς
958 2275 1076 2313 ἄλληλα
1102 2276 1270 2317 βραδυτῆτι
1285 2275 1338 2307 καὶ

292 2334 398 2375 τάχει,
418 2334 528 2366 καὶτὰ
553 2334 620 2375 περὶ
637 2334 692 2370 τὰς
717 2333 801 2365 ὀκτὼ
828 2334 922 2375 φορὰς
943 2334 1117 2374 πορεύοιτο,
1134 2337 1197 2374 φῶς
1217 2334 1234 2364 ὁ
1262 2333 1338 2369 Θεὸς

293 2393 406 2434 ἀνῆψεν
425 2393 455 2424 ἐν
471 2396 508 2434 τῇ
526 2394 601 2434 πρὸς
617 2397 674 2434 γῆν
689 2393 815 2434 δευτέρᾳ
835 2396 897 2424 τῶν
917 2393 1069 2434 περιόδων
1084 2416 1094 2432 ,
1118 2393 1135 2424 ὃ
1159 2393 1196 2430 δὴ
1214 2395 1268 2423 νῦν
1283 2403 1337 2424 κε-

293 2452 449 2492 κλήκαμεν
464 2453 561 2491 ἥλιον.

334 2512 445 2552 Atque
465 2512 505 2542 uc
521 2509 746 2543 rationabilis
762 2512 796 2542 et
813 2510 980 2542 consulta
1001 2509 1073 2543 haec
1097 2512 1255 2543 motuum
1277 2519 1339 2543 va-

294 2571 399 2600 rietas
414 2571 447 2600 ec
463 2568 651 2601 moderatio
662 2570 739 2601 visu
753 2577 886 2610 quoque
898 2571 1098 2609 notaretur,
1113 2571 1339 2610 omniumque

294 2629 365 2660 octo
391 2630 551 2660 motuum
580 2630 770 2669 perspicua
800 2630 886 2660 esset
906 2627 1052 2667 chorea,
1073 2628 1198 2668 iynivz'c
1227 2628 1339 2660 luce-m

296 2688 528 2720 clarissimam
557 2690 649 2720 Deus
677 2695 797 2719 rerum
817 2686 978 2719 conditor
996 2695 1014 2718 e
1036 2689 1179 2728 reqione
1194 2687 1339 2720 secundi

297 2755 320 2778 a
342 2748 439 2778 terra
453 2745 543 2786 910ὸὲ
554 2755 566 2787 ,·
586 2754 692 2786 quam
710 2745 819 2777 lucem
834 2746 939 2778 solem
962 2754 1132 2778 vocamus.

338 2806 419 2836 Cum
438 2807 566 2844 propter
577 2807 708 2836 caeteras
723 2804 900 2837 ineffabiles
911 2805 1064 2838 utilitates
1074 2829 1082 2844 ,
1097 2814 1177 2846 quas
1189 2806 1339 2838 universo

298 2863 416 2894 mundo
433 2863 486 2894 Sol
515 2862 653 2902 invehit,
675 2865 744 2894 tum
767 2863 863 2894 etiam
882 2865 1048 2904 propterea
1074 2864 1157 2904 ignis
1177 2865 1338 2905 eJ'usmodi

296 2921 374 2953 «licit
392 2921 553 2953 exstitisse
568 2921 759 2961 genituram,
774 2922 807 2952 ut
823 2922 911 2952 tanta
933 2929 1041 2953 rerum
1058 2922 1238 2963 designatio
1252 2923 1339 2955 nulla

298 2983 454 3022 tegeretur
470 2981 675 3013 obscuritate.

336 3041 407 3072 Ἵνα
420 3041 466 3071 ὅτι
481 3040 616 3080 μάλιστα
635 3040 678 3076 εἰς
691 3040 815 3071 ἅπαντα
831 3040 932 3079 φαίνοι
946 3041 998 3072 τὸν
1016 3042 1163 3084 οὐρανόν,
1185 3043 1339 3085 μετάσχοι

296 3111 329 3131 τε
347 3100 476 3141 ἀριθμοῦ
492 3099 544 3136 ,τὰ
567 3102 645 3140 ζῷα,
666 3098 752 3135 ὅσοις
770 3099 807 3138 ἦν
830 3105 1001 3140 προσῆκον,
1020 3100 1156 3140 μαθόντα
1180 3102 1267 3143 παρὰ
1286 3106 1339 3141 τῆς

296 3157 409 3189 ταύτοῦ
425 3158 479 3189 καὶ
499 3157 609 3198 ὁμοίου
627 3161 804 3199 περιφορᾶς.
851 3158 916 3194 Νὺξ
932 3157 986 3197 μὲν
1006 3156 1061 3188 οὖν
1082 3159 1183 3199 ἡμέρα
1202 3170 1235 3191 τε
1254 3160 1340 3200 γέγο-

297 3228 345 3247 νεν
359 3216 440 3249 οὕτω
452 3241 460 3255 ,
483 3216 535 3247 καὶ
552 3216 603 3247 διὰ
627 3219 739 3255 ταῦτα,
760 3218 779 3254 ἡ
796 3219 851 3253 τῆς
869 3219 939 3256 μιᾶς
959 3217 1011 3247 καὶ
1034 3218 1265 3256 φρονιμωτάτης
1282 3229 1340 3249 κυ-

299 3276 437 3313 κλήσεω;
454 3275 605 3316 περίοδος.
649 3275 725 3311 Μεὶς
741 3275 785 3312 δέ,
800 3275 921 3306 ἐπειδὰν
935 3275 1047 3312 σελήνη
1064 3276 1271 3315 περιελθοῦσα
1287 3277 1339 3309 τὸν

300 3335 407 3372 ἑαυτῆς
427 3334 540 3365 κύκλον
566 3335 652 3371 ἥλιον
672 3334 897 3374 ἐπικαταλάὸῃ,
957 3334 1117 3369 Ἐνιαυτός
1154 3334 1204 3372 δέ,
1223 3335 1339 3367 ὁπόταν

299 3394 383 3430 ἣλιος
407 3393 458 3424 τὸν
476 3394 589 3424 ἑαυτοῦ
606 3394 748 3434 περιέλθῃ
765 3393 888 3425 κύκλον.

346 3455 385 3486 Ul
400 3462 476 3485 cum
499 3452 589 3485 idem
614 3453 713 3486 rebus
735 3453 881 3486 colorem
898 3453 1019 3491 darec,
1045 3455 1119 3487 tum
1144 3455 1251 3486 etiam
1272 3462 1338 3486 nu·

1406 336 1505 376 merl,
1538 345 1606 378 quo
1636 338 1800 378 temporis
1828 339 1949 378 spatia
1980 341 2168 381 notantur,
2202 342 2452 383 commoditas,

1402 397 1630 435 provenirct;
1650 397 1758 438 atque
1774 399 1815 429 ul
1843 396 1980 429 dierum
2002 402 2038 430 ec
2066 401 2222 433 noctium
2242 400 2452 436 vicissitudo

1405 453 1614 487 succederet.
1660 457 1789 488 Mensis
1817 464 1896 487 vero
1921 455 2120 497 desiqnavit
2138 467 2213 491 esse
2230 461 2448 502 oenum-am,

1406 520 1486 543 cum
1511 516 1629 554 Luna,
1654 516 1847 556 peroqrato
1879 516 2012 548 circulo
2039 525 2124 557 suo,
2150 517 2259 550 solem
2277 519 2449 552 convenit-

1406 573 1494 603 Armi
1515 581 1671 614 quoque,
1688 582 1766 606 cum
1787 573 1843 606 Sol
1868 574 1916 607 ad
1937 574 2030 607 idem
2045 578 2199 618 sianum,
2218 585 2264 610 ex
2280 585 2349 620 quo
2365 586 2452 619 pro-

1403 639 1540 671 qressus
1557 633 1647 674 erat,
1665 635 1868 666 revertitur.

1404 690 1548 722 Numero
1564 690 1691 724 dierum
1706 692 1924 725 trecentorum
1945 693 2110 734 sexaginta
2133 694 2297 736 quinque,
2312 695 2346 729 01
2363 698 2453 737 parta

1404 751 1529 790 quarta.
1574 752 1681 788 Quare
1695 751 1814 783 factum
1827 776 1837 792 ,
1851 753 1886 784 ut
1902 761 1920 783 a
1940 751 2196 792 prudentissimis
2211 752 2290 786 viris
2307 755 2342 787 et
2356 753 2452 795 Juxta

1403 807 1581 841 coelestium
1604 818 1711 842 rerum
1727 811 1985 843 observationem
2010 811 2306 854 exercitatissimis,
2330 814 2448 855 quarta

1402 865 1454 898 ilia
1465 867 1568 907 portio
1579 891 1586 904 ‚
1603 870 1716 908 quarto
1731 871 1802 909 post
1817 878 1901 902 anno
1915 869 1947 902 in
1966 879 2066 902 unum
2080 870 2224 916 collecta,
2243 873 2277 905 et
2292 880 2451 914 accorpo-

1402 927 1484 965 rata,
1502 926 1640 966 spatium
1658 927 1743 966 diei,
1757 936 1795 959 ac
1809 928 1935 968 noctis,
1954 929 2139 970 compleret.
2331 934 2335 937 '

1443 985 1573 1017 cxv11.
1596 984 1686 1017 Ἐστι
1709 985 1735 1017 δ’
1751 986 1836 1026 ὅμως
1861 987 1948 1018 οὐδὲν
1970 987 2063 1026 ἧττον
2083 993 2278 1028 κατανοῆσαι
2295 988 2449 1030 δυνατόν,

1401 1046 1443 1080 ὡς
1456 1045 1473 1076 ὅ
1487 1056 1522 1085 γε
1534 1046 1634 1081 τέλεος
1645 1046 1772 1087 ἀριθμὸς
1786 1047 1899 1089 χρόνου
1912 1049 1964 1079 τὸν
1974 1049 2076 1079 τέλεον
2087 1048 2227 1082 ἐνιαυτὸν
2240 1050 2354 1092 πληροῖ
2365 1049 2450 1091 τότε,

1401 1102 1474 1133 ὅταν
1490 1104 1623 1135 ἁπασῶν
1639 1107 1701 1135 τῶν
1720 1104 1805 1136 ὀκτὼ
1825 1105 1979 1147 περιόδων
1997 1107 2037 1138 τὸ.
2052 1108 2129 1149 πρὸς
2150 1108 2270 1145 ἄλληλα
2284 1109 2453 1151 ξυμπεραν-

1400 1161 1490 1192 θέντα
1512 1160 1593 1202 τάχη
1614 1166 1677 1203 σχῇ
1700 1165 1836 1203 κεφαλὴν
1861 1167 1907 1205 τῷ
1923 1167 1978 1196 τοῦ
1999 1165 2114 1199 ταύτοῦ
2129 1168 2183 1199 καὶ
2206 1166 2323 1209 ὁμοίως
2348 1166 2451 1204 ἰόντος

1399 1219 1649 1261 ἀναμετρηθέντα
1664 1222 1786 1264 κύκλῳ.

1446 1281 1506 1311 Est
1523 1283 1642 1312 tamen
1661 1282 1843 1315 intellectu
1866 1282 1993 1326 facile,
2007 1284 2101 1326 quod
2119 1283 2297 1328 perfectus
2316 1286 2448 1327 tempo-

1400 1342 1450 1373 ris
1482 1349 1650 1374 numerus
1679 1340 1876 1383 perfectum
1907 1351 2042 1375 annum
2067 1342 2239 1384 compleat
2269 1344 2354 1376 tunc
2393 1341 2450 1374 de-

1399 1407 1514 1439 mum,
1547 1408 1627 1431 cum
1660 1401 1817 1431 omnium
1853 1401 1929 1432 octo
1969 1401 2282 1432 circumactionum
2321 1408 2446 1433 cursus

1397 1459 1534 1499 peracti
1558 1457 1654 1490 velut
1683 1457 1731 1490 ad
1749 1459 1919 1498 oriqinem
1941 1460 2050 1500 atque
2079 1458 2267 1490 exordium
2295 1459 2446 1490 circum·

1400 1519 1548 1549 accionis
1564 1517 1716 1549 alterius
1735 1519 1985 1558 revertuntur,
2005 1525 2115 1558 quam
2130 1525 2268 1558 semper
2280 1515 2370 1550 idem
2392 1516 2446 1550 at·

1399 1584 1466 1616 quc
1495 1574 1684 1618 uniformis
1703 1577 1818 1608 motus
1844 1567 2062 1608 dimetietur.

1441 1633 1625 1665 Perfectum
1648 1633 1802 1674 temporis
1822 1643 2005 1674 numerum,
2020 1633 2075 1674 qui
2088 1634 2264 1674 perfectum
2282 1633 2445 1675 compleat

1398 1701 1518 1724 annum
1533 1717 1541 1732 ,
1570 1692 1710 1733 appellat
1733 1701 1829 1732 011111,
1848 1701 1912 1733 quo
1937 1694 2004 1724 tam
2027 1694 2149 1734 septem
2171 1694 2319 1733 planetae,
2348 1701 2445 1734 quam

1398 1755 1525 1783 caeterae
1552 1750 1670 1791 stellae,
1696 1760 1769 1791 quae
1787 1751 1938 1782 dicuntur
1962 1754 2060 1791 ratae,
2079 1753 2317 1790 repraesentatae
2344 1750 2439 1790 origi-

1398 1809 1523 1842 nahbus
1555 1809 1705 1848 sedibus,
1743 1809 1816 1848 qum
1855 1808 1913 1840 fuit
1942 1808 2033 1840 initio
2063 1817 2190 1847 rerum,
2219 1807 2440 1849 principioque

1397 1868 1528 1908 mundi,
1560 1868 1692 1900 eandem
1727 1867 1966 1900 constitutionis
1995 1867 2140 1900 efficiunt
2170 1866 2445 1908 designationem3

1397 1926 1441 1958 ita
1463 1927 1498 1958 ut
1523 1929 1555 1958 et
1572 1926 1737 1967 prolixitas
1764 1926 1959 1966 prolixitati,
1980 1930 2012 1958 01
2029 1925 2272 1958 intervallorum
2293 1925 2444 1966 pristino·

1397 1994 1471 2016 rum
1498 1985 1659 2016 latitudini
1680 1984 1833 2023 latitudo,
1860 1988 1892 2016 et
1910 1983 2118 2025 profunditati
2140 1983 2342 2025 profunditas
2365 1993 2444 2025 qua-

1398 2042 1481 2075 dret.
1527 2044 1598 2075 Hoc
1624 2045 1731 2075 autem
1753 2045 1882 2084 tempus
1911 2043 2054 2074 eontinet
2075 2045 2233 2075 annorum
2258 2042 2445 2075 innumera·

1398 2102 1495 2134 bilem
1518 2103 1653 2145 seriem,
1675 2101 1794 2143 quippe
1816 2110 1892 2133 eum
1916 2101 2082 2133 stellarum
2102 2100 2278 2133 errantium
2293 2098 2447 2134 circuitus

1398 2161 1534 2202 impares
1565 2160 1650 2201 sint;
1687 2160 1932 2200 necessarioque
1956 2159 2095 2191 diversis
2114 2158 2314 2198 temporibus
2329 2166 2446 2191 cursus

1399 2228 1475 2251 suos
1496 2219 1699 2261 compleant,-
1719 2219 1873 2259 praeterea
1899 2217 1996 2249 latius
2015 2216 2087 2256 aliae
2103 2225 2122 2248 a
2139 2215 2312 2250 medietate
2331 2214 2446 2249 mundi

1397 2277 1583 2318 evagentur,
1612 2275 1778 2316 angustius
1795 2284 1872 2307 vero
1897 2275 1969 2308 aliae
1994 2274 2036 2307 ad
2057 2275 2157 2307 austri
2181 2274 2446 2316 septentrionisve

1397 2344 1544 2387 convexa
1557 2358 1567 2376 ,
1579 2334 1727 2367 celsiores
1743 2334 1818 2366 aliae
1832 2343 1851 2366 a
1865 2336 1948 2366 terra
1962 2333 2038 2375 sint,
2063 2333 2134 2365 aliae
2161 2342 2226 2365 non
2253 2333 2333 2366 adeo
2345 2332 2443 2374 longo

1398 2393 1573 2426 altitudinis
1611 2393 1780 2425 intervallo
1814 2392 1934 2424 distent
1964 2400 1984 2424 a
2006 2391 2136 2432 regione
2154 2394 2268 2431 terrae,
2296 2391 2443 2424 diversos

1396 2461 1527 2494 quoque
1548 2452 1631 2484 inter
1645 2460 1680 2483 se
1710 2453 1817 2483 motus
1830 2455 1949 2491 agant,
1966 2452 2002 2483 ut
2027 2450 2100 2483 citae
2118 2449 2339 2490 tardioribus,
2357 2448 2441 2482 ultra

1398 2510 1634 2552 progredientes
1648 2513 1821 2542 retrorsum
1839 2509 2073 2550 recedentibus,
2096 2508 2272 2542 humilibus
2287 2508 2440 2549 excelsae,

1400 2571 1542 2603 dexteroe
1574 2569 1730 2608 sinistris,
1767 2568 1979 2601 sinisteriores
2013 2567 2245 2600 dexterioribus
2273 2569 2444 2600 occurrant

1397 2631 1431 2662 in
1469 2638 1581 2662 unum.
1626 2628 1776 2669 Nihilque
1806 2628 1939 2660 omnino
1967 2627 2008 2660 sit
2035 2627 2121 2668 quod
2157 2626 2190 2659 111
2222 2626 2443 2667 designatione

1397 2690 1523 2722 differat
1558 2697 1577 2720 a
1604 2690 1795 2720 caeterorum
1830 2688 1990 2719 astrorum
2027 2686 2136 2718 habitu
2149 2710 2158 2727 ‚
2195 2685 2326 2727 specie,
2360 2684 2442 2726 figu-

1397 2748 1455 2781 ris.
1499 2749 1607 2789 Atque
1625 2748 1660 2779 ut
1677 2755 1790 2778 omnes
1809 2745 1979 2785 omnibus,
1999 2745 2101 2786 aequis
2119 2745 2286 2778 diametris
2303 2744 2437 2785 distent,

1398 2815 1563 2847 unumque
1618 2808 1751 2843 nutum,
1790 2806 1886 2844 atque
1929 2813 2026 2835 unam
2067 2803 2214 2836 efficiant*
2274 2803 2442 2836 stellarum

1398 2866 1543 2898 omnium
1578 2863 1884 2903 conformationem,
1915 2872 1989 2895 cum
2008 2862 2051 2894 sit
2079 2870 2227 2902 necesse,
2245 2861 2273 2894 si
2287 2870 2371 2894 unus
2385 2860 2442 2894 ali-

1399 2925 1473 2966 quis
1491 2933 1532 2957 ex
1552 2923 1678 2965 ignibus
1697 2922 1945 2963 repraesentatus
1961 2921 2056 2953 fuerit
2075 2921 2107 2952 in
2121 2921 2260 2961 antiquae
2272 2919 2442 2953 constella-
2486 2954 2490 2957 ,

1398 2984 1494 3016 tionis
1507 2985 1626 3015 statum
1645 2982 1738 3022 juxta
1756 2981 1913 3012 rationem
1939 2980 2024 3012 sorte
2049 2978 2230 3011 altitudinis
2242 3003 2252 3018 ,
2280 2977 2442 3011 latitudini

1398 3046 1504 3076 tamen
1527 3051 1592 3075 non
1608 3041 1650 3085 sit
1674 3040 1920 3081 repraesentatus
1933 3038 2073 3079 antiquae
2083 3048 2093 3078 ς
2111 3038 2161 3069 vel
2187 3037 2215 3069 si
2231 3037 2370 3078 perfecte
2385 3045 2440 3077 per

1398 3102 1504 3134 omnia
1518 3101 1678 3133 momenta
1697 3107 1781 3131 unus
1799 3099 1969 3130 revocatus
1985 3096 2026 3129 ad
2043 3097 2213 3137 antiquum
2234 3097 2353 3128 statum
2369 3095 2441 3128 fue-

1398 3161 1449 3201 rit,
1471 3163 1660 3193 caeterorum
1679 3160 1798 3198 tamen,
1818 3165 1957 3197 quorum
1973 3157 2020 3188 est
2037 3154 2164 3186 diversa
2182 3147 2346 3193 conditio,
2368 3163 2440 3194 per·

1400 3220 1480 3251 fecta
1505 3216 1741 3259 repraesentatio
1761 3215 1890 3248 minime
1913 3213 2114 3255 pervenerit,
2131 3220 2261 3244 necesse
2284 3211 2326 3244 sit
2340 3213 2438 3246 etiam

1398 3278 1468 3318 ejus
1487 3278 1606 3316 stellae,
1623 3285 1696 3317 quae
1712 3275 1746 3307 in
1773 3272 2058 3316 repraesentatione
2080 3271 2220 3312 perfecta
2243 3269 2438 3311 invenietur,

1399 3347 1526 3370 rursum
1549 3337 1614 3369 fieri
1635 3337 1728 3368 aliam
1753 3334 1983 3373 mutationem,
2006 3331 2110 3373 quoad
2139 3330 2359 3371 opportunitas
2384 3331 2438 3363 illa

1400 3397 1581 3436 proveniat,
1600 3404 1674 3435 quae
1690 3403 1786 3427 unam
1802 3393 1930 3433 faciem,
1942 3394 2038 3432 atque
2052 3389 2198 3428 eandem,
2216 3389 2436 3430 repraesentet,

1399 3463 1470 3495 quae
1485 3454 1543 3486 fuit
1559 3454 1598 3486 ah
1611 3453 1703 3486 initio
1713 3451 1840 3485 mundi.
1887 3453 1990 3489 Quem
2003 3448 2133 3491 quidem
2146 3448 2283 3487 motum,
2296 3447 2329 3480 et
2340 3454 2438 3488 quam

2603 1290 2606 1292 .
2595 1055 2606 1280 ..ffl-——m-ss'n-
