2638 3840
341 262 401 288 Lu

339 341 517 370 mutasse.
540 331 727 368 Praeterea
754 331 800 367 de
819 330 906 367 Nilo
933 330 963 378 (1
977 329 1036 378 15)
1056 326 1367 377 disputatiuncu-

337 393 413 429 lam
435 391 557 429 edidit
585 391 679 428 adeo
710 390 871 428 similem
906 387 1097 425 Aristonis
1127 385 1372 436 Peripatetici

337 451 384 488 de
403 450 534 488 eadem
556 463 596 486 re
617 448 876 487 lucubrationi
892 477 902 496 ,
928 455 969 483 ut
990 455 1073 483 uter
1093 444 1253 481 alterius
1274 444 1371 481 scri·

336 511 401 547 nia
417 508 678 560 compilasset,
695 507 855 544 dubium
872 505 1083 543 videretur.
1095 502 1167 540 Sed
1186 502 1373 553 optimum

335 568 421 619 ejus
441 581 539 619 opus
558 566 692 604 haberi
726 565 906 603 convenit
931 562 1028 601 illud
1055 575 1133 612 quo
1159 573 1292 598 omnes
1312 573 1375 598 sa-
1402 575 1405 602 3

335 626 491 677 pientiae
502 634 643 677 partes,
655 625 737 662 sive
746 620 1066 674 quemadmodum
1080 618 1253 657 Stobaeus
1265 619 1298 669 (1
1311 619 1371 669 16)

336 685 404 731 ait,
423 684 613 722 universae
627 681 884 734 philosophiae
901 679 1132 717 divisionem
1151 678 1374 728 complexus
1402 663 1405 697 ²

334 751 428 781 erat.
454 742 500 780 In
520 756 596 793 quo
628 748 851 790 argumento
878 737 1075 775 tractando
1111 737 1165 774 ita
1198 745 1374 774 versatus

335 810 406 849 est,
429 810 471 839 ut
490 800 718 851 quaestiones
740 810 834 848 quas
859 797 906 834 de
923 795 1088 845 singulis
1108 795 1206 833 locis
1229 808 1374 845 propo-

335 869 431 898 nunt
449 859 604 897 virtutis
626 857 798 906 magistri
823 855 1027 906 separatim
1045 854 1295 904 persolveret.
1317 853 1373 890 Ex

334 920 408 957 hoc
428 927 551 956 autem
574 929 690 968 opere
710 915 835 966 capita
861 913 1035 964 quaedam
1059 913 1107 950 ad
1131 912 1224 950 vitae
1253 910 1376 949 hone-

336 987 468 1017 statem
496 985 533 1015 et
547 975 646 1013 bene
674 973 833 1011 vivendi
854 972 1102 1023 disciplinam
1133 971 1373 1022 pertinentia

334 1037 523 1086 Didymus
542 1035 747 1084 excerpsit,
766 1045 852 1083 quae
871 1032 974 1083 apud
997 1030 1189 1069 Stobaeum
1209 1039 1372 1070 exstant.
1402 1050 1405 1078 i

332 1095 483 1132 Vixisse
501 1105 589 1130 eum
610 1105 696 1129 cum
724 1091 908 1128 Aristone
933 1090 1192 1140 Peripatetico
1214 1089 1374 1127 Caesaris
1403 1123 1405 1127 ,

332 1153 493 1202 Augusti
521 1150 762 1200 temporibus
784 1149 987 1187 Strabonis
1023 1147 1125 1202 (117)
1147 1156 1371 1195 auctorltas,

333 1212 401 1262 qui
421 1212 515 1249 istos
534 1210 701 1259 aequales
719 1209 795 1246 sibi
818 1209 938 1246 fuisse
951 1208 1079 1255 docet,
1096 1207 1189 1245 satis
1208 1207 1371 1246 evincit.

330 1271 456 1308 Porro
476 1269 637 1307 minime
656 1265 840 1315 audiendi
857 1276 947 1305 sunt
968 1266 1070 1319 (118)
1092 1267 1160 1317 qui
1174 1266 1293 1304 nullis
1307 1279 1378 1304 an-.

333 1330 533 1380 tiquorum
565 1327 719 1365 testium
742 1325 875 1364 verbis
907 1326 1034 1363 allatis
1068 1325 1373 1376 Pythagoricum

333 1388 381 1426 ab
411 1387 640 1425 Academico
667 1385 930 1423 distinxerunt
961 1393 998 1422 et
1025 1385 1187 1422 alterum
1216 1384 1372 1434 quidem

333 1446 533 1484 Strabonis
552 1454 681 1492 aetate,
706 1445 868 1482 alterum
901 1444 1012 1495 prius
1031 1443 1177 1481 vixisse
1199 1443 1374 1481 affirma-

334 1514 438 1544 runt.
465 1504 651 1542 Caeterum
672 1503 850 1541 Celsinus
869 1502 1154 1540 Castabalensis
1179 1501 1282 1554 (119)
1306 1502 1374 1553 qui

332 1565 380 1602 de
399 1562 721 1615 philosophorum
739 1562 853 1600 sectis
865 1570 902 1599 et
922 1562 1074 1612 placitis
1095 1569 1374 1599 commentatus

332 1621 600 1670 erat‚Eudori
629 1622 734 1659 filius
755 1621 839 1659 fuit.
873 1621 1012 1659 Verum
1042 1621 1146 1658 hunc
1174 1620 1371 1658 Eudorum

334 1682 382 1720 ab
404 1681 667 1719 Alexandrino
693 1680 890 1718 diversum
924 1680 1041 1718 fuisse
1070 1687 1274 1731 putamus,
1298 1680 1374 1718 nisi

335 1742 436 1779 forte
452 1740 554 1791 apud
573 1738 732 1777 Suidam
752 1737 854 1790 (120)
877 1738 962 1788 ejus
993 1738 1049 1776 rei
1078 1747 1278 1776 auctorem
1299 1753 1372 1790 pro

332 1796 588 1841 Κασταὸαλεύς
607 1797 746 1848 reponi
764 1796 878 1834 debet
891 1795 1141 1848 Ἀλεξανδρεύς.

386 1859 570 1895 Diodorus
605 1856 845 1907 Aspendius,
880 1854 952 1893 sub
985 1857 1102 1894 Aresa
1134 1855 1291 1894 Lucano
1332 1856 1374 1893 in

331 1967 436 2008 ἀρχῶν
452 1967 499 1999 ὅτι
519 1967 554 1999 τὸ
567 1966 598 1999 ἒν
611 1967 665 1998 καὶ
677 1968 697 2004 ἡ
715 1967 903 2007 ὑποκειμένη
917 1966 975 2004 ὕλη
991 1966 1083 2008 ἀρχαὶ
1097 1967 1150 1999 καὶ
1161 1966 1209 1999 ὅτι
1225 1967 1260 1999 τὸ
1274 1967 1305 1999 ἓν
1321 1967 1375 1998 καὶ

329 2016 368 2054 τῇ
384 2014 452 2055 ἰδέᾳ
467 2013 564 2045 αἷτιον
576 2016 631 2045 τοῦ
651 2013 679 2044 τί
695 2014 789 2045 ἔστιν.
805 2012 948 2053 Ἀμείνων
962 2013 1064 2052 μέντοι
1077 2014 1097 2051 ἡ
1111 2013 1220 2055 πρώτη
1237 2014 1337 2054 γραφὴ
1351 2015 1371 2050 ἡ

329 2059 467 2097 δηλοῦσα
485 2059 532 2091 ὅτι
545 2059 585 2091 τὰ
601 2059 655 2099 μὲν
672 2059 737 2096 εἴδη
758 2061 821 2095 τοῖς
837 2059 938 2095 ἄλλοις
958 2061 1014 2090 τοῦ
1039 2059 1066 2090 τί
1082 2060 1167 2091 ἐστιν
1187 2060 1301 2100 αίτιον,
1311 2063 1375 2096 τοῖς

329 2106 362 2138 δὲ
377 2106 472 2139 εἷδεσι
484 2107 520 2139 τὸ
539 2107 583 2139 ἕν.
600 2107 731 2149 Ἱστορεῖ
745 2105 773 2138 δ’
799 2106 965 2143 Ἀσπάσιος
981 2108 1022 2142 ὡς
1039 2106 1157 2144 ἐκείνης
1175 2107 1229 2148 μὲν
1249 2108 1374 2148 ἀρχαιο-

330 2153 418 2195 τέρας
436 2153 532 2191 οὔσης
555 2157 609 2193 τῆς
635 2157 768 2195 γραφῆς,
791 2152 1036 2194 μεταγραφείσης
1059 2153 1092 2185 δὲ
1115 2154 1230 2192 ταύτης
1249 2154 1375 2196 ὕστερον

329 2201 390 2232 ὑπὸ
412 2201 557 2242 Εὐδώρου
578 2202 632 2233 καὶ
660 2200 876 2242 Εὐαρμόστου.
905 2218 945 2224 -
964 2200 1048 2240 (115)
1069 2202 1184 2233 Strabo
1210 2201 1265 2233 lib.
1286 2203 1375 2234 XVII

328 2255 400 2288 pag.
413 2250 473 2280 790
493 2247 544 2279 ed.
559 2249 630 2280 Cas.
644 2259 652 2279 ι
664 2247 729 2279 ἀλλ’
742 2248 783 2279 ὲῶ
797 2250 895 2279 ταῦτα
910 2248 1033 2279 πολλῶν
1053 2247 1237 2289 εἰρηκότων,
1259 2248 1302 2280 ὦν
1323 2248 1374 2289 ἀρ-

328 2293 414 2324 κέσει
437 2293 491 2325 δύο
519 2298 652 2335 μηνῦσαι
682 2293 752 2330 τοὺς
778 2293 970 2330 ποιήσαντας
994 2293 1066 2325 καθ’
1077 2295 1159 2334 ἡμᾶς
1176 2295 1214 2327 τὸ
1234 2295 1302 2336 περὶ
1318 2298 1374 2327 τοῦ

329 2339 441 2372 Νείλου
460 2340 589 2381 βιὸλίον,
615 2340 759 2382 Εὕδωρόν
780 2351 814 2372 τε
833 2341 887 2372 καὶ
903 2340 1071 2381 Ἀρίστωνα
1092 2342 1145 2373 τὸν
1161 2342 1196 2373 ἐκ
1211 2345 1272 2373 τῶν
1292 2353 1374 2383 περι·
1401 2335 1404 2376 l

328 2387 446 2419 πάτων·
465 2388 543 2426 πλὴν
556 2389 616 2430 γὰρ
631 2391 685 2427 τῆς
697 2388 811 2424 τάξεως
831 2387 871 2419 τά
883 2398 919 2427 γε
936 2388 1014 2420 ἄλλα
1025 2388 1077 2419 καὶ
1090 2391 1128 2430 τῇ
1146 2389 1253 2430 φράσει
1267 2389 1319 2421 καὶ
1336 2392 1374 2430 τῇ

329 2434 518 2476 ἐπιχειρήσει
537 2435 635 2467 ταύτά
656 2436 722 2467 ἐστι
747 2435 876 2476 κείμενα
890 2435 964 2476 παρ’
983 2436 1177 2477 ἀμφοτέροις.
1198 2435 1284 2477 Ἐγὼ
1300 2441 1374 2477 γοῦν

330 2480 538 2522 ἀπορούμενος
561 2481 753 2522 ἀντιγράφων
770 2483 812 2518 εἷς
832 2482 888 2520 τήν
904 2481 1066 2520 ἀντιὸολὴν
1084 2482 1120 2514 ἐκ
1142 2483 1270 2524 θατέρου
1287 2484 1372 2516 θάτε·

330 2538 382 2566 ρον
397 2527 575 2559 ἀντέὸαλον·
602 2527 729 2569 πότερος
749 2527 775 2559 δ’
789 2528 827 2567 ἦν
850 2529 867 2560 ὁ
885 2528 1048 2570 τάλλότρια
1070 2529 1319 2570 ὑποῧαλόμενος,
1342 2531 1374 2563 ἐν

329 2573 492 2615 Ἄμμωνος
508 2575 592 2615 εὕροι
614 2586 659 2611 τις
678 2575 727 2607 ἄν.
745 2575 888 2615 Εὔδωρος
904 2575 931 2607 δ’
946 2576 1055 2618 ᾐτιᾶτο
1079 2575 1132 2609 τὸν
1149 2576 1331 2617 Ἀρίστωνα
1353 2581 1373 2617 ἡ

332 2621 436 2661 μέντοι
455 2620 562 2662 φράσις
585 2621 798 2663 Ἀριστώνειος
817 2621 931 2663 μᾶλλόν
949 2623 1043 2655 ἐστιν.
1059 2643 1100 2650 -
1115 2624 1205 2665 (116)
1225 2626 1374 2658 Stobaeus

330 2666 438 2706 Eclog.
453 2667 508 2699 lib.
522 2669 553 2698 ΙΙ
567 2676 636 2707 cap.
652 2670 669 2700 7
684 2676 717 2708 p.
733 2670 773 2700 46
786 2668 836 2700 ed.
854 2671 988 2701 Heeren.
1003 2679 1011 2700 :
1028 2670 1137 2702 Ἔστιν
1159 2671 1212 2703 οὖν
1229 2673 1373 2715 Εὐδώρου

329 2714 385 2743 τοῦ
407 2712 631 2753 Ἀλεξανδρέως,
646 2714 852 2755 Ἀκαδημικοῦ
864 2715 1030 2755 φιλοσόφου
1040 2740 1049 2756 ,
1063 2717 1210 2758 διαίρεσις
1222 2722 1277 2751 τοῦ
1293 2719 1374 2751 κατὰ

336 2759 517 2800 φιλοσοφίαν
527 2760 638 2800 λόγου,
655 2761 772 2802 βιὸλίον
792 2761 970 2800 ἀξιόκτητον
983 2788 994 2802 ,
1015 2764 1046 2795 ἐν
1065 2765 1091 2804 ᾧ
1108 2768 1215 2798 πᾶσαν
1228 2767 1372 2806 ἐπεξελή-

332 2807 404 2838 λυθε
423 2806 679 2848 προὸληματικῶς
696 2808 750 2846 τὴν
769 2808 942 2849 ἐπιστήμην
954 2832 963 2848 ,
985 2809 1021 2848 ἧς
1044 2810 1106 2847 ἐγὼ
1125 2811 1304 2852 διαιρέσεως
1320 2813 1374 2845 ἐκ·

334 2852 468 2891 θήσομαι
490 2852 527 2884 τὸ
551 2856 604 2889 τῆς
620 2853 728 2890 ἠθικῆς
747 2854 875 2885 οἰκεῖον.
902 2871 942 2877 -
968 2855 1054 2894 (117)
1080 2855 1184 2887 Strab.
1206 2857 1262 2889 lib.
1282 2860 1375 2891 XVII

335 2905 406 2936 pag.
427 2899 488 2930 790
507 2897 558 2929 ed.
579 2900 652 2930 Cas.
678 2915 712 2921 -
733 2899 820 2940 (118)
841 2899 933 2931 conf.
960 2900 1090 2932 Jonsius
1106 2901 1146 2933 de
1164 2904 1370 2943 scriptoribus

333 2943 445 2975 histor.
460 2943 576 2983 philos.
592 2944 646 2975 lib.
664 2947 708 2977 ΙΙΙ
720 2954 788 2986 cap.
802 2950 820 2978 2
836 2945 899 2986 §ln
914 2947 946 2977 et
960 2946 1106 2978 Meiners.
1122 2948 1240 2982 Histor.
1254 2950 1374 2982 doctri-

335 2999 406 3022 nar.
420 2990 505 3031 apud
519 2991 623 3023 Graec.
637 2994 668 3023 et
679 2994 770 3023 Rom.
783 2994 860 3023 tom.
872 2995 887 3025 I
898 3001 929 3033 p.
942 2995 1003 3025 540
1014 2996 1298 3037 seq.not.-(119)
1312 2999 1376 3030 Ste-

334 3036 458 3076 phanus
488 3038 663 3077 Byzantius
689 3047 721 3070 v.
749 3039 942 3071 Καστάὸαλα
962 3048 970 3067 =
999 3039 1209 3081 Καστάὸα).α,
1236 3043 1375 3081 Κιλικίας

333 3082 408 3123 [καὶ
427 3082 595 3125 Φοινίκης]
615 3085 712 3121 πόλις.
728 3085 873 3126 Στράὸων
895 3085 944 3118 ιδ’.
961 3086 978 3117 ὁ
1000 3086 1126 3124 πολίτης
1141 3089 1375 3127 Κασταὸαλεύς,

334 3129 449 3161 Strabo
466 3129 521 3161 lib.
536 3131 599 3161 XlI
617 3139 689 3170 cap.
711 3135 728 3163 2
751 3140 782 3171 p.
805 3134 862 3164 537
884 3144 892 3164 ε
910 3133 947 3164 οὐ
972 3131 1051 3164 πολὺ
1080 3133 1107 3164 δ’
1122 3133 1245 3167 ἄπωθεν
1262 3137 1375 3174 ταύτης

334 3175 399 3207 ἐστὶ
418 3176 457 3207 τά
472 3187 507 3207 τε
525 3177 718 3208 Καστάὸαλα
735 3179 788 3209 καὶ
802 3178 841 3210 τὰ
859 3179 1018 3220 Κύδιστρα
1029 3205 1039 3220 ,
1059 3179 1103 3211 ἔτι
1120 3181 1235 3221 μᾶλλον
1252 3186 1297 3223 τῷ
1313 3183 1375 3224 ὄρει

335 3223 544 3260 πλησιάζοντα
562 3225 751 3264 πολίσματα·
770 3224 814 3255 ὦν
830 3225 861 3256 ἐν
874 3228 936 3261 τοῖς
956 3226 1170 3263 Κασταὸάλοις
1186 3227 1252 3260 ἐστὶ
1268 3230 1303 3261 τὸ
1322 3234 1376 3268 τῆς
1403 3232 1406 3248 ’

335 3270 491 3310 Περασίας
504 3270 673 3312 Ἀρτέμιδος
689 3270 781 3311 ἱερόν,
796 3270 875 3302 ὅπου
891 3272 965 3312 φασὶ
978 3272 1033 3309 τὰς
1048 3271 1158 3313 ἱερείας
1172 3278 1296 3314 γυμνοῖς
1313 3279 1377 3313 τοῖς

336 3316 410 3347 ποσὶ
426 3315 465 3348 δι’
486 3317 648 3358 ἀνθρακιᾶς
668 3317 801 3357 βαδίζειν
824 3318 965 3355 ἀπαθεῖς.
979 3335 1023 3341 -
1047 3319 1132 3359 (120)
1147 3320 1261 3352 suidas
1283 3331 1310 3354 s.
1333 3333 1369 3357 v.

336 3363 499 3403 Κελσῖνος,
514 3364 733 3400 Κασταὸαλεὺς
753 3365 926 3405 φιλόσοφος,
948 3365 981 3402 ὃς
997 3365 1111 3407 ἔγραψε
1126 3371 1310 3410 συναγωγὴν
1324 3372 1374 3404 δο-

1207 243 1275 282 DE
1304 243 1616 283 PYTHAGORA

1436 327 1767 377 Pythagoreorum
1801 338 1953 376 gregem
1990 334 2165 378 receptus

2218 326 2342 377 (121),
2374 325 2475 364 idem

1435 386 1520 424 sine
1547 385 1668 423 dubio
1702 394 1759 423 est
1784 398 1898 435 quem
1929 384 1977 422 de
2007 385 2137 423 animo
2168 385 2341 436 quaedam
2377 383 2477 423 scri-

1436 445 1559 496 psisse
1574 444 1703 496 prodit
1719 443 1956 481 Claudianus
1968 443 2177 483 Mamertus
2189 444 2315 495 ⁴(122).
2337 443 2423 481 Jam
2442 442 2476 481 si

1436 504 1652 541 Iamblicho
1687 503 1940 542 successionis
1976 503 2153 542 ordinem
2197 504 2346 543 notanti
2384 503 2478 541 fides

1435 561 1613 600 habenda
1634 561 1754 611 (123),
1774 561 1868 613 poni
1899 561 2010 600 illum
2043 570 2195 613 oportet
2228 570 2315 600 ante
2343 561 2477 599 Philo·

1435 620 1537 659 laum
1553 651 1564 672 ,
1590 622 1779 671 Eurytum
1805 629 1844 658 et
1870 620 2100 671 Archytam,
2133 633 2298 672 quorum
2326 627 2478 672 postre-

1435 693 1541 717 mum
1574 679 1754 717 nonnulli
1783 679 1884 717 inter
1912 679 2088 717 Platonis
2124 687 2383 731 praeceptores
2406 692 2478 716 nu-

1437 747 1597 776 merant.
1640 738 1714 777 Sed
1762 746 1946 789 apparet‚
1982 738 2198 777 Diodorum
2238 737 2344 776 hunc
2390 745 2481 790 post

1434 798 1635 836 Platonem
1662 797 1822 836 vixisse.
1853 796 2047 835 Nimirum
2074 795 2175 835 obiit
2192 796 2327 842 Plato,
2357 809 2479 835 annos

1435 866 1547 895 natus
1579 857 1747 908 amplius
1784 855 1980 906 octoginta
2018 855 2176 907 Olymp.
2215 854 2342 893 CVIII
2375 868 2478 893 anno

1434 915 1578 966 primo.
1600 915 1795 953 Diodorus
1812 923 1938 953 autem
1956 914 2158 953 familiaris
2179 914 2253 952 fuit
2273 913 2479 967 Stratonici

1435 975 1576 1013 musici
1596 974 1665 1025 qui
1681 975 1723 1012 in
1744 974 1832 1011 aula
1846 973 2047 1012 Ptolemaei
2072 973 2168 1023 Lagi
2187 971 2292 1026 (124)
2305 981 2481 1012 versatus

1434 1043 1512 1080 est,
1530 1034 1584 1072 ita
1603 1042 1646 1071 ut
1663 1046 1749 1071 eum
1768 1041 1857 1084 post
1874 1032 2145 1083 Olympiadem
2167 1029 2282 1069 cxlv
2301 1031 2481 1070 floruisse

1435 1107 1496 1132 res
1516 1095 1567 1131 sit
1579 1093 1809 1131 certissima.
1831 1091 2023 1130 Praeterea
2048 1091 2336 1130 Archestratum
2356 1090 2480 1142 Syra-

1436 1166 1621 1191 cusanum
1671 1165 1750 1190 non
1792 1150 1909 1189 fuisse
1941 1150 2122 1188 -Platonis
2159 1150 2371 1200 aequalem,
2411 1149 2480 1188 sed

1435 1221 1542 1251 aetate
1555 1211 1813 1263 posteriorem
1841 1223 1889 1248 ex
1907 1210 2080 1248 Athenaei
2097 1208 2231 1248 verbis
2260 1209 2482 1259 colligimus

1435 1273 1503 1324 qui
1531 1272 1602 1312 lib.
1636 1272 1669 1319 1,
1693 1285 1733 1322 p.
1768 1277 1790 1316 4
1820 1268 1923 1323 (125)
1954 1283 1963 1307 ε
2003 1269 2295 1317 Archestratus‚
2327 1268 2479 1320 inquit,

1435 1330 1642 1381 ignorabat
1669 1330 1790 1368 fuisse
1808 1329 1850 1366 in
1877 1328 2052 1367 Platonis
2078 1328 2262 1366 convivio
2282 1327 2482 1368 duodetri-

1436 1391 1544 1440 ginta
1563 1390 1761 1428 convivas.
1781 1387 1960 1426 Meminit
1980 1400 2075 1425 vero
2095 1386 2264 1425 Diodori
2285 1386 2478 1438 Aspendii

1434 1457 1477 1486 ut
1505 1457 1586 1486 tum
1617 1447 1788 1486 viventis
1817 1445 2089 1484 Archestratus
2119 1447 2160 1483 in
2187 1445 2480 1496 elegantissimo

1435 1508 1606 1547 carmine
1626 1506 1738 1557 cujus
1758 1505 1830 1544 hos
1861 1519 1999 1544 versus
2021 1518 2225 1557 superesse
2243 1504 2369 1543 voluit
2399 1505 2479 1543 for·

1435 1577 1529 1606 tuna
1555 1567 1593 1618 (1
1602 1567 1666 1617 26)
1688 1580 1697 1603 :

1542 1667 1634 1706 Ἀλλ’
1655 1667 1693 1705 οὖ
1710 1664 1833 1704 πολλοὶ
1850 1665 1947 1703 ἴσασι
1968 1664 2100 1716 βροτῶν
2123 1661 2200 1702 τόδε
2223 1665 2312 1701 θεῖον
2329 1662 2479 1714 ἔδεσμα,

1542 1725 1613 1763 οὐδ’
1641 1723 1751 1763 ἔσθειν
1775 1723 1951 1763 ἐθέλουσιν
1967 1721 2040 1761 ὅσοι
2064 1718 2384 1773 κεπφαττελεὸώδη

1540 1783 1656 1837 ψυχὴν
1672 1782 1858 1832 κέκτηνται
1880 1785 2012 1830 θνητῶν
2033 1780 2118 1820 εἰσίν
2138 1781 2173 1819 τ’
2187 1779 2427 1832 ,ἀπόπληκτος

1491 1877 1496 1883 .
1541 1845 1587 1887 ὡς
1607 1835 1879 1896 ἀνθρωποφάγου
1903 1844 1963 1879 τοῦ
1984 1840 2104 1893 θηρίου
2125 1839 2231 1883 ὄντος.
2249 1837 2341 1883 ἅπας
2365 1837 2404 1877 δὲ

1541 1902 1638 1955 ἰχθὺς
1652 1902 1766 1954 σάρκα
1783 1901 1877 1955 φιλεῖ
1890 1899 2051 1954 βροτέην,
2073 1898 2115 1937 ἄν
2134 1914 2200 1937 που
2219 1896 2427 1951 περικύρσῃ·

1542 1961 1631 2001 ὥστε
1647 1963 1773 2014 πρέπει
1792 1963 1951 2014 καθαρῶς
1968 1958 2089 1998 ὁπόσοι
2109 1957 2193 1997 τάδε
2214 1957 2461 2010 μωρολογοῦσι

1543 2027 1614 2067 τοῖς
1651 2020 1819 2074 λαχάνοις
1851 2018 2058 2073 προσάγειν,
2091 2016 2152 2056 καὶ
2183 2015 2270 2069 πρὸς
2307 2015 2481 2066 Διόδωρον

2342 2071 2483 2125 [ἰόντας

1543 2139 1600 2178 τὸν
1621 2138 1725 2191 σοφὸν
1743 2137 1937 2191 ἐγκρατέως
1952 2137 2030 2188 μετ’
2051 2134 2182 2174 ἐκείνου
2196 2131 2452 2185 πυθαγορίζειν.

1436 2241 1580 2279 Stultos
1600 2253 1682 2279 esse
1703 2240 1757 2278 ait
1775 2240 1844 2290 qui
1861 2238 1989 2276 nolint
2010 2248 2204 2275 muraenas
2219 2234 2327 2286 (127)
2349 2233 2479 2282 edere,

1435 2315 1487 2351 qu
1493 2300 1543 2338 od
1551 2313 1685 2338 carnes
1696 2300 1883 2337 humanas
1893 2305 2033 2335 vorent
2054 2309 2063 2332 :
2076 2295 2202 2347 pisces
2215 2294 2320 2332 enim
2331 2306 2479 2342 omnes,

1435 2360 1468 2398 si
1489 2359 1645 2410 quando
1664 2358 1867 2396 inveniant
1879 2386 1890 2404 ,
1909 2356 1960 2394 iis
1979 2354 2177 2393 delectari.
2214 2353 2478 2399 Quamobrem

1435 2419 1504 2469 qui
1521 2419 1596 2456 isto
1605 2417 1763 2455 nomine
1776 2416 1862 2453 illas
1877 2413 2088 2461 fastidiant,
2105 2424 2171 2451 eos
2185 2411 2360 2450 oleribus
2374 2410 2480 2448 vesci

1434 2477 1575 2516 debere
1594 2485 1632 2514 et
1650 2475 1781 2527 petitis
1800 2472 1966 2512 Diodori
1992 2471 2127 2510 castris
2145 2470 2480 2522 Pythagoreorum

1434 2548 1543 2574 more
1563 2535 1712 2574 vivere.
1725 2571 1731 2580 ,
1746 2533 1906 2571 Constat
1922 2531 2030 2583 (128)
2048 2538 2175 2569 autem
2200 2528 2304 2567 hunc
2324 2527 2477 2566 Diodo-

1476 2663 1563 2705 (121)
1580 2662 1770 2696 lamblichus
1793 2662 1851 2693 vit.
1872 2660 2002 2702 Pythag.
2025 2668 2095 2698 cap.
2115 2661 2155 2691 36
2174 2655 2315 2697 -(122)
2330 2653 2477 2688 Claudia-

1433 2720 1493 2744 nus
1509 2712 1684 2744 Mamertus
1700 2710 1740 2742 de
1764 2712 1849 2741 statu
1864 2709 1978 2740 animae
2000 2707 2056 2739 lib.
2069 2707 2100 2738 ΙΙ
2117 2713 2188 2745 cap.
2205 2707 2236 2743 7,
2253 2711 2324 2744 pag.
2345 2705 2403 2734 125
2425 2700 2478 2733 ed.

1433 2759 1544 2793 Barth.
1570 2777 1613 2785 —
1630 2758 1715 2798 (123)
1745 2757 1794 2788 Cf.
1826 2754 1958 2794 Bentleii
1985 2761 2097 2794 opusc.
2131 2751 2243 2792 philol.
2277 2758 2309 2790 p.
2340 2752 2402 2781 200
2425 2747 2477 2780 ed.

1434 2807 1518 2847 Lips.
1547 2825 1587 2832 —
1622 2805 1708 2843 (124)
1738 2803 1911 2835 Athenaeus
1940 2801 1994 2833 lib.
2022 2801 2069 2832 IV
2089 2808 2121 2840 p.
2155 2799 2225 2837 163,
2244 2798 2278 2828 et
2306 2794 2366 2827 lib.
2398 2796 2478 2827 Vm

1435 2864 1466 2896 p.
1481 2857 1553 2886 350.
1569 2873 1604 2881 -
1628 2851 1714 2894 (125)
1733 2851 1905 2883 Athenaeus
1918 2849 1973 2881 lib.
1989 2850 2005 2880 I
2023 2856 2091 2888 pag.
2106 2848 2124 2878 4
2143 2855 2151 2876 :
2170 2846 2276 2886 ἀγνοεῖ
2291 2841 2318 2875 δ’
2335 2842 2382 2874 ὅτι
2401 2844 2432 2874 οἱ
2446 2843 2478 2874 ἐν

1433 2905 1478 2943 τῷ
1492 2901 1656 2936 Πλάτωνος
1671 2898 1824 2939 συσσιτίῳ
1840 2898 1924 2929 ὀκτὼ
1942 2896 1995 2928 καὶ
2010 2895 2110 2927 εἴκοσι
2120 2893 2213 2933 ἦσαν.
2231 2909 2273 2915 ·-
2285 2892 2370 2931 (126)
2382 2890 2480 2923 Athe-

1435 2958 1525 2982 naeus
1552 2948 1607 2980 lib.
1624 2948 1669 2980 Ν
1689 2957 1719 2988 p.
1743 2950 1811 2979 163.
1829 2966 1869 2972 -
1888 2944 1975 2985 (127)
2002 2945 2051 2975 De
2083 2940 2235 2973 muraenis
2257 2937 2479 2978 intelligendos

1434 3005 1502 3030 esse
1517 2996 1576 3027 hos
1595 3003 1704 3027 versus
1715 2994 1859 3033 apertum
1881 2991 1940 3023 est.
1959 2989 2043 3023 Vide
2062 2988 2202 3021 Plinium
2222 2986 2307 3019 Hist.
2335 2986 2402 3017 nat.
2421 2984 2477 3016 lib.

1436 3046 1480 3076 ix
1491 3052 1562 3082 cap.
1581 3045 1620 3075 23
1634 3051 1672 3074 ac
1686 3040 1918 3074 Tertullianum
1936 3038 2018 3070 libro
2033 3036 2072 3069 de
2091 3036 2186 3077 pallio
2204 3042 2278 3075 cap.
2291 3036 2311 3066 5
2325 3041 2357 3073 p.
2373 3030 2482 3064 561111-

1435 3100 1498 3132 que
1516 3090 1716 3122 salmasium.
1730 3107 1770 3115 -
1786 3088 1872 3129 (128)
1896 3086 2071 3119 Athenaeus
2091 3083 2148 3115 lib.
2166 3084 2213 3115 1v
2232 3091 2263 3121 p.
2286 3083 2347 3113 163
2366 3092 2374 3112 :
2391 3079 2431 3119 ἦν
2449 3079 2467 3111 δ

1436 3138 1453 3168 ὁ
1469 3137 1623 3179 Διόδωρος
1639 3136 1728 3173 οὗτος
1753 3135 1789 3167 τὸ
1803 3134 1858 3176 μὲν
1881 3133 1967 3173 γένος
1991 3131 2166 3166 Ἀσπένδιος
2179 3152 2188 3168 ,
2211 3126 2427 3167 Πυθαγορικὸς
2440 3125 2474 3157 δὲ

1436 3184 1523 3221 δόξας
1547 3184 1624 3216 εἶναι
1640 3185 1727 3224 ὑμῶν
1755 3185 1818 3214 τῶν
1845 3183 1980 3213 κυνικῶν
2005 3178 2120 3221 τρόπον
2142 3176 2194 3214 ἔζη
2221 3177 2330 3215 κομῶν
2348 3174 2402 3205 καὶ
2427 3173 2482 3213 ρον

1436 3234 1502 3262 πῶν
1530 3231 1584 3262 καὶ
1606 3229 1820 3267 ἀνυποδητῶν.
1841 3227 1935 3260 ’Όθεν
1950 3226 2004 3258 καὶ
2023 3223 2239 3265 Πυθαγορικὸν
2254 3222 2291 3253 τὸ
2310 3224 2365 3259 τῆς
2381 3219 2480 3260 κόμης

1403 3302 1405 3311 ,
1435 3278 1541 3315 ἔδοξαν
1563 3278 1643 3310 εἷναί
1661 3288 1760 3317 τινες,
1784 3276 1846 3308 ἀπὸ
1862 3278 1918 3307 τοῦ
1943 3274 2102 3314 Διοδώρου
2122 3270 2296 3312 προαχθέν,
2319 3269 2362 3304 ὥς
2385 3277 2479 3308 vum*

1434 3325 1621 3366 Ἕρμιππος.
1635 3325 1765 3364 Τίμαιος
1781 3322 1810 3355 δ’
1829 3325 1846 3355 ὁ
1863 3321 2091 3363 Ταυρομενίτης
2110 3319 2141 3351 ἐν
2155 3321 2192 3359 τῇ
2207 3316 2298 3356 ἐνάτῃ
2317 3318 2380 3347 τῶν
2399 3310 2481 3345 ίστο-

1436 3375 1509 3412 ριῶν
1535 3372 1604 3413 περὶ
1629 3372 1724 3403 αὐτοῦ
1759 3370 1866 3412 γράφει
1894 3370 2005 3406 οὕτως·
2024 3367 2182 3407 Διοδώρου
2197 3367 2254 3396 τοῦ
2271 3363 2307 3394 τὸ
2326 3362 2413 3402 γένος
2430 3360 2479 3393 Ἀ·

337 3410 464 3450 γμάτων
492 3411 594 3449 πάση·
617 3412 764 3448 αἱρέσεως
785 3411 964 3453 φιλοσόφου.
995 3414 1044 3445 cf.
1079 3413 1230 3446 Eudooiae
1253 3415 1374 3448 violar.
1403 3427 1406 3462 γ
1435 3417 1580 3449 σπενδίου
1592 3419 1648 3455 τὴν
1664 3418 1889 3459 ἐξηλλαγμένην
1902 3415 2121 3456 εἰσαγαγόντος
2136 3412 2332 3449 κατασκευὴν
2347 3410 2400 3442 καὶ
2413 3411 2480 3444 τοῖς

339 3464 371 3495 ι).
397 3461 468 3489 272.

1402 3468 1405 3488 i
1435 3465 1654 3506 Πυθαγορείοις
1680 3465 1923 3503 πεπλησιακέναι
1951 3461 2220 3504 προσποιηθέντος
2248 3459 2323 3502 πρὸς
2346 3458 2381 3490 ὃν
2412 3457 2480 3490 ἐπι·-
