2638 3840
353 281 404 313 46
997 268 1158 308 rlMAE1
1191 268 1345 307 Locnl
1375 268 1444 306 DE
1474 267 1646 308 ΑΝΙΜΑ
1677 266 1864 306 MUNDl.

343 360 404 400 καὶ
433 361 644 412 πνεύματος·
666 360 806 412 μωσικὰ
828 360 862 398 δὲ
892 359 951 398 καὶ
974 359 996 397 ἆ
1018 358 1146 401 ταύτας
1169 356 1310 409 ἁγεμὼν
1331 374 1390 412 φι-

343 420 510 474 λοσοφία,
531 420 589 459 ἐπὶ
608 426 653 473 τᾷ
672 426 735 464 τᾶς
752 422 865 472 ψυχᾶς
887 417 1104 471 ἐπανορθώσι
1123 421 1310 470 ταχθεῖσαι
1325 417 1393 456 ὑπὸ

344 481 430 518 θεῶν
449 495 488 517 τε
518 479 578 519 καὶ
601 479 729 531 νόμων,
748 479 891 524 ἐθίζοντι
912 476 973 516 καὶ
1001 479 1176 525 πείθοντι,
1201 476 1261 516 καὶ
1281 493 1391 516 ποτα·

343 538 570 590 ναγκάζοντι,
594 539 634 577 τὸ
653 538 715 588 μὲν
740 538 864 588 ἄλογον
885 538 934 588 τῷ
950 537 1109 589 λογισμῷ
1127 535 1324 584 πείθεσθαι,
1342 539 1392 589 τῷ

345 598 375 636 δ’
396 597 512 650 ἀλόγῳ
533 597 639 648 θυμὸν
662 597 724 648 μὲν
746 602 856 648 πρᾶον
872 589 982 646 εἶμεν,
1001 595 1187 646 ἐπιθυμίαν
1204 593 1240 633 δὲ
1261 597 1295 633 ἐν
1315 597 1392 648 ἀρε·

345 656 454 708 μήσι,
473 659 520 701 ὡς
549 655 598 706 μὴ
632 656 714 709 δίχα
740 655 834 705 λόγω
859 654 1056 703 κινέεσθαι,
1079 654 1168 705 μηδὲ
1199 653 1267 705 μὰν
1290 655 1392 706 ἀτρε-

345 716 440 767 μίζεν
462 719 521 754 τῶ
554 718 603 754 νῶ
632 715 876 764 ε’κκαλεομένω
904 713 927 762 ἢ
953 713 1034 752 ποτὶ
1057 713 1141 766 ἔργα
1159 713 1181 760 ἢ
1202 713 1283 752 ποτὶ
1305 715 1394 753 ἀπο-

346 775 504 819 λαύσιας.
523 769 638 818 Οὗτος
656 775 723 827 γάρ
743 776 836 812 ἐστιν
855 774 932 827 ὅρος
952 772 1198 827 σωφροσύνας,
1221 773 1394 812 εὐπείθεια

342 851 381 873 τε
400 835 460 873 καὶ
479 833 659 887 καρτερία.
720 833 793 874 Καὶ
811 833 944 878 σύνεσις
959 833 1020 872 καὶ
1041 834 1063 872 ἁ
1084 832 1281 885 πρεσὸίστα
1300 833 1394 886 φιλο·

343 895 464 948 σοφία,
485 892 799 946 ἀποκαθαράμεναι
821 892 970 947 ψευδέας
1005 891 1104 937 δόξας
1135 893 1301 939 ἐνέθηκαν
1329 892 1392 930 τὰν

344 953 553 1003 ἐπιστάμαν,
574 952 883 1003 ἀνακαλεσάμεναι
902 950 961 989 τὸν
991 952 1068 990 νόον
1089 953 1128 989 ἐκ
1154 950 1310 1002 μεγάλας
1330 956 1391 994 τᾶς

344 1012 501 1063 ἀγνοίας,
513 1011 721 1064 χαλάσασαι
736 1014 769 1055 ἐς
785 1011 864 1066 ὄψιν
878 1012 946 1049 τῶν
964 1011 1080 1060 θείων,
1095 1015 1166 1056 τοῖς
1181 1009 1391 1062 ἐνδιατρίὸεν

343 1070 403 1110 σὺν
438 1070 609 1125 αὖταρκίᾳ
638 1086 675 1108 τε
697 1069 986 1123 ποττάνθρώπεια
1007 1069 1068 1108 καὶ
1093 1069 1153 1109 σὺν
1185 1069 1300 1122 εὗροίᾳ
1335 1070 1392 1108 ἐπὶ

343 1129 398 1168 τὸν
419 1131 620 1182 σύμμετρον
644 1129 709 1183 βίω
728 1130 853 1183 χρόνον
875 1128 1040 1181 εὔδαιμόν
1060 1130 1168 1169 ἐστιν.

393 1191 415 1239 §
445 1203 491 1228 12.
512 1188 615 1242 “Ὀτῳ
635 1188 699 1239 μὲν
723 1189 764 1236 δὴ
787 1192 805 1228 ὁ
825 1188 959 1239 δαίμων
994 1188 1117 1241 μοίρας
1148 1188 1246 1226 τᾶσδ’
1267 1188 1390 1240 ἔλαχε,

340 1248 384 1285 δι’
398 1248 639 1287 ἀλαθεστάταν
655 1248 756 1293 δόξαν
779 1248 902 1299 ἄγεται
923 1247 981 1286 ἐπὶ
1000 1248 1058 1286 τὸν
1079 1247 1391 1298 εὐδαιμονέστατον

342 1305 430 1357 βίον.
488 1308 536 1346 Αἰ
574 1307 610 1345 δέ
646 1307 692 1345 καί
726 1301 777 1350 τις
806 1306 956 1357 σκλαρὸς
993 1306 1051 1345 καὶ
1092 1306 1236 1353 ἀπειθής
1249 1337 1259 1356 ,
1279 1308 1329 1359 τῷ
1363 1305 1392 1344 δ’

339 1366 474 1404 ἑπέσθω
496 1365 637 1410 κόλασις
659 1365 681 1404 ἅ
711 1367 740 1404 τ’
762 1367 802 1404 ἐκ
820 1369 890 1405 τῶν
910 1365 1026 1417 νόμων
1049 1365 1108 1404 καὶ
1133 1366 1154 1404 ἁ
1175 1367 1214 1404 ἐκ
1240 1367 1306 1403 τῶν
1333 1365 1392 1404 λό-

341 1440 427 1476 γων,
450 1424 596 1463 σύντονα
622 1425 795 1478 ἐπάγοισα
825 1424 975 1475 δείματά
995 1440 1031 1463 τε
1054 1425 1246 1478 ὑπουράνια
1267 1424 1326 1463 καὶ
1348 1423 1392 1462 τὰ

341 1536 494 1576 losophiae
511 1536 666 1569 beneficio
685 1537 887 1577 contingunt.
932 1539 992 1569 Hae
1010 1537 1095 1568 enim
1113 1537 1280 1568 facultates
1299 1536 1391 1567 alunt

338 1598 371 1627 et
388 1595 540 1627 roborant
558 1597 628 1627 tum
648 1604 781 1636 corpora
800 1599 866 1627 tum
885 1596 1009 1627 animos
1027 1595 1210 1634 laboribus,
1232 1595 1389 1627 exercito·

338 1654 498 1694 tionibus,
516 1663 594 1695 pura
613 1655 750 1703 denique
767 1655 842 1687 vitae
860 1655 1001 1695 ratione,
1024 1654 1138 1696 partim
1159 1654 1393 1686 medicamenta

341 1713 381 1744 ad
398 1722 533 1753 corpora
552 1713 723 1746 reficienda
740 1713 949 1754 adhibentes,
967 1714 1085 1755 partim
1112 1715 1237 1745 animos
1256 1714 1388 1754 castiga·

340 1771 482 1803 tionibus
498 1772 530 1804 et
547 1771 846 1812 reprehensionibus
860 1773 1053 1805 erudientes.
1071 1772 1288 1804 corroborant
1304 1772 1389 1803 enim

341 1830 739 1870 animum,cohortationis
765 1831 902 1863 stimulis
931 1831 999 1871 eJus
1030 1832 1188 1872 impetum
1214 1831 1393 1863 excitantes

340 1898 480 1930 eumque
504 1890 544 1921 ad
564 1892 639 1931 apta
656 1890 797 1922 facinora
816 1891 1027 1931 impellentes.
1073 1890 1224 1923 Unctoris
1237 1889 1330 1930 igitur
1342 1899 1393 1922 ars

342 1950 375 1981 et
401 1957 474 1990 quae
502 1949 578 1981 huic
607 1951 743 1990 cognata
770 1951 819 1982 est
844 1949 1004 1982 medicina
1034 1949 1223 1990 corporibus
1243 1949 1394 1981 curandis

342 2010 505 2042 destinata
534 2012 632 2052 atque
659 2010 699 2042 ad
730 2010 886 2052 optimam
915 2010 1116 2043 harmoniam
1141 2010 1306 2042 facultates
1324 2010 1392 2041 illas

344 2069 512 2101 adducens
533 2079 649 2110 purum
672 2069 861 2110 sanguinem
882 2069 1098 2110 spiritumque
1113 2069 1251 2101 fluidum
1270 2068 1393 2108 reddit,

345 2131 381 2162 ut
400 2130 551 2170 quamvis
571 2129 711 2162 morbidi
734 2130 813 2171 quid
834 2129 955 2169 subsit,
971 2129 1001 2161 id
1019 2129 1132 2161 validae
1151 2129 1313 2170 sanguinis
1327 2129 1394 2169 spi-

344 2189 489 2230 ritusque
507 2189 674 2221 facultates
689 2189 816 2222 vincere
832 2189 953 2230 queant
973 2198 981 2220 z
1004 2189 1126 2221 musica
1146 2197 1225 2221 vero
1250 2190 1283 2220 et
1300 2187 1395 2228 hujus

343 2248 410 2280 dux
429 2248 630 2289 philosophia
642 2248 682 2280 ad
697 2248 840 2280 animum
855 2247 1093 2280 emendandum
1104 2256 1123 2279 a
1135 2247 1194 2280 diis
1210 2247 1396 2288 legibusque

343 2308 529 2339 constitutae
545 2307 761 2339 assuefaciunt
781 2308 813 2339 et
830 2307 967 2340 suadent
982 2307 1015 2339 et
1028 2307 1146 2348 cogunt
1161 2310 1283 2347 partem
1297 2306 1394 2338 animi

346 2365 478 2397 rationis
507 2367 673 2407 expertem
704 2365 821 2398 rationi
856 2366 1096 2407 obtemperare,
1122 2365 1156 2397 in
1185 2374 1258 2398 eam
1289 2367 1395 2398 autem

343 2425 466 2465 partem
490 2433 563 2465 quae
582 2424 716 2456 rationis
732 2425 774 2456 sit
792 2433 908 2465 expers
939 2425 1043 2456 lenem
1063 2433 1133 2456 esse
1154 2424 1252 2462 iram,
1271 2424 1394 2464 cupidi-

344 2485 443 2515 tatem
459 2484 638 2523 quiescere,
655 2484 700 2515 ita
724 2485 760 2515 ut
785 2493 849 2516 non
874 2483 942 2519 sine
968 2484 1093 2516 ratione
1113 2485 1317 2520 moveantur,
1331 2492 1390 2515 nec

347 2546 458 2574 contra
477 2543 662 2583 quiescant,
676 2551 776 2583 quum
793 2542 876 2583 ipsas
891 2551 982 2575 mens
999 2542 1051 2575 vel
1070 2542 1111 2575 ad
1128 2543 1269 2574 actiones
1286 2541 1336 2574 vel
1355 2541 1396 2573 ad

346 2601 519 2642 voluptatis
541 2602 682 2633 fructum
700 2601 874 2633 vocaverit.
896 2603 954 2634 Est
976 2601 1061 2633 enim
1088 2601 1310 2643 temperantiae
1331 2602 1394 2634 ter-

348 2660 455 2691 minus
467 2660 647 2693 obedientia
661 2669 699 2692 ac
714 2660 892 2693 tolerantia.
938 2660 1001 2693 Sed
1020 2662 1053 2693 et
1068 2660 1273 2701 intelligentia
1290 2663 1322 2693 et
1338 2670 1394 2692 au-

348 2721 442 2760 gusta
459 2720 511 2751 illa
534 2720 734 2761 philosophia
747 2722 887 2752 mentem
906 2721 993 2752 salsis
1006 2720 1208 2761 opinionibus
1226 2721 1391 2753 liberatam

324 2810 337 2822 ,
348 2779 490 2811 scientiae
506 2779 656 2812 dicarunt
675 2780 772 2820 atque
788 2788 807 2810 a
825 2788 939 2820 magna
957 2780 1139 2820 ignorantia
1158 2782 1340 2812 revocatam
1354 2780 1393 2811 ad

350 2849 456 2872 rerum
467 2840 649 2871 divinarum
664 2839 966 2880 contemplationem
984 2841 1205 2880 erexerunt,in
1222 2850 1287 2882 qua
1298 2841 1395 2873 rebus

349 2898 496 2929 humanis
509 2898 734 2930 convenienter
745 2897 864 2929 versari
879 2897 1068 2940 justumque
1082 2899 1157 2931 vitae
1167 2899 1297 2939 tempus
1316 2898 1396 2931 bene

350 2956 505 2989 collocare
524 2956 605 2989 beati
624 2956 762 2989 hominis
774 2959 835 2989 est.

1455 358 1536 398 καθ’
1549 358 1564 374 ‘'
1595 359 1682 406 δεω,
1697 356 1748 396 ὅτι
1765 356 1923 400 κολάσιες
1941 354 2172 407 ἀπαραίτητοι
2195 354 2398 392 ἀπόκεινται
2418 354 2499 392 δυσ-

1456 419 1599 469 δαίμοσι
1619 417 1811 471 νερτέροις,
1841 416 1900 455 καὶ
1930 409 2043 453 τᾶλλα
2071 416 2136 454 ὅσα
2165 413 2317 452 ἐπαινέω
2335 414 2394 452 τὸν
2423 410 2503 453 Ἰω-

1454 480 1549 519 νικὸν
1574 478 1722 527 ποιητὰν
1750 479 1790 516 ἐκ
1815 479 1971 519 παλαιᾶς
1997 478 2161 514 ποιεῦντα
2180 473 2247 518 τὼς
2275 473 2438 524 ἐναγέας·
2457 474 2504 518 ὥς

1454 538 1522 591 γὰρ
1546 540 1591 577 τὰ
1617 538 1768 587 σώματα
1793 533 1959 574 νοσώδεσί
1979 548 2072 572 ποκα
2092 532 2298 584 ὑγιάζομες,
2323 531 2428 570 αἴκα
2453 531 2503 583 μὴ

1455 596 1531 648 εἴκῃ
1551 601 1621 639 τοῖς
1641 593 1912 646 ὑγιεινοτάτοις,
1936 590 2027 630 οὕτω
2055 591 2118 635 τὰς
2149 590 2266 643 ψυχὰς
2294 589 2505 642 ἀπείργομες

1454 655 1596 709 ψευδέσι
1614 653 1746 706 λόγοις,
1764 652 1802 691 αἴ
1829 667 1876 691 κα
1901 649 1949 702 μὴ
1971 651 2100 702 ἄγηται
2118 648 2277 689 ἀλαθέσι.
2335 647 2504 700 Λέγοιντο

1456 714 1484 752 δ’
1499 713 1540 752 ἂν
1559 713 1757 764 ἀναγκαίως
1772 711 1833 750 καὶ
1850 709 2017 762 τιμωρίαι
2036 709 2146 757 ξέναι,
2166 711 2213 752 ὡς
2230 710 2505 760 μετενδυομινᾶν

1455 779 1517 810 τᾶν
1538 775 1654 824 ψυχᾶν
1676 774 1746 809 τῶν
1778 770 1842 821 μὲν
1860 771 1982 809 δειλῶν
2002 771 2036 813 ἐς
2063 769 2245 819 γυναικεῖα
2269 766 2401 807 σκάνεα
2426 769 2505 805 ποθ’

1455 831 1555 884 ὕὸριν
1577 830 1804 880 ἐκδιδόμενα,
1825 831 1894 868 τῶν
1929 827 1965 867 δὲ
1997 827 2188 881 μιαιφόνων
2220 828 2254 871 ἐς
2289 824 2416 879 θηρίων
2439 824 2508 864 σώ-

1459 907 1555 942 ματα
1591 889 1672 927 ποτὶ
1708 888 1865 936 κόλασιν,
1891 887 2028 939 λάγνων
2060 888 2090 925 δ’
2119 887 2153 931 ἐς
2182 888 2273 925 συῶν
2303 883 2327 931 ἢ
2361 884 2507 937 κάπρων

1458 948 1612 1002 μορφάς,
1629 948 1766 1001 κούφων
1789 947 1824 986 δὲ
1845 947 1905 986 καὶ
1930 945 2114 999 μετεώρων
2135 949 2168 990 ἐς
2187 948 2327 994 πτηνῶν
2346 946 2506 999 ,depo-trd-

1458 1025 1542 1061 ρων,
1567 1010 1681 1061 ἀργῶν
1699 1006 1736 1046 δὲ
1756 1007 1816 1046 καὶ
1834 1005 2024 1056 ἀπράκτων
2045 1007 2189 1056 ἀμαθῶν
2208 1019 2247 1044 τε
2270 1004 2331 1043 καὶ
2350 1006 2507 1052 ἀνοήτων

1456 1070 1490 1112 ἐς
1510 1068 1572 1107 τὰν
1590 1070 1659 1106 τῶν
1680 1066 1828 1118 ἐνύδρων
1850 1066 1957 1104 ἰδέαν.
2011 1066 2171 1104 Ἄπαντα
2191 1065 2227 1102 δὲ
2245 1066 2360 1103 ταῦτα
2379 1065 2415 1103 ἐν
2432 1066 2508 1102 Esu-

1455 1126 1539 1180 τέρᾳ
1569 1126 1722 1179 περιόδῳ
1742 1126 1764 1164 ἆ
1783 1126 1936 1175 Νέμεσις
1957 1124 2170 1177 συνδιέκρινε
2190 1123 2253 1162 σὺν
2273 1123 2417 1174 δαίμοσι
2434 1139 2507 1162 πα-

1455 1185 1637 1236 λαμναίοις
1652 1183 1802 1238 χθονίοις
1819 1200 1877 1231 τε,
1898 1189 1969 1227 τοῖς
1989 1183 2157 1227 ἐπόπταις
2177 1187 2246 1222 τῶν
2266 1182 2505 1234 ἀνθρωπίνων,

1456 1238 1503 1286 οἷς
1532 1247 1550 1282 ὃ
1577 1244 1716 1282 πάντων
1745 1243 1887 1295 ἁγεμὼν
1909 1242 1983 1285 θεὸς
2002 1242 2172 1295 ἐπέτρεψε
2195 1241 2362 1290 διοίκησιν
2385 1241 2510 1292 κόσμω

1457 1302 1799 1355 συμπεπληρωμένω
1830 1304 1869 1340 ἐκ.
1901 1305 1986 1341 θεῶν
2007 1318 2045 1341 τε
2064 1302 2124 1340 καὶ
2144 1301 2339 1354 ἀνθρώπων
2370 1303 2440 1339 τῶν
2470 1316 2509 1339 τε

1455 1361 1570 1400 ἄλλων
1602 1361 1714 1416 ζῴων,
1743 1361 1809 1400 ὅσα
1845 1361 2144 1414 δεδαμιούργαται
2178 1359 2257 1399 ποτ’
2291 1359 2408 1400 εἰκόνα
2442 1358 2506 1398 τὰν

1455 1423 1602 1475 ἅρίσταν
1621 1421 1728 1465 εἴδεος
1745 1421 1924 1474 ἀγεννάτω
1943 1421 2003 1459 καὶ
2024 1420 2152 1459 αἷωνίω
2171 1420 2232 1459 καὶ
2259 1422 2385 1459 νοατῶ.

1496 1534 1515 1575 §
1539 1538 1588 1566 12.
1609 1534 1709 1573 CuJus
1728 1534 1826 1574 igitur
1842 1534 1934 1573 genio
1963 1533 2034 1565 haec
2053 1534 2167 1573 obtigit
2185 1541 2272 1572 sors,
2293 1532 2319 1564 is
2336 1541 2390 1572 per
2408 1533 2506 1563 veris-

1454 1593 1569 1624 simam
1593 1593 1781 1634 opinionem
1807 1592 1848 1624 ad
1869 1592 2086 1624 felicissimam
2109 1592 2207 1623 vitam
2229 1591 2426 1632 perducitur.
2471 1590 2504 1622 si

1454 1652 1526 1692 quis
1550 1659 1625 1683 vero
1645 1651 1744 1683 durus
1767 1653 1800 1684 et
1823 1653 1999 1683 contumax
2030 1651 2144 1690 suerit,
2170 1659 2243 1682 eum
2274 1659 2367 1691 poena
2393 1658 2505 1682 con-se-

1454 1714 1571 1751 quetur
1587 1712 1659 1742 tum
1684 1720 1725 1743 ex
1747 1710 1870 1751 legibus
1890 1712 1959 1742 tum
1977 1719 2018 1742 ex
2036 1710 2098 1742 illis
2119 1709 2233 1742 sabulis
2253 1713 2286 1742 et
2302 1709 2506 1749 rumoribus,

1454 1770 1573 1811 quibus
1590 1779 1703 1811 magna
1717 1779 1818 1810 eaque
1840 1770 1939 1801 simul
1956 1770 2096 1802 coelestia
2113 1769 2208 1801 simul
2230 1769 2353 1801 inferna
2370 1769 2505 1810 terricu-

1455 1830 1593 1861 lamenta
1609 1829 1852 1870 denuntiantur,
1866 1828 2008 1861 infelices
2021 1828 2171 1860 videlicet
2188 1837 2301 1860 manes
2311 1827 2506 1875 inevitabilia

1454 1889 1610 1930 supplicia
1630 1897 1779 1928 manere,
1797 1889 1830 1920 et
1850 1888 1972 1928 reliqna
1991 1897 2065 1928 quae
2088 1888 2218 1920 lonicus
2240 1891 2334 1928 poeta
2357 1897 2376 1920 e
2398 1889 2506 1920 vetere

1456 1947 1610 1980 memoria
1626 1948 1763 1988 repetita
1781 1947 1814 1979 in
1829 1947 2000 1980 sceleratos
2021 1947 2136 1980 merito
2153 1947 2308 1979 confinxit
2325 1957 2334 1979 :
2351 1947 2503 1989 quemad-

1455 2008 1587 2040 modum
1603 2007 1688 2039 enim
1702 2016 1836 2048 corpora
1858 2006 2007 2039 remediis
2023 2006 2217 2048 quibusdam
2234 2006 2390 2040 morbidis
2410 2015 2505 2039 sana-

1456 2075 1546 2111 mus,
1561 2066 1622 2098 nisi
1639 2065 1758 2098 cedant
1773 2065 2010 2106 saluberrimis,
2026 2066 2069 2098 ita
2082 2067 2116 2098 et
2132 2066 2258 2097 animos
2277 2065 2363 2098 salsis
2384 2074 2507 2098 sermo·

1456 2126 1548 2158 nibus
1561 2126 1758 2172 deterremus
1768 2149 1778 2164 ,
1794 2125 1857 2157 nisi
1870 2125 2030 2157 ducantur
2047 2126 2146 2157 veris.
2190 2126 2392 2166 Quapropter
2406 2124 2504 2159 etiam

1458 2186 1637 2219 necessario
1667 2187 1963 2218 commemorentur
2002 2187 2165 2226 peregrina
2209 2185 2381 2227 supplicia,
2413 2184 2505 2226 quasi

1456 2246 1572 2279 anima:
1596 2255 1614 2278 e
1639 2254 1810 2286 corporum
1826 2244 1961 2276 vinculis
1980 2244 2095 2284 elapsae
2113 2244 2296 2283 transeant,
2316 2241 2504 2283 ignavorum

1457 2306 1587 2347 quidem
1606 2305 1638 2337 in
1658 2304 1828 2337 muliebria
1853 2313 1985 2345 corpora
2004 2304 2044 2335 ad
2067 2302 2274 2344 ignominiam
2291 2302 2386 2343 data,
2403 2302 2507 2349 hornis

1457 2363 1603 2396 cidarum
1631 2373 1709 2396 vero
1732 2363 1767 2396 in
1793 2364 1932 2396 ferarum
1952 2371 2086 2403 corpora
2109 2362 2149 2393 ad
2179 2344 2399 2403 supplicium‚⁷
2412 2370 2507 2403 porro

1457 2422 1696 2454 libidinosorum
1730 2421 1764 2453 in
1792 2430 1887 2453 suum
1915 2421 1964 2452 vel
1994 2429 2144 2460 aprorum
2173 2421 2310 2460 formas,
2328 2419 2448 2452 levium
2475 2422 2504 2451 ct

1457 2483 1665 2514 ventosorum
1682 2481 1851 2512 hominum
1865 2481 1897 2511 in
1913 2480 2072 2512 aeriarum
2086 2480 2196 2512 avium
2209 2480 2350 2520 species,
2361 2479 2505 2520 segnium

1457 2540 1604 2581 denique,
1619 2539 1807 2579 otiosorum,
1819 2539 2054 2580 imperitorum,
2071 2539 2258 2571 stolidorum
2272 2539 2305 2571 in
2317 2538 2504 2580 aquatilium

1457 2601 1610 2642 speciem.
1655 2599 1773 2632 omnia
1786 2601 1894 2632 autem
1911 2599 1982 2632 haec
1997 2600 2028 2631 in
2043 2599 2185 2632 secundo
2211 2599 2346 2631 circuitu
2365 2598 2503 2631 Nemesis

1457 2659 1645 2700 dijudicavit
1664 2668 1739 2691 curn
1767 2658 1828 2691 diis
1851 2659 1961 2691 inseris
1987 2659 2148 2700 caedisque
2175 2658 2379 2697 vindicibus,
2398 2667 2504 2691 rerun·

1458 2718 1674 2750 humanarum
1692 2717 1943 2758 inspectoribus,
1958 2717 2076 2759 quibos
2092 2717 2145 2750 ille
2166 2717 2309 2749 oninium
2333 2717 2501 2758 imperator

1458 2779 1537 2811 deus
1561 2787 1730 2819 supremus
1747 2778 1909 2810 commisit
1933 2778 2240 2810 administrationem
2261 2777 2371 2810 mundi
2388 2776 2496 2818 explet

1457 2838 1518 2870 diis
1534 2837 1786 2879 hominibusque
1799 2839 1831 2870 et
1849 2837 1979 2878 reliquis
1990 2838 2200 2876 animalibus,
2215 2846 2288 2879 quae
2300 2837 2340 2869 ad
2354 2837 2501 2883 optimarr

1459 2907 1523 2929 non
1552 2898 1684 2939 genitae,
1712 2899 1864 2938 aeternae,
1896 2897 2100 2938 intelligibilis
2126 2898 2238 2930 formae
2266 2897 2401 2939 effigiem
2430 2899 2502 2930 sunl

1459 2957 1575 2990 creata.

2616 812 2625 849 2²³

2616 862 2633 904 ³²
