2606 3828
321 252 397 286 402

321 349 404 375 esse
426 334 705 387 expetendam,
729 342 765 371 at
786 332 1009 370 felicitatem
1032 344 1110 368 non
1137 340 1298 383 propter
1319 345 1360 371 se

321 397 461 447 ipsam,
484 394 549 433 sed
565 402 724 445 propter
739 393 911 441 singulas
927 391 1166 441 voluptates:
1186 391 1363 443 volupta-

322 465 395 494 tem
408 463 590 506 praeterea
604 453 748 490 bonum
763 464 845 489 esse
857 451 1063 496 affirmant,
1085 449 1236 487 etiamsi
1249 462 1269 487 a
1285 458 1363 488 tur-

320 514 494 566 pissimis
508 514 623 550 rebus
633 512 798 549 oriatur.
820 509 1009 555 Quamvis
1028 508 1131 546 enim
1149 508 1292 546 foedum
1313 509 1363 548 sit

322 574 483 619 facinus,
499 571 733 621 voluptatem
749 578 874 606 tamen
889 581 958 619 per
977 580 1017 606 se
1031 567 1155 619 ipsam
1177 576 1360 619 expeten-

321 634 408 671 dam
442 645 523 670 esse
557 639 669 680 atque
700 629 741 666 in
770 628 887 666 bonis
909 626 1202 666 numerandam.
1238 629 1362 666 Porro

319 691 389 728 illa
408 689 555 726 doloris
572 688 758 725 detractio
775 716 784 734 ,
809 695 850 724 ut
869 695 925 724 est
942 686 1045 738 apud
1062 685 1288 736 Epicurum,
1304 687 1362 725 eis

323 763 401 788 non
422 748 576 784 videtur
591 759 672 784 esse
689 747 886 797 voluptas,
908 759 1033 797 neque
1047 746 1260 797 voluptatis
1278 747 1364 797 pri-

320 809 424 847 vatio
443 808 555 845 dolor
574 821 583 843 z
602 815 767 857 utraque
786 806 889 844 enim
910 819 989 844 esse
1018 806 1059 844 in
1088 814 1211 852 motu,
1240 819 1360 856 quum

320 882 399 907 non
437 867 486 904 sit
526 874 657 903 motus
694 866 844 903 doloris
876 865 1139 917 voluptatisve
1170 865 1359 916 privatio.

319 927 463 977 Nempe
486 925 554 963 illa
574 925 722 963 doloris
736 925 909 963 vacuitas
926 933 1111 975 tanquam
1131 923 1363 963 dormientis

319 995 439 1024 status
458 994 529 1024 est.
552 985 672 1022 Posse
692 984 879 1035 quosdam
899 982 1010 1034 ajunt
1030 983 1270 1035 voluptatem
1291 984 1363 1021 mi-

320 1046 423 1082 nime
444 1051 623 1095 appetere
635 1055 705 1094 per
717 1043 835 1080 animi
850 1042 1084 1094 pravitatem
1105 1055 1115 1079 t
1138 1054 1217 1078 non
1234 1049 1361 1079 tamen

318 1116 449 1141 omnes
481 1101 599 1139 animi
621 1101 842 1152 voluptates
875 1114 918 1138 ac
946 1100 1102 1138 dolores
1136 1113 1157 1138 e
1181 1100 1359 1151 corporis

318 1159 586 1212 voluptatibus
605 1173 649 1197 ac
678 1159 882 1197 doloribus
903 1159 1022 1197 nasci.
1054 1158 1150 1196 Nam
1171 1172 1220 1196 ex
1243 1158 1365 1209 quali-

317 1220 383 1258 bet
392 1220 561 1272 simplici
577 1220 712 1270 patriae
727 1219 983 1271 prosperitate
1001 1218 1084 1256 sive
1101 1219 1255 1269 privata
1272 1217 1359 1268 ,feli-

319 1281 430 1318 citate
447 1279 627 1330 gaudium
646 1279 767 1328 gigni.
784 1278 858 1316 Sed
874 1290 997 1328 neque
1011 1276 1204 1315 bonorum
1222 1290 1364 1314 memo-
1392 1294 1393 1301 ι

319 1340 378 1377 ria
388 1338 746 1390 autexspectatione
756 1338 994 1389 voluptatem
1004 1337 1107 1375 effici
1121 1336 1245 1387 ajunt,
1257 1336 1363 1387 quod

317 1398 495 1450 placebat
523 1398 715 1449 Epicur03
750 1411 837 1435 nam
875 1406 1047 1448 tempore
1074 1405 1221 1433 motum
1244 1396 1363 1433 animi
1392 1401 1394 1410 ⁴

319 1459 582 1508 languescere.
612 1457 716 1502 Quin
738 1469 808 1494 nec
834 1457 918 1495 solo
945 1456 1030 1494 visu
1052 1456 1112 1493 vel
1132 1455 1267 1493 auditu
1285 1469 1359 1494 vo-

318 1521 484 1569 luptates
507 1526 682 1555 constare
715 1516 872 1563 dicunt,
904 1516 1097 1566 siquidem
1123 1528 1189 1553 eos
1218 1515 1287 1565 qui
1307 1515 1365 1552 la-

321 1577 577 1615 mentationes
606 1576 821 1623 imitantur,
847 1574 1013 1612 libenter
1047 1573 1249 1620 audimus,
1272 1588 1366 1613 vere

320 1645 445 1679 autem
465 1637 738 1684 lamentantes,
757 1647 835 1671 non
862 1633 1043 1672 libenter.
1073 1632 1237 1684 Insuper
1254 1633 1365 1671 volu-

320 1696 437 1746 ptatis
447 1708 490 1732 ac
504 1694 649 1732 doloris
660 1693 916 1744 privationem
933 1692 1081 1730 medios
1093 1700 1212 1729 status
1229 1692 1365 1743 appel-

319 1754 467 1794 labant.
485 1755 615 1803 Longe
638 1762 763 1790 tamen
780 1752 1065 1803 praestantiores
1086 1763 1169 1788 esse
1187 1752 1366 1802 corporis

322 1826 436 1864 quam
461 1812 581 1850 animi
607 1812 845 1862 voluptates,
861 1838 866 1847 -.
881 1810 1094 1847 deteriores
1118 1822 1213 1846 vero
1243 1810 1365 1847 mole-

322 1873 414 1911 stias
424 1901 433 1920 ,
444 1885 540 1923 quas
555 1884 696 1922 corpus
709 1870 839 1908 habet.
858 1869 1046 1907 Caeterum
1060 1868 1266 1920 Cyrenaici
1283 1869 1364 1919 (42)

321 1979 374 2010 καὶ
394 1978 463 2019 περὶ
485 1978 575 2018 ἡμῶν
592 1973 783 2008 ἀστενάκτει.
806 1973 882 2006 Vid.
904 1974 1017 2013 fragm.
1041 1975 1094 2005 74.
1109 1990 1150 1996 —
1167 1973 1231 2013 (41)
1251 1972 1364 2013 Dioge·

321 2033 377 2056 nes
393 2024 535 2057 Laertius
546 2023 600 2054 lib.
611 2024 653 2061 ΙΙ,
670 2024 767 2054 86-90
781 2034 789 2053 ;
801 2022 829 2052 οἱ
840 2021 889 2053 ἐπὶ
901 2025 953 2059 τῆς
965 2019 1089 2060 ἀγωγῆς
1097 2023 1151 2051 τοῦ
1165 2019 1366 2060 Ἀριστίππου

323 2071 479 2111 μείναντες
502 2071 555 2103 καὶ
575 2070 768 2110 Κυρηναϊκοὶ
791 2068 1087 2110 προσαγορευθέντες
1105 2067 1206 2103 δόξαις
1229 2068 1366 2108 ἐχρῶντο

321 2119 489 2154 τοιαύταις.
506 2118 570 2150 Δύο
590 2117 673 2155 πάθη
695 2115 879 2156 ὑφίσταντο,
900 2116 995 2147 πόνον
1017 2115 1069 2147 καὶ
1086 2114 1212 2153 ἡδονήν·
1234 2115 1293 2152 τήν
1312 2114 1367 2154 μὲν

319 2165 402 2200 λείαν
432 2164 574 2202 κίνησιν,
591 2163 646 2200 τήν
666 2162 789 2199 ἡδονήν·
811 2161 864 2192 τὸν
887 2161 920 2192 δὲ
942 2161 1037 2193 πόνον
1057 2164 1205 2201 τραχεῖαν
1231 2159 1366 2198 κίνησιν·

322 2213 364 2253 μὴ
382 2211 532 2252 διαφέρειν
551 2222 585 2242 τε
601 2210 712 2248 ἡδονὴν
727 2209 854 2246 ἡδονῆς,
872 2208 948 2248 μηδὲ
965 2208 1051 2246 ἥδιόν
1074 2219 1104 2239 τι
1124 2208 1218 2239 εἶναι,
1236 2208 1297 2239 Καὶ
1311 2208 1367 2244 τήν

321 2260 376 2300 μὲν
394 2258 564 2296 εὐδοκητὴν
583 2260 661 2289 πᾶσι
688 2257 799 2297 ζῴοις,
817 2255 870 2287 τὸν
888 2256 921 2287 δὲ
949 2255 1212 2296 ἀποκρουστικόν.
1234 2255 1367 2292 Ἡδονὴν

322 2308 426 2348 μέντοι
446 2308 501 2345 τὴν
516 2309 571 2337 τοῦ
593 2305 758 2344 σώματος,
782 2303 818 2335 οὐ
846 2304 900 2342 τὴν
929 2304 1208 2342 καταστηματικὴν
1238 2303 1365 2342 ἡδονήν,

319 2356 375 2393 τὴν
395 2354 442 2387 ἐπ’
457 2352 610 2393 ἀναιρέσει
625 2350 802 2390 ἀλγηδόνων
818 2351 872 2381 καὶ
886 2350 951 2381 οἷον
966 2350 1156 2390 ἀνοχλησίαν
1167 2373 1176 2389 ,
1192 2350 1229 2388 ἣν
1243 2351 1260 2381 ὁ
1281 2349 1368 2382 Ἐπί-

319 2412 430 2443 κουρος
443 2399 649 2439 ἀποδέχεται,
665 2398 749 2433 τέλος
771 2396 850 2428 εἶναί
867 2407 954 2436 φασι.
981 2400 1076 2428 Δοκεῖ
1090 2397 1116 2428 δ’
1127 2397 1229 2433 αὐτοῖς
1244 2397 1296 2428 καὶ
1317 2397 1368 2427 τέ·

320 2451 370 2486 λος
386 2446 581 2487 εὐδαίμονίας
595 2445 757 2486 διαφέρειν·
775 2446 859 2481 τέλος
874 2445 928 2484 μὲν
940 2445 999 2486 γὰρ
1015 2445 1093 2476 εἶναι
1110 2445 1166 2482 τήν
1180 2444 1262 2475 κατὰ
1279 2444 1368 2486 μέρος

322 2496 447 2535 ἡδονήν·
466 2492 662 2533 εὐδαιμονίαν
678 2492 759 2523 δὲτὸ
776 2491 812 2523 ἐκ
828 2496 891 2524 τῶν
913 2495 1047 2533 μερικῶν
1067 2492 1186 2529 ἡδονῶν
1204 2491 1361 2530 σύστημα·

323 2545 400 2576 εἶναι
415 2542 447 2575 δὲ
464 2542 520 2579 τὴν
539 2541 665 2581 μερικὴν
682 2539 793 2576 ἡδονὴν
807 2539 849 2570 δι’
863 2540 963 2577 ,αὑτὴν
986 2539 1109 2580 αἱρετήν
1122 2562 1130 2577 ,
1147 2539 1203 2576 τήν
1217 2538 1243 2569 δ’
1262 2539 1365 2569 εὐδαι-

323 2589 431 2630 μονίαν
451 2588 488 2619 οὐ
506 2586 545 2618 δι’
558 2586 672 2624 αὑτήν,
695 2585 772 2616 ἀλλὰ
794 2585 845 2616 διὰ
867 2585 921 2621 τὰς
941 2585 1022 2616 κατὰ
1041 2585 1131 2626 μέρος
1152 2583 1273 2622 ἡδονάς·
1289 2584 1367 2615 εἶναι

322 2638 355 2668 δὲ
370 2637 425 2673 τὴν
444 2634 555 2672 ἡδονὴν
577 2631 691 2670 ἀγαθὸν
703 2654 712 2669 ,
731 2631 789 2662 κᾶν
811 2631 874 2663 ἀπὸ
891 2634 954 2663 τῶν
980 2630 1209 2672 ἀσχημοτάτων
1228 2631 1366 2670 γένηται.

323 2684 361 2715 Εἰ
375 2682 432 2723 γὰρ
449 2682 501 2712 καὶ
518 2682 538 2718 ἡ
557 2679 663 2720 πρᾶξις
685 2679 800 2714 ἄτοπος
819 2678 885 2718 εἰη,
905 2678 970 2710 ἀλλ’
986 2677 1039 2709 οὖν
1059 2680 1078 2716 ἡ
1093 2678 1186 2716 ἡδονὴ
1209 2677 1248 2709 δι’
1272 2679 1368 2716 αὑτὴν

324 2730 428 2770 αἱρετὴ
449 2728 502 2759 καὶ
532 2726 659 2767 ἀγαθόν.
694 2726 733 2757 Ἣ
759 2725 791 2756 δὲ
818 2728 873 2756 τοῦ
902 2726 1066 2765 ἀλγοῦντος
1089 2725 1280 2766 ὑπεξαίρεσις
1306 2726 1369 2765 (ὡς

324 2777 440 2817 είρηται
460 2773 531 2815 παρ’
557 2772 751 2814 Ἐπικούρῳ)
771 2773 858 2804 δοκεῖ
878 2773 981 2809 αὐτοῖς
999 2774 1041 2813 μή
1058 2774 1138 2804 εἶναι
1160 2773 1274 2812 ἡδονή,
1299 2774 1370 2805 οὐδὲ

324 2826 344 2862 ἡ
363 2822 492 2861 ἀηδονία
505 2821 664 2859 ἀλγηδών,
678 2821 708 2851 ἐν
723 2820 842 2855 κινήσει
859 2820 918 2860 γὰρ
932 2820 1008 2851 εἶναι
1023 2819 1198 2860 ἀμφότερα,
1216 2820 1257 2859 μή
1275 2821 1370 2858 οὔσης

325 2875 379 2909 τῆς
399 2869 527 2904 ἀπονίας
547 2869 566 2905 ἢ
589 2871 643 2904 τῆς
663 2866 807 2903 ἀηδονίας
833 2867 995 2903 κινήσεως·
1018 2868 1082 2898 ἐπεὶ
1108 2869 1127 2904 ἡ
1144 2867 1258 2898 ἀπονία
1275 2868 1368 2899 οἱονεὶ

325 2915 524 2951 καθεύδοντός
552 2915 617 2946 ἐστι
651 2913 856 2949 κατάστασις.
894 2914 1050 2945 Δύνασθαι
1075 2914 1108 2945 δέ
1128 2924 1202 2955 φασι
1227 2915 1280 2945 καὶ
1314 2915 1368 2952 τὴν

326 2964 438 3003 ἡδονήν
448 2973 532 2998 τινας
551 2962 593 3002 μή
615 2961 768 3001 αἱρεῖσθαι
783 2960 864 2991 κατὰ
879 2961 1075 3002 διαστροφήν.
1086 2961 1133 2992 Οὐ
1149 2961 1255 2998 πάσας
1269 2962 1370 3002 μέντοι

326 3013 381 3049 τὰς
397 3010 532 3052 ψυχικὰς
551 3008 663 3046 ἡδονὰς
690 3007 743 3039 καὶ
764 3006 935 3047 ἀλγηδόνας
958 3008 1007 3039 ἐπὶ
1033 3011 1227 3048 σωματικαῖς
1247 3008 1370 3046 ἡδοναῖς

327 3059 380 3090 καὶ
395 3055 543 3094 ἀλγηδόσι
566 3054 716 3094 γίνεσθαι.
750 3054 811 3084 Καὶ
832 3054 891 3094 γὰρ
913 3053 963 3085 ἐπὶ
989 3055 1063 3094 ψιλῇ
1083 3058 1120 3093 τῇ
1146 3058 1198 3092 τῆς
1222 3055 1370 3096 πατρίδος

329 3104 493 3145 εὐημερίᾳ,
513 3103 590 3144 ἤπερ
614 3104 652 3141 τῇ
671 3100 747 3141 ἰδίᾳ,
773 3100 872 3142 χαρὰν
887 3101 1070 3140 ἐγγίνεσθαι.
1098 3101 1187 3134 Ἀλλὰ
1207 3103 1267 3142 μὴν
1295 3103 1369 3134 οὐδὲ

328 3153 410 3184 κατὰ
424 3151 546 3192 μνήμην
564 3152 626 3181 τῶν
640 3149 764 3188 ἀγαθῶν
775 3170 783 3186 ,
796 3149 816 3186 ἢ
830 3148 1035 3189 προσδοκίαν,
1051 3149 1163 3186 ἡδονήν
1182 3153 1279 3190 φασιν
1289 3150 1369 3181 ἀπο·

329 3201 495 3237 τελεῖσθαι,
513 3198 588 3239 ὅπερ
601 3197 731 3236 ἤρεσκεν
752 3196 942 3236 Ἐπικούρῳ,
959 3195 1121 3227 ἐκλύεσθαι
1138 3196 1251 3237 γὰρτῷ
1266 3196 1370 3238 χρόνῳ

330 3248 366 3278 τὸ
384 3251 436 3285 τῆς
455 3248 556 3287 ψυχῆς
578 3245 707 3283 κίνημα.
724 3243 860 3281 Λέγουσι
884 3243 916 3274 δέ
931 3242 1007 3283 μηδὲ
1025 3242 1106 3273 κατὰ
1119 3244 1212 3283 ψιλήν
1225 3243 1281 3280 τήν
1295 3243 1371 3283 ὅρα-

331 3306 381 3326 σιν
390 3295 410 3331 ἢ
420 3294 475 3331 τὴν
487 3293 583 3330 ἀκοὴν
591 3292 728 3332 γίνεσθαι
738 3288 860 3327 ἡδονάς.
872 3290 943 3320 Τῶν
953 3292 1029 3329 γοῦν
1039 3289 1373 3330 μιμουμένωνθρήνους

331 3341 428 3379 ἡδέως
442 3340 606 3378 ἀκούομεν·
623 3342 685 3370 τῶν
699 3338 732 3369 δὲ
749 3336 831 3367 κατὰ
841 3337 999 3374 ἀλήθειαν.
1015 3337 1129 3374 ἀηδῶς.
1147 3336 1252 3372 Μέσας
1265 3347 1298 3367 τε
1312 3347 1371 3368 κα-

333 3388 497 3424 ταστάσεις
511 3387 669 3427 ὠνόμαζον
691 3384 836 3422 ἀηδονίαν
853 3385 906 3415 καὶ
925 3383 1069 3416 ἀπονίαν.
1087 3383 1174 3415 Πολὺ
1193 3384 1295 3424 μέντοι
1309 3374 1376 3415 τῶν

335 3436 478 3474 ψυχικῶν
506 3435 624 3471 ἡδονῶν
653 3433 708 3469 τὰς
735 3431 917 3470 σωματικὰς
945 3431 1087 3472 ἀμείνους
1115 3431 1210 3470 εἶναι,
1237 3431 1289 3462 καὶ
1318 3431 1372 3468 τὰς

338 3481 480 3522 ὀχλήσεις
507 3480 626 3521 χείρους
651 3480 706 3515 τὰς
726 3478 920 3519 σωματικάς.
943 3495 983 3502 --
1015 3477 1081 3518 (42)
1106 3477 1220 3510 Cicero
1241 3478 1374 3510 Tuscul.

1006 242 1419 284 CYRENAICORUM
1450 245 1782 288 FRAGMENTA.

1423 346 1500 372 non
1521 336 1628 374 omni
1649 336 1751 374 malo
1772 336 2041 386 aegritudinem
2069 338 2172 378 effici
2192 348 2372 388 censent,
2392 342 2461 381 sed
2482 357 2486 366 ·

1423 393 1620 445 insperato
1647 403 1685 432 et
1712 396 1943 447 necopinato
1968 396 2084 435 malo.
2111 395 2233 437 Iidem
2267 397 2346 451 (43)
2372 412 2464 451 pro-

1422 460 1509 504 pter
1518 454 1780 504 permotiones
1791 454 1946 493 intimas
1958 455 2057 494 nibil
2072 464 2209 508 putant
2216 469 2300 496 esse
2308 457 2464 509 judieii.

1422 509 1573 549 Etenim
1605 511 1646 550 in
1666 512 1751 550 solo
1777 521 1901 560 tactu,
1922 521 1960 551 et
1988 526 2035 551 eo
2060 514 2214 564 quidem
2234 528 2350 567 quem
2374 516 2465 568 pbi-

1422 570 1578 622 losophi
1606 572 1834 610 interiorem
1860 582 2022 620 vocant,
2043 582 2109 612 aut
2137 574 2288 614 doloris
2307 584 2374 615 aut
2393 589 2464 615 vo·

1423 630 1607 681 luptatis,
1627 639 1765 682 putant
1792 631 1878 670 veri
1911 644 1995 670 esse
2010 632 2225 684 judicium,
2257 635 2351 684 quia
2377 646 2490 679 sen*⁶

1423 688 1558 728 tiatur.
1581 689 1729 739 Negant
1746 699 1873 729 autem
1893 704 1978 729 esse
1998 691 2216 742 quidquam
2238 691 2336 744 (44),
2357 692 2466 745 quod

1423 749 1576 801 percipi
1596 750 1721 801 possit
1739 752 1996 798 extrinsecus,
2018 763 2063 789 ea
2083 763 2124 789 se
2140 751 2224 789 sola
2243 752 2465 805 percipere,

1425 815 1512 860 quae
1531 817 1635 847 tactu
1654 809 1795 848 intimo
1827 810 2010 858 sentiant,
2038 819 2081 849 ut
2108 806 2310 861 dolorem,
2335 819 2380 850 ut
2401 824 2468 851 vo·

1425 868 1610 919 luptatem
1622 883 1633 917 ;
1659 881 1786 920 neque
1805 882 1845 908 se
1858 899 1870 917 ,
1895 883 1973 921 quo
2001 870 2097 920 quid
2129 870 2282 918 colore,
2301 878 2368 909 aut
2387 884 2467 922 quo

1425 940 1524 966 sono
1548 928 1621 979 sit,
1659 929 1773 976 scire,
1808 928 1876 967 sed
1896 937 2046 967 tantum
2076 930 2248 980 sentire,
2285 930 2388 969 affici
2425 943 2468 970 se

1424 989 1597 1038 quodam
1614 987 1746 1025 modo.
1765 987 1897 1033 Quid?
1914 988 2019 1039 quod
2033 988 2084 1026 iis
2103 989 2229 1040 placet
2245 989 2326 1039 (45)
2342 1002 2469 1041 neque

1424 1048 1635 1098 sapientem
1676 1059 1828 1098 semper
1854 1047 1896 1085 in
1926 1047 2128 1099 voluptate
2158 1050 2308 1096 vivere,
2341 1054 2468 1101 neque

1425 1119 1560 1144 rursus
1590 1105 1842 1157 insipientem
1876 1119 2030 1158 semper
2062 1107 2104 1145 in
2138 1107 2297 1156 dolore,
2330 1120 2466 1148 verum

1427 1164 1574 1216 majore
1587 1178 1635 1203 ex
1649 1173 1757 1222 pag-te
1775 1165 1832 1203 sic
1852 1173 2060 1216 utrumque
2079 1165 2193 1205 affici.
2213 1165 2316 1205 Satis
2341 1175 2468 1206 autem

1429 1237 1525 1272 esse,
1542 1224 1723 1263 homines
1739 1224 1856 1262 unius
1880 1224 2090 1263 incidentis
2119 1225 2334 1278 voluptatis
2350 1225 2471 1265 bene-

1426 1283 1513 1320 ficio
1533 1284 1704 1322 suaviter
1721 1284 1887 1323 restitui.
1928 1284 2181 1323 prudentiam
2211 1284 2371 1336 quidem
2401 1284 2472 1324 bo-

1427 1356 1518 1380 num
1540 1355 1624 1381 esse
1639 1342 1850 1390 affirmant,
1869 1356 1940 1381 nec
1959 1352 2085 1382 tamen
2102 1351 2266 1396 propter
2284 1357 2326 1384 se
2346 1345 2471 1396 ipsam

1426 1401 1678 1453 expetendam
1692 1431 1702 1449 ‚
1722 1403 1792 1440 sed·
1813 1415 1948 1440 eorum
1970 1403 2093 1452 gratia
2112 1416 2201 1454 quae
2227 1415 2278 1441 ex
2295 1403 2366 1442 illa
2383 1415 2472 1455 per-

1427 1460 1610 1511 cipimus.
1652 1461 1855 1498 Amicitias
1897 1460 2080 1499 utilitatis
2115 1473 2232 1500 causa
2260 1461 2469 1513 parandas.

1426 1519 1520 1557 Nam
1541 1529 1579 1558 et
1595 1520 1774 1571 corporis
1794 1528 1939 1571 partes,
1959 1520 2145 1570 quamdiu
2169 1520 2313 1568 adsint,
2328 1520 2465 1561 amari.

1426 1578 1595 1618 Virtutes
1626 1579 1812 1630 quasdam
1831 1588 1870 1617 et
1889 1579 2207 1630 imprudentibus
2225 1579 2468 1630 ingenerari.

1427 1638 1613 1689 Corporis
1656 1638 1977 1677 exercitationem
2019 1638 2199 1676 conferre
2234 1638 2283 1677 ad
2312 1639 2472 1678 virtutis

1427 1698 1612 1736 studium.
1649 1698 1870 1749 Sapientem
1900 1711 2100 1749 nunquam
2130 1710 2256 1748 neque
2290 1698 2470 1737 invidum

1427 1769 1555 1807 neque
1589 1757 1778 1795 amasium
1829 1769 1956 1806 neque
2005 1755 2326 1807 superstitiosum
2363 1755 2471 1806 sore,
2495 1802 2499 1805 ¹

1427 1818 1522 1866 quia
1542 1816 1602 1854 hae
1621 1829 1684 1854 res
1715 1829 1736 1853 e
1757 1828 1857 1852 vana
1887 1815 2075 1866 opinione
2104 1814 2283 1853 oriantur
2305 1828 2315 1853 t
2335 1813 2472 1854 dolore

1428 1882 1555 1912 tamen
1584 1883 1621 1913 et
1651 1883 1756 1912 metu
1786 1873 1982 1911 turbatum
2014 1874 2088 1920 iri,
2125 1881 2332 1924 propterea
2363 1873 2469 1924 quod

1427 1934 1509 1971 haec
1550 1942 1696 1971 naturae
1725 1933 2001 1971 convenienter
2027 1932 2136 1971 fiant.
2173 1931 2341 1970 Divitias
2368 1931 2473 1971 ultro

1427 1993 1671 2043 voluptatum
1706 1991 1921 2029 effectrices
1951 2003 2056 2039 esse,
2084 1991 2311 2040 neutiquam
2334 2002 2407 2040 per
2423 2003 2468 2029 se

1427 2051 1674 2102 expetendas.
1707 2049 2029 2088 perturbationes
2065 2049 2156 2087 item
2187 2047 2466 2101 comprehendi

1428 2123 1544 2161 posse
1564 2109 1762 2160 dicebant,
1784 2121 2028 2159 nequaquam
2051 2116 2178 2146 tamen
2200 2119 2245 2146 ea
2259 2120 2308 2146 ex
2327 2105 2474 2158 quibus

1429 2170 1636 2208 exsistunt.
1672 2168 1721 2206 Ut
1752 2168 1985 2219 quaestiones
2005 2166 2201 2205 naturales
2221 2164 2470 2217 omittebant,

1428 2229 1532 2280 quod
1554 2237 1730 2266 naturam
1759 2226 2038 2277 comprehendi
2067 2233 2147 2264 non
2171 2238 2288 2277 posse
2306 2237 2470 2277 appare-

1428 2297 1485 2327 ret
1508 2303 1516 2325 :
1540 2288 1594 2326 ita
1617 2288 1769 2337 logicen
1792 2291 1954 2338 propter
1971 2285 2057 2336 ejus
2083 2298 2196 2323 usum
2214 2283 2470 2334 attingebant.

1428 2347 1538 2387 Nihil
1585 2355 1722 2384 natura
1753 2345 1902 2396 justum
1937 2357 2021 2383 esse
2062 2342 2370 2391 contendebant,
2406 2351 2472 2381 aut

1427 2407 1631 2444 honestum
1652 2406 1711 2443 vel
1732 2414 1869 2456 turpe,
1903 2405 1972 2442 sed
2004 2404 2087 2453 lege
2114 2412 2152 2441 et
2179 2401 2471 2441 consuetudine.

1429 2468 1606 2504 Attamen
1626 2466 1686 2503 vir
1707 2464 1836 2502 bonus
1861 2463 1960 2501 nihil
1980 2463 2112 2514 inepte
2130 2462 2244 2500 saciet
2258 2461 2310 2500 ob
2337 2474 2472 2514 poenas

1429 2526 1614 2564 instantes
1649 2524 1710 2562 vel
1743 2524 1856 2562 falsas
1895 2523 2103 2574 opiniones
2134 2521 2328 2562 vitandas.
2361 2521 2471 2560 Talis

1428 2633 1487 2671 ΙΙΙ,
1513 2634 1560 2663 13.
1582 2649 1624 2657 -
1640 2630 1705 2670 (43)
1719 2629 1833 2661 Cicero
1853 2627 1951 2660 Acad.
1973 2629 2018 2666 ΙΙ,
2036 2630 2087 2659 46.
2099 2645 2141 2650 -
2157 2626 2221 2668 (44)
2239 2626 2354 2660 Cicero
2367 2626 2470 2658 Aead.

1429 2681 1471 2719 ΙΙ,
1492 2681 1542 2711 24.
1562 2694 1603 2701 -
1620 2677 1685 2716 (45)
1701 2676 1862 2716 Diogenes
1874 2675 2018 2707 Laertius
2037 2675 2090 2706 lib.
2109 2677 2156 2714 11,
2170 2677 2288 2707 91-93:
2305 2674 2430 2716 ἀρέσκει
2446 2671 2475 2705 δ’

1429 2727 1549 2763 αὐτοῖς,
1570 2725 1647 2766 μήτε
1665 2724 1719 2755 τὸν
1739 2723 1835 2762 σοφὸν
1852 2722 1954 2754 πάντα
1976 2721 2074 2759 ἡδέως
2098 2724 2150 2760 ζῆν
2163 2745 2172 2760 ,
2194 2721 2272 2761 μήτε
2284 2721 2473 2762 πάνταφαῦ-

1428 2776 1481 2806 λον
1510 2773 1685 2811 ἐπιπόνως,
1708 2771 1786 2803 ἀλλὰ
1806 2770 1887 2801 κατὰ
1908 2770 1945 2801 τὸ
1966 2771 2121 2801 πλεῖστον.
2148 2771 2248 2810 Ἀρκεῖ
2269 2768 2302 2800 δὲ
2313 2770 2378 2802 κᾶν
2391 2767 2474 2800 κατὰ

1430 2822 1503 2862 μίαν
1524 2833 1569 2857 τις
1586 2819 1844 2861 προσπίπτουσαν
1860 2817 1958 2855 ἡδέως
1978 2817 2131 2857 ἐπανάγῃ.
2146 2817 2210 2854 Τὴν
2223 2814 2370 2856 ῃόνησιν
2391 2814 2472 2854 ἀγα·

1429 2870 1480 2901 θὸν
1498 2869 1552 2909 μὲν
1577 2867 1654 2898 εἶναι
1682 2866 1844 2905 λέγουσιν,
1865 2864 1902 2895 οὐ
1925 2862 1964 2894 δι’
1986 2863 2098 2901 ἑαυτὴν
2117 2863 2149 2895 δὲ
2168 2862 2310 2903 αἱρετήν,
2325 2861 2404 2893 ἀλλὰ
2421 2861 2473 2893 διὰ

1429 2917 1468 2948 τὰ
1485 2917 1516 2953 ἐξ
1528 2915 1620 2952 αὐτῆς
1635 2911 1862 2953 περιγινόμενα.
1890 2910 1952 2942 Τὸν
1978 2910 2063 2950 φίλον
2085 2913 2139 2948 τῆς
2161 2909 2266 2951 χρείας
2284 2909 2386 2941 ἕνεκα.
2413 2909 2474 2940 Καὶ

1429 2965 1489 3005 γὰρ
1506 2964 1594 3006 μέρος
1611 2962 1756 3002 σώματος
1780 2960 1885 2999 μέχρις
1901 2958 1938 2989 ἂν
1954 2961 2037 2998 παρῇ
2049 2981 2057 2996 ,
2075 2956 2282 2994 ἀσπάζεσθαι.
2307 2957 2381 2988 Τῶν
2399 2954 2472 2996 ἀρε-

1431 3015 1494 3043 τῶν
1515 3010 1598 3046 ἐνίας
1616 3008 1670 3040 καὶ
1684 3006 1752 3044 περὶ
1766 3006 1837 3041 τοὺς
1855 3005 1989 3046 ἄφρονας
2007 3004 2223 3035 συνίστασθαι.
2245 3004 2310 3041 Τὴν
2329 3011 2465 3043 σωματι-

1431 3059 1487 3096 κὴν
1500 3058 1636 3094 ἄσκησιν
1649 3053 1880 3094 συμὸάλλεσθαι
1901 3053 1975 3092 πρὸς
1990 3051 2099 3093 ἀρετῆς
2115 3050 2279 3090 ἀνάληψιν.
2293 3049 2356 3081 Τὸν
2377 3048 2474 3088 σοφὸν

1435 3106 1512 3146 μήτε
1532 3103 1712 3146 φθονήσειν,
1731 3100 1808 3142 μήτε
1833 3099 2058 3139 ἐρασθήσεσθαι
2072 3099 2091 3136 ἢ
2113 3096 2404 3137 δεισιδαιμονήσειν·
2423 3094 2472 3134 γί-

1431 3152 1536 3183 νεσθαι
1551 3149 1610 3191 γὰρ
1633 3150 1732 3180 ταῦτα
1747 3145 1833 3187 παρὰ
1852 3145 1943 3183 κενὴν
1960 3143 2063 3180 δόξαν.
2082 3144 2288 3181 Λυπήσεσθαι
2302 3141 2406 3182 μέντοι
2418 3141 2473 3172 καὶ

1432 3196 1635 3239 φοῧήσεσθαι·
1663 3195 1803 3235 φυσικῶς
1835 3191 1894 3232 γὰρ
1919 3190 2073 3232 γίνεσθαι.
2111 3190 2173 3222 Καὶ
2202 3190 2255 3222 τὸν
2280 3190 2412 3220 πλοῦτον
2440 3186 2474 3218 δὲ

1432 3243 1594 3280 ποιητικὸν
1612 3242 1724 3279 ἡδονῆς
1743 3240 1843 3278 εἶναι,
1869 3238 1907 3269 οὐ
1936 3237 1975 3269 δι’
1998 3238 2092 3269 αὑτὸν
2112 3235 2245 3279 αἱρετόν.
2270 3234 2320 3267 Τά
2341 3244 2376 3266 τε
2389 3233 2473 3270 πάθη

1430 3288 1626 3328 καταληπτά.
1654 3288 1782 3326 Ἔλεγον
1803 3285 1856 3318 οὖν
1889 3283 1987 3323 αὐτά,
2011 3285 2068 3316 οὐκ
2095 3284 2145 3325 ἀφ’
2170 3283 2213 3314 ὧν
2239 3281 2368 3322 γίνεται.
2390 3279 2473 3320 'Avi-

1434 3348 1547 3368 σταντο
1566 3337 1599 3368 δὲ
1621 3337 1674 3368 καὶ
1688 3338 1750 3366 τῶν
1766 3336 1906 3375 φυσικῶν
1931 3332 1982 3365 διὰ
2001 3333 2056 3370 τὴν
2073 3330 2295 3372 ἐμφαινομένην
2311 3328 2470 3365 ἀκαταλη-

1432 3384 1518 3426 ψίαν“
1546 3387 1607 3415 τῶν
1626 3383 1659 3414 δέ
1678 3383 1811 3422 λογικῶν
1838 3382 1888 3412 διὰ
1907 3382 1962 3419 τὴν
1987 3378 2171 3420 εὐχρηστίαν
2197 3377 2344 3414 ἥπτοντο.
2367 3375 2473 3411 Μηδέν

1440 3443 1474 3463 τε
1487 3432 1575 3472 φύσει
1599 3431 1677 3462 εἶναι
1692 3430 1823 3468 δίκαιον,
1843 3429 1862 3466 ἢ
1877 3428 1970 3459 καλόν
1981 3452 1990 3466 ,
2018 3428 2037 3464 ἢ
2058 3425 2199 3465 αἰσχρόν,
2218 3423 2296 3455 ἀλλὰ
2309 3421 2399 3463 νόμῳ
2417 3421 2472 3452 καὶ

1434 3478 1508 3510 ἔθει.
1532 3478 1571 3508 'O
1592 3477 1695 3517 μέντοι
1713 3476 1883 3511 σπουδαῖος
1900 3474 1987 3506 οὐδὲν
2008 3473 2124 3504 ἄτοπον
2136 3471 2240 3513 πράξει
2265 3469 2315 3501 διὰ
2337 3469 2392 3505 τὰς
2409 3468 2472 3499 ἐπι-
