2638 3840
1018 254 1072 295 IN
1102 254 1327 297 TfflAEUM
1356 256 1629 298 PLATole.

238 353 431 389 grumum.
475 344 646 378 Inventum
665 343 716 377 est
730 351 807 385 ergo
826 350 930 376 uuum
948 341 1110 383 medium,
1125 343 1157 376 id
1177 346 1226 377 est
1240 346 1287 383 δζ

238 403 571 447 parallelogrammum
602 403 689 437 inter
722 402 790 436 duo
822 402 938 437 similia
974 402 1286 445 parallelogramma,

238 463 327 507 quod
346 462 416 496 lieri
433 462 557 496 debuit.

278 524 351 558 xli.
375 521 591 556 Nihilominus
607 521 705 555 etiam
725 521 758 554 in
775 520 1022 563 triangularibus
1037 521 1148 554 fonnis
1167 521 1287 555 medie·

237 582 313 616 tatis
326 581 460 616 insertio
472 580 695 615 consideratur
707 581 742 614 in
754 579 940 621 hujusmodi
954 579 1067 613 torma.
1081 581 1287 622 Propositum

237 644 288 676 est
301 641 453 684 probare,
465 639 740 683 quemadmodum
757 639 993 681 triangulorum
1012 638 1166 672 similium
1184 648 1284 672 tinum

237 701 379 736 medium
401 703 588 743 competens
603 699 797 734 inveniatur.
844 698 939 742 (Vide
960 698 1051 742 tigur.
1066 699 1113 740 3.)
1131 699 1201 732 Sint
1219 699 1284 730 duo

236 760 354 795 similia
378 760 533 802 triangula
563 759 700 793 limitata
719 759 844 792 Graecis
868 758 967 792 literis
984 769 1007 791 α.
1022 760 1043 800 β
1057 770 1076 800 γ
1094 770 1133 799 α,
1150 759 1286 791 alterum

236 821 254 854 ὅ
266 821 287 863 β
301 831 316 854 ι
330 820 349 854 ὃ
365 820 468 862 equis
492 818 616 860 augulis
636 829 646 852 z
670 827 737 852 uno
754 818 811 860 qui
834 819 886 852 est
901 818 963 852 sub
979 829 1002 851 α
1024 819 1045 861 β
1061 829 1098 859 γ;
1115 818 1214 851 altero
1232 818 1287 859 qui

235 882 285 914 est
302 878 365 913 sub
379 880 397 912 ὃ
411 880 432 922 β
443 889 471 912 ι.
516 878 580 911 Ubi
598 878 685 911 euim
701 876 842 919 aquales
856 877 964 919 auguli
974 901 984 918 ,
1000 878 1097 910 etiam
1117 877 1214 910 latera
1231 886 1288 918 pro

235 939 430 981 competenti
457 939 555 971 eruut
577 950 587 971 ε
607 940 644 970 ut
664 937 751 971 enim
770 938 830 980 αβ
852 936 956 977 latus,
973 937 1067 978 iuxta
1089 938 1109 979 β
1132 947 1147 969 e
1174 936 1286 970 intusa

236 998 284 1032 sic
298 1010 318 1041 γ
335 999 360 1032 Β
377 998 480 1039 latus,
498 998 591 1040 iusta
608 998 635 1031 B
657 997 675 1030 δ
690 997 787 1030 latus.
831 996 913 1030 Dieo
934 996 1050 1030 borum
1069 996 1171 1030 duum
1197 996 1287 1029 simi-

238 1059 316 1092 lium
346 1058 578 1099 triangulorum
607 1065 710 1089 unum
737 1055 882 1090 medium
916 1060 1105 1098 competens
1138 1056 1286 1088 inveniri.

236 1118 270 1151 Si
289 1118 376 1153 enim
401 1125 613 1156 concessum,
631 1115 792 1149 directum
806 1124 878 1148 esse
893 1126 915 1148 α
932 1116 957 1148 Β
971 1115 1072 1156 latus,
1090 1117 1116 1149 Β
1132 1126 1147 1148 ι
1171 1115 1258 1148 lateri
1278 1127 1286 1147 z

235 1178 297 1212 erit
321 1177 419 1211 etiam
435 1187 455 1219 γ
474 1177 500 1210 Β
519 1175 625 1217 latus,
648 1174 811 1209 directum
839 1175 864 1208 B
887 1175 905 1207 δ
925 1174 1017 1207 lateri
1037 1187 1047 1208 ε
1065 1175 1098 1208 et
1117 1174 1287 1216 conjungat

235 1236 333 1270 ducta
348 1235 431 1269 linea
460 1234 655 1268 indirectum
676 1234 781 1274 latus,
800 1234 887 1276 quod
906 1236 956 1267 est
974 1245 995 1266 α
1011 1234 1039 1266 δ.
1084 1236 1169 1275 Ergo
1186 1234 1223 1267 ut
1241 1235 1288 1266 est

235 1307 258 1329 α
275 1297 300 1329 Β
319 1295 420 1334 latus,
436 1294 528 1336 iuxta
547 1295 571 1327 Β
586 1305 602 1327 s
618 1293 728 1327 latus:
745 1294 793 1326 sic
809 1294 834 1327 Β
847 1293 866 1326 δ
880 1304 896 1326 s
913 1294 939 1327 Β
953 1293 1182 1334 triangulorum
1196 1292 1288 1334 iuxta

236 1355 293 1389 δΒ
308 1355 361 1388 αδ
379 1353 587 1395 triangulum.
629 1352 697 1386 sub
725 1352 838 1386 eadem
870 1353 991 1394 quippe
1011 1352 1181 1386 altitudine
1213 1356 1289 1385 sunt

235 1426 258 1447 a
270 1414 290 1448 δ
306 1414 419 1447 litere.
462 1414 506 1446 ut
519 1416 630 1446 autem
646 1424 665 1453 γ
683 1413 708 1446 Β
724 1411 808 1446 latus
817 1411 912 1453 juxta
927 1414 952 1446 Β
968 1413 986 1445 δ
1002 1412 1098 1455 latus,
1113 1413 1159 1447 sic
1171 1414 1190 1446 δ
1201 1424 1222 1445 α
1236 1414 1260 1446 Β
1271 1413 1289 1445 δ

237 1472 415 1514 triangulus
432 1471 526 1513 juxta
550 1482 573 1504 α
589 1482 610 1512 γ
629 1470 837 1513 triangulum.
881 1472 963 1504 sunt
979 1471 1067 1504 enim
1096 1471 1158 1504 sub
1176 1470 1287 1505 eadem

237 1530 310 1565 boc
324 1538 454 1574 quoque
475 1529 644 1563 altitudine
657 1541 678 1562 α
695 1530 807 1563 literae.
832 1530 898 1562 Erit
913 1538 988 1569 ergo
1009 1532 1044 1562 ut
1061 1530 1079 1563 δ
1092 1530 1113 1572 β
1129 1541 1143 1563 ε
1159 1530 1177 1563 δ
1190 1530 1287 1563 trian-

236 1590 350 1635 gulus,
368 1590 463 1631 juxta
484 1590 502 1623 δ
521 1590 542 1632 β
556 1601 578 1622 σι
592 1589 610 1622 δ
627 1589 826 1630 triangulum
847 1599 856 1622 :
876 1589 924 1623 sic
946 1589 1031 1623 idem
1049 1590 1067 1623 δ
1081 1591 1101 1632 β
1114 1601 1135 1622 α
1150 1590 1168 1623 δ
1189 1589 1285 1623 trian-

235 1650 355 1694 gulus,
368 1649 463 1691 juxta
484 1661 505 1682 α
519 1650 540 1692 β
554 1660 574 1691 γ
587 1661 610 1682 α
633 1648 841 1690 triangulum.
878 1650 995 1682 Duum
1023 1658 1100 1691 ergo
1133 1649 1288 1682 similium

235 1708 491 1751 triangulorum,
517 1708 550 1742 id
582 1711 633 1742 est
654 1719 676 1741 α
695 1709 716 1748 β
738 1719 758 1750 γ
783 1720 823 1750 α,
855 1712 887 1742 et
907 1710 925 1741 δ
946 1709 967 1742 8
988 1720 1004 1742 s
1024 1710 1061 1749 ὃ,
1085 1709 1207 1743 iactum
1239 1711 1290 1742 est

237 1769 369 1804 tertium
380 1792 392 1809 .
409 1768 442 1808 id
455 1770 507 1802 est
519 1769 537 1802 ὃ
553 1768 574 1801 6
590 1779 613 1801 α
630 1768 648 1801 δ
665 1767 859 1810 triangulum
870 1791 881 1808 ,
898 1767 986 1810 quod
1005 1766 1185 1801 iaciendum
1207 1772 1287 1800 erat.

269 1830 367 1863 m
392 1829 430 1862 U
448 1827 504 1870 μὶν
522 1826 577 1860 οὗν
597 1826 742 1860 ἐπίπεδον
765 1827 841 1866 μέν,
858 1826 950 1868 βάθος
967 1826 1000 1859 δὲ
1018 1826 1112 1867 μηδὲν
1133 1826 1207 1869 ἔχον
1228 1826 1288 1859 ἔδει

234 1888 396 1932 γίγνεσθαι
414 1888 452 1920 τὸ
473 1890 530 1920 τοῦ
552 1886 667 1923 παντὸς
691 1889 799 1927 σῶμα,
826 1885 883 1927 μία
905 1885 1040 1927 μεσότης
1058 1886 1096 1918 ἂν
1118 1886 1236 1928 ἐξήρκει
1251 1885 1292 1918 τό.

236 1958 271 1980 τι
286 1947 353 1989 μεθ’
369 1947 466 1985 αὑτῆς
484 1946 601 1983 ξυνδεῖν
616 1946 671 1978 zai
685 1945 810 1983 ἑαυτήν.
852 1946 918 1978 Νῦν
934 1945 980 1985 δὲ,
996 1945 1120 1987 «περιὸν
1140 1945 1199 1987 γὰρ
1213 1945 1291 1978 αὐτὸ

235 2010 393 2049 προσῆκεν
415 2005 512 2045 εἶναι,
536 2005 588 2046 (τὰ
618 2004 652 2037 δὲ
675 2005 786 2046 στερεὰ
814 2004 872 2046 μία
891 2004 947 2046 μὲν
978 2004 1149 2046 οὐδέποτε,
1172 2004 1228 2037 δύο
1257 2005 1290 2037 δὲ

237 2066 406 2109 necor-ntes
431 2065 480 2098 est
510 2063 804 2106 miserrumam)
821 2064 906 2096 οὕτω
925 2064 963 2102 δὴ
989 2062 1086 2106 πυρός
1105 2074 1138 2096 τι
1161 2064 1213 2095 καὶ
1233 2067 1290 2103 γῆς

236 2126 322 2168 ὕδωρ
336 2125 415 2167 ἀέρα
427 2134 462 2158 τι
477 2124 496 2156 ὀ
518 2123 586 2160 θεὸς
604 2122 637 2155 ἐν
654 2124 743 2164 μέσῳ
762 2123 822 2160 Osi:
838 2123 892 2155 καὶ
908 2122 985 2164 πρὸς
1000 2123 1118 2161 ἄλληλα
1134 2122 1204 2155 καθ’
1215 2122 1291 2156 ὅσον

237 2184 277 2226 ἦν
293 2184 423 2218 δυνατὸν
436 2183 496 2216 ἀνὰ
510 2183 562 2215 τὸν
572 2181 666 2214 αὑτὸν
677 2182 770 2223 λόγον
783 2182 1049 2224 ἀπεργασάμενος,
1062 2182 1098 2223 ὃ,
1116 2193 1146 2215 τι
1158 2193 1217 2225 περ
1228 2185 1292 2224 πῦρ

239 2244 316 2287 πρὸς
331 2244 427 2287 ἄρα·
438 2246 532 2276 τοῦτο
550 2241 627 2283 ἀέρα
642 2243 717 2284 πρὸς
735 2242 819 2284 ὕδωρ
830 2266 839 2283 s
860 2242 912 2274 καὶ
933 2241 964 2282 ὄν
981 2252 1009 2275 3¹
1027 2242 1088 2285 ἀὴρ
1101 2242 1178 2285 89ὸῖ
1192 2242 1288 2285 ὕδωρ»

236 2306 332 2338 ωῒκο
351 2303 436 2347 ὕδωρ
454 2303 531 2346 πρὸς
551 2307 622 2345 γῆν.

279 2364 372 2399 xlii.
396 2364 528 2405 19ltur,
548 2362 713 2404 inquit,si
736 2360 861 2395 mundi
885 2369 1011 2404 corpus
1035 2360 1289 2402 lonqitudinem

237 2424 271 2457 et
291 2421 520 2457 latitudinem
535 2421 651 2455 sotum
661 2445 672 2461 ,
685 2420 902 2454 soliditatem
920 2429 996 2454 vero
1010 2421 1148 2454 nuttam
1164 2420 1292 2454 habere

240 2481 402 2522 deberet,
422 2482 578 2524 essetque
600 2479 825 2522 hujusmodi,
845 2479 963 2523 quotis
983 2483 1034 2514 est
1049 2480 1291 2523 perlectorum

239 2549 424 2585 corporum
435 2565 446 2583 ,
475 2539 703 2583 superficiem
732 2548 807 2573 ssna
839 2539 1012 2573 medietas
1041 2538 1216 2579 sufficeret
1243 2538 1292 2571 ad

218 2602 346 2635 ,senet
369 2601 485 2643 ipsam
506 2598 748 2639 vinciendum,
771 2601 805 2633 et
836 2600 988 2632 extimas
1013 2600 1148 2641 portes.
1193 2600 1293 2632 Nunc

241 2661 413 2703 quoniam
423 2658 606 2693 soliditate
620 2666 707 2701 opus
717 2659 795 2691 erat
810 2657 990 2691 mundano
1003 2659 1141 2701 corpori
1154 2682 1164 2699 ,
1175 2658 1292 2691 solida

240 2725 351 2761 pom
375 2725 562 2761 nunquam
580 2717 751 2759 “nonest
779 2716 920 2750 duabus
947 2716 1192 2750 medietatibus
1218 2719 1291 2750 vin-

241 2778 403 2819 mne-r,
429 2776 560 2811 idcirco
577 2772 702 2826 misdi
723 2777 847 2820 opilea·
868 2779 963 2810 inter
981 2780 1114 2819 ionem.
1140 2779 1290 2811 terram-

242 2845 311 2883 ⁹⁸0
321 2861 332 2879 ι
343 2846 430 2878 mo
445 2840 480 2872 et
504 2846 637 2881 nquam
652 2839 801 2872 mseruit
811 2861 821 2878 ,
841 2837 983 2871 libratis
1000 2837 1123 2870 iisdem
1139 2838 1285 2871 elemen-

246 2898 293 2932 tis
309 2897 451 2932 salubri
470 2896 596 2939 mdo,
617 2898 659 2931 ut
678 2905 757 2941 με
776 2899 935 2939 manatio
952 2898 1006 2929 est
1022 2897 1115 2929 inter
1131 2900 1245 2938 iqnem
1260 2899 1295 2929 et

242 2964 330 2990 uera
340 2976 352 2994 ,
369 2954 493 2989 sedem
505 2953 605 2997 soret
621 2956 715 2989 inter
729 2963 814 2989 nem
828 2956 862 2987 et
882 2963 1014 2997 aquam
1029 2965 1040 2987 :
1056 2963 1200 2988 rursum
1216 2964 1295 2998 qua:

246 3017 341 3049 inter
363 3022 451 3049 aera
467 3015 502 3048 et
520 3022 670 3058 aquom.
693 3013 766 3048 nee
789 3013 913 3047 cadens
933 3015 970 3047 in
995 3021 1095 3057 aqua*-
1121 3014 1295 3058 terraque

242 3076 411 3112 societate
424 3074 642 3108 consisteret.

289 3133 400 3167 nundi
419 3141 538 3174 cerpus
551 3132 692 3166 solidum
708 3141 779 3167 esse
791 3131 882 3172 dicit,
896 3135 926 3165 et
943 3132 1124 3173 globosum.
1170 3133 1288 3173 tinius-

249 3191 337 3226 suodl
353 3193 460 3225 autem
476 3199 613 3234 corpora
629 3192 755 3225 duabus
768 3190 995 3225 medietatibus
1007 3191 1204 3233 vinciuntur,
1216 3201 1295 3235 qua·

244 3252 340 3286 tenus
354 3251 438 3285 utin
454 3251 557 3293 effigie
575 3252 650 3295 pilo
665 3254 696 3286 et
716 3252 749 3286 in
767 3251 822 3285 ilio
834 3250 956 3285 ambitu
972 3260 982 3284 ε
996 3251 1176 3295 estquippe
1188 3251 1295 3295 aliqua

246 3309 433 3365 lqussltudo,
450 3312 501 3344 est
519 3310 617 3344 etiam
643 3310 797 3350 latitudo,
814 3319 896 3353 quas
924 3308 1110 3344 dimetimur
1137 3310 1295 3354 impresse

246 3371 367 3412 puncto
385 3370 417 3403 ln
431 3369 604 3403 medietate
618 3370 812 3403 summitatis
821 3393 831 3410 ,
844 3368 886 3402 ad
898 3378 996 3412 qinam
1008 3370 1213 3405 medietatem
1230 3381 1292 3406 un·

244 3427 343 3470 dique
353 3427 525 3462 abambitu
539 3429 680 3471 aquales
690 3429 781 3462 lineo
798 3429 1017 3471 porriguntur.
1033 3429 1101 3463 tina
1116 3429 1212 3473 igitur
1226 3432 1294 3465 lia-c

246 3484 408 3521 mem
435 3486 468 3520 in
497 3485 667 3529 superficie
697 3485 759 3520 sita
785 3488 856 3527 est,
875 3485 976 3520 altera
1004 3487 1035 3521 in
1056 3487 1235 3530 pronuntio,
1253 3488 1295 3522 ad

2323 263 2396 298 18³

1346 354 1445 387 quam
1463 347 1620 388 punctum
1640 346 1716 379 illud
1732 345 1892 388 pervenit,
1909 344 1937 379 sl
1948 345 2148 388 deprimatur
2160 353 2261 388 usque
2273 346 2314 378 ad
2325 346 2397 379 alti·

1349 405 1491 438 tudinem
1508 405 1658 438 mediam.

1388 465 1472 496 xlv.
1498 465 1571 502 Qua
1588 463 1629 496 de
1645 471 1742 496 causa
1758 463 1893 504 geminis
1906 462 2136 496 exsistentibus
2152 463 2398 506 medietatibus,

1347 531 1424 560 non,
1443 524 1477 555 ut
1498 522 1529 555 in
1553 522 1658 564 planis
1677 523 1800 563 figuris,
1811 521 1911 556 semel
1930 523 1979 556 est
1999 521 2144 555 iacienda
2164 521 2413 564 miiliiplicatm.

1347 581 1402 613 sed
1422 581 1484 615 bis.
1529 582 1659 623 Quippe
1676 581 1742 614 iilic
1758 581 1825 615 duo
1842 583 1941 615 latera
1957 581 2223 615 describebamus
2234 606 2245 622 ,
2258 590 2398 623 quorum

1347 640 1482 672 alterum
1500 641 1532 673 in
1547 640 1676 673 duobus
1692 640 1878 681 momentis,
1898 640 2035 673 alterum
2054 639 2089 673 iu
2107 639 2211 673 tribus
2226 639 2399 672 constitue-

1347 700 1480 741 bamus;
1494 699 1625 741 duoque
1638 701 1680 733 ad
1692 700 1755 733 tria
1767 700 2039 743 multiplicantes,
2053 699 2297 733 inveniebamus
2311 699 2398 731 nasei

1347 760 1510 792 senarium
1533 768 1715 793 numerum.
1759 762 1802 793 At
1835 760 1867 793 in
1895 759 1945 793 liis
1973 759 2087 793 solidis
2117 759 2247 800 sonnis,
2274 761 2401 799 propter

1346 819 1506 859 geminam
1530 818 1745 859 medietatem,
1761 818 1975 860 geminabitur
1990 818 2217 861 multiplicatio
2237 830 2246 851 ε
2271 821 2307 851 ut
2325 826 2399 850 cnm

1347 887 1389 911 ex
1406 877 1534 910 duobus
1549 880 1583 911 et
1599 878 1702 910 tribus
1716 878 1957 920 multiplicatis,
1974 880 2070 911 natus
2082 877 2144 918 erit
2156 877 2243 911 idem
2255 877 2402 910 senarius

1347 937 1438 978 juxta
1457 938 1554 970 unius
1580 938 1708 970 interim
1731 937 1911 970 medietatis
1937 938 2093 970 rationem
2122 950 2130 970 ι
2155 937 2249 978 juxta
2272 936 2403 969 alterius

1352 1006 1482 1039 quoque
1499 996 1693 1036 medietatis,
1712 1005 1786 1037 quae
1804 997 1883 1029 torte
1898 996 1959 1029 erit
1977 996 2009 1028 in
2030 1004 2168 1029 numero
2182 994 2402 1037 quaternario,

1352 1060 1466 1099 quater
1480 1065 1535 1088 sex
1553 1058 1767 1098 supputemus
1787 1065 1796 1087 :
1813 1056 1911 1097 atque
1926 1055 1970 1088 ita
1985 1064 2112 1088 summa
2126 1054 2245 1095 omnis,
2260 1054 2329 1087 sive
2347 1063 2403 1087 nu·

1349 1115 1442 1155 meri,
1455 1115 1524 1148 sive
1541 1114 1654 1155 molis,
1672 1122 1730 1147 seu
1747 1114 1922 1156 qualitatis,
1940 1114 1972 1147 in
1986 1114 2096 1156 viginti
2108 1116 2247 1156 quatuor
2260 1112 2403 1155 partibus

1349 1174 1540 1208 inveniatur.
1586 1175 1624 1207 Et
1645 1173 1799 1216 quoniam
1827 1173 1938 1206 mundi
1964 1173 2160 1214 summitas,
2180 1173 2213 1204 id
2234 1174 2284 1206 est
2298 1172 2401 1214 ignis,

1349 1233 1487 1266 solidum
1503 1242 1620 1276 corpus
1639 1234 1797 1266 exsistens
1819 1232 1916 1265 babet
1935 1232 1989 1265 illa
2002 1232 2074 1272 tria,
2093 1231 2338 1273 longitudinem,
2355 1231 2402 1264 ia-

1348 1292 1537 1334 titudinem,
1556 1291 1751 1326 soliditatem
1783 1305 1792 1326 :
1824 1292 1879 1325 sed
1907 1300 1971 1324 non
1991 1300 2160 1334 peraeque.
2187 1290 2348 1333 siquidem
2367 1291 2402 1324 in

1349 1353 1403 1385 iilo
1424 1352 1505 1394 ignis
1524 1352 1596 1394 plus
1620 1353 1671 1385 est
1689 1351 1891 1385 claritudinis
1903 1375 1912 1392 ,
1930 1351 2094 1392 aliquanto
2117 1351 2225 1383 minus
2242 1350 2400 1384 moderati

1348 1413 1478 1453 caloris,
1499 1413 1654 1453 exiguum
1680 1420 1757 1445 vero
1776 1411 1945 1445 soliditatis
1967 1423 1977 1444 :
1998 1411 2031 1443 in
2048 1412 2144 1444 tertre
2172 1412 2280 1443 autem
2304 1410 2400 1451 globo

1350 1474 1422 1515 plus
1437 1474 1478 1505 sit
1491 1472 1682 1513 soliditatis,
1695 1471 1901 1514 aliquantum
1926 1479 2003 1504 vero
2017 1469 2177 1509 humoris,
2192 1470 2401 1512 perexiguum

1349 1533 1428 1566 lucis
1446 1542 1455 1565 z
1472 1531 1556 1565 aeris
1574 1535 1606 1564 et
1622 1539 1716 1573 aqum
1733 1531 1809 1564 duae
1825 1530 2011 1564 medietates
2026 1539 2124 1572 quam
2147 1530 2269 1563 habent
2287 1539 2403 1571 cogna-

1350 1592 1473 1626 tionem
1491 1600 1566 1624 cum
1585 1599 1682 1633 supra
1699 1590 1886 1623 memoratis
1904 1590 2093 1630 elementis,
2114 1589 2340 1631 intelligamus.

1392 1652 1463 1684 XV.
1487 1650 1638 1691 Sequitur
1655 1648 1830 1691 descriptio
1844 1649 2020 1682 solidarum
2039 1648 2215 1691 figurarum
2240 1658 2314 1682 cum
2341 1658 2404 1683 nu-

1352 1709 1449 1743 meris
1467 1709 1535 1742 suis
1548 1709 1642 1751 Juxta
1660 1708 1897 1742 arithmeticam
1917 1707 2135 1751 disciplinam.

1394 1770 1518 1803 Harum
1537 1768 1711 1802 solidarum
1732 1768 1908 1801 sennarum
1933 1769 2327 1810 cogna1505n11merorum
2354 1769 2402 1802 in-

1351 1829 1477 1862 dicatur
1489 1829 1666 1862 consortio.
1710 1827 1876 1870 Siquidem
1888 1828 1982 1869 primi
1998 1827 2110 1861 limitis
2119 1837 2260 1870 summa,
2271 1828 2406 1862 dimidia

1353 1897 1428 1931 pars
1444 1888 1481 1921 tit
1498 1887 1635 1922 secundi
1652 1887 1762 1921 limitis
1778 1896 1928 1921 summm.
1951 1888 2033 1921 Nam
2055 1887 2167 1928 viginti
2186 1889 2327 1929 quatuor
2345 1896 2405 1921 nu·

1353 1957 1461 1982 merus
1470 1972 1480 1989 ,
1494 1947 1705 1990 quadraginta
1717 1948 1792 1981 octo
1806 1947 1933 1980 numeri
1948 1946 2080 1979 dimidia
2093 1955 2168 1989 pars
2183 1949 2244 1981 est.
2258 1947 2406 1981 secunda

1352 2008 1429 2041 item
1449 2008 1579 2047 tertire.
1607 2009 1640 2041 et
1667 2007 1740 2040 turc
1769 2006 1877 2049 quarti
1906 2006 2017 2039 limitis
2044 2015 2181 2039 summm
2211 2006 2404 2040 dimidietas.

1352 2068 1455 2108 AEque
1480 2068 1660 2102 retrorsum
1679 2075 1809 2108 quoque
1834 2061 1996 2108 postre'ma
2019 2065 2123 2099 tertiae
2144 2060 2282 2108 dupla·=
2309 2065 2405 2099 tertia

1354 2126 1431 2159 item
1453 2125 1605 2159 secundm
1623 2126 1739 2168 dupla,
1753 2127 1786 2159 et
1802 2125 1915 2167 primas
1928 2125 2081 2158 secunda.
2104 2127 2210 2167 Atque
2225 2125 2275 2158 lits
2292 2123 2406 2159 mediis

1354 2186 1501 2228 duabus,
1539 2195 1613 2229 qum
1641 2186 1726 2219 inter
1757 2185 1839 2219 duas
1876 2186 1998 2218 formas
2036 2185 2175 2218 extimas
2203 2185 2404 2226 inseruntur,

1350 2246 1496 2287 genitura
1512 2247 1562 2279 est
1578 2245 1621 2279 de
1639 2244 1763 2279 hisdem
1794 2245 1942 2279 extimis.
1990 2246 2046 2278 Est
2064 2245 2150 2278 enim
2170 2244 2264 2286 primi
2291 2243 2404 2278 limitis

1354 2305 1509 2338 medietas
1525 2305 1556 2338 iu
1578 2305 1703 2347 potiore
1717 2313 1876 2345 numero,
1893 2303 1924 2337 id
1942 2307 1992 2338 est
2013 2303 2163 2346 senario,
2179 2303 2234 2346 qui
2261 2303 2406 2336 nascitur

1351 2371 1391 2396 ex
1413 2362 1633 2405 multiplicatis
1652 2362 1788 2396 summis
1809 2362 1986 2395 minoribns
1998 2386 2008 2403 ,
2025 2361 2075 2395 bis
2092 2361 2207 2396 tribus.
2252 2363 2310 2396 Est
2327 2362 2405 2396 llam

1352 2421 1518 2455 novissimi
1538 2421 1648 2454 limitis
1668 2421 1700 2454 in
1719 2421 1843 2455 minore
1861 2430 1997 2455 numero
2013 2421 2188 2464 medietas,
2207 2421 2238 2454 id
2256 2421 2305 2455 est
2318 2423 2404 2455 octo.

1355 2481 1455 2522 igitur
1485 2481 1580 2523 primi
1602 2480 1711 2514 limitis
1729 2481 1887 2522 majorem
1915 2480 2118 2514 medietatem
2149 2489 2223 2514 cum
2253 2480 2405 2522 postremi

1353 2540 1462 2575 limitis
1482 2539 1603 2573 minore
1620 2538 1791 2573 medietate
1803 2539 2021 2582 multiplicans
2032 2563 2043 2580 ,
2056 2548 2130 2573 creo
2145 2539 2279 2573 secundi
2295 2538 2405 2572 limitis

1352 2601 1453 2633 tutam
1473 2599 1504 2632 in
1532 2598 1741 2641 quadraginta
1763 2600 1839 2632 octo
1858 2607 1996 2632 numero
2023 2600 2162 2641 positam
2177 2597 2404 2632 substantiam.

1353 2660 1394 2694 At
1415 2667 1493 2692 vero
1510 2658 1538 2692 si
1560 2658 1657 2701 primi
1673 2658 1786 2692 limitis
1805 2658 1963 2692 minorem
1974 2683 1984 2699 ,
2000 2667 2075 2701 quaa
2092 2659 2143 2693 est
2159 2659 2314 2701 quatuor,
2330 2666 2405 2691 cum

1354 2717 1511 2762 postremi
1533 2717 1644 2752 limitis
1664 2717 1787 2760 maiore
1799 2718 1988 2758 medietate,
2004 2726 2080 2760 qun
2094 2719 2144 2751 est
2161 2717 2194 2751 in
2217 2721 2360 2759 quatuor
2374 2719 2407 2751 et

1354 2778 1483 2821 viginti,
1501 2787 1628 2813 summa
1642 2780 1717 2816 nata
1733 2788 1773 2812 ex
1789 2780 1903 2821 quater
1922 2779 2011 2812 senis
2023 2803 2032 2818 .
2048 2787 2298 2822 comparavero,
2316 2787 2405 2813 crea-

1354 2838 1443 2872 bitur
1468 2838 1577 2872 omuis
1604 2838 1787 2872 substantia
1815 2839 1899 2871 tertii
1931 2838 2060 2879 limitis.
2078 2847 2152 2880 quas
2178 2841 2229 2871 est
2252 2838 2354 2880 posita
2374 2839 2405 2871 in

1357 2897 1530 2939 nonaginta
1543 2906 1613 2932 ses.
1630 2897 1684 2932 Sic
1697 2898 1763 2931 duo
1775 2898 1888 2932 extimi
1898 2897 2074 2931 solidorum
2091 2906 2264 2940 corporum
2281 2898 2406 2930 duabus

1355 2957 1579 2991 medietatibus
1610 2957 1807 2997 vinciuntur,
1831 2961 1866 2990 ut
1893 2961 1981 2990 certa
1998 2957 2192 3000 minimeque
2223 2957 2405 2990 iniiciabilis

1353 3014 1565 3049 arithmeticas
1587 3014 1767 3058 disciplina:
1782 3017 1953 3050 couiirmat
1974 3017 2166 3059 auctoritas,
2187 3017 2404 3050 testimonium

1355 3073 1503 3117 prabeus
1522 3074 1659 3109 Platoni.

1396 3134 1484 3168 XVI.
1510 3134 1588 3167 nnc
1604 3132 1716 3167 eadem
1733 3132 1911 3166 solidorum
1928 3133 2029 3166 duum
2047 3141 2217 3174 corporum
2238 3132 2404 3173 distantia,

1354 3200 1412 3226 seu
1430 3191 1550 3235 duplex
1564 3192 1735 3233 medietas,
1750 3192 1947 3234 coniungere
1962 3192 2111 3225 distantia
2124 3200 2259 3234 corpora
2275 3200 2404 3233 geome-

1354 3251 1445 3286 tricis
1462 3251 1560 3285 etiam
1580 3251 1761 3286 rationibus
1778 3261 1836 3294 pro
1858 3253 2053 3293 competenti
2073 3251 2171 3284 modo
2187 3251 2235 3284 sic
2258 3250 2404 3285 ostendi-

1355 3312 1425 3345 tur.
1472 3310 1535 3344 sed
1553 3311 1662 3353 prius,
1681 3311 1756 3353 quia
1778 3313 1828 3344 est
1843 3320 1861 3343 e
1877 3320 1911 3343 ru
1931 3309 2274 3352 accommodatumque
2289 3311 2405 3344 tracta·

1354 3370 1419 3410 tui,
1442 3369 1518 3412 quid
1546 3370 1588 3403 stt
1614 3371 1676 3403 boc
1702 3370 1792 3412 quod
1817 3372 2004 3412 (οιιψοιοηη
2029 3370 2221 3411 appellatur,
2252 3369 2404 3412 ἀναλογῖι

1356 3438 1433 3464 veru
1448 3438 1468 3463 a
1484 3431 1620 3471 Gra-cis,
1635 3430 1814 3472 explicabo.
1841 3430 2012 3464 Geminum
2027 3431 2077 3462 est
2088 3431 2289 3471 competens,
2301 3438 2402 3463 uuum

1354 3490 1545 3524 continuum
1556 3514 1567 3532 ,
1584 3490 1719 3525 alterum
1736 3490 1871 3524 distans.
1914 3489 2111 3523 continuum
2132 3490 2321 3532 competens
2339 3493 2400 3529 est.
