2638 3840
327 284 369 314 ιο
673 262 683 276 ·
1150 268 1616 309 PYTHAGOREORUM

323 362 456 402 τιόνων.
526 361 585 399 καὶ
615 360 671 399 διὰ
695 364 795 399 τοῦτο
825 362 841 397 δ
874 358 934 409 μὲν
973 356 1140 408 ἑπόμενος
1170 362 1239 399 τοῖς
1260 355 1359 401 θείοις

325 420 490 473 [ἀγαθὸς]
514 420 718 470 εὐδαιμονεῖ·
738 423 755 458 ὁ
786 418 820 456 δὲ
851 417 1016 467 ἑπόμενος
1041 422 1110 459 τοῖς
1128 419 1264 457 Ονατοῖς
1295 431 1361 453 κα·

323 481 532 530 κοδαιμονεῖ.
601 482 652 532 τῷ
684 478 745 529 μὲν
766 478 830 529 γὰρ
860 476 921 514 τὰν
941 475 1104 528 φρόνασιν
1125 474 1240 527 ἔχοντι
1269 477 1357 527 ἀγα-

322 537 377 575 θὸν
414 537 556 589 εὐτυχία
597 535 656 574 καὶ
682 536 866 587 χρήσιμον·
894 533 952 571 καὶ
973 531 1100 583 ἀγαθὸν
1123 532 1184 583 μὲν
1211 531 1268 570 διὰ
1295 531 1359 570 τὰν

322 599 446 646 γνῶσιν
480 602 540 638 τᾶς
577 594 739 646 χρήσιος,
777 594 949 652 ιῖζρέλιμον
979 591 1014 628 δὲ
1048 589 1104 629 διὰ
1136 590 1175 628 τὸ
1198 590 1360 643 συνεργὲν

323 657 395 697 ταῖς
427 654 600 707 πράξεισι.
660 652 765 690 καλὸν
793 654 863 701 ὠν7
886 651 969 688 ὅκαν
1004 648 1146 701 εὐτυχία
1184 653 1280 703 παρῇ
1313 651 1362 703 τῷ

319 715 386 764 νῷ,
419 711 538 764 ὥσπερ
570 711 673 764 οὐρίῳ
712 710 830 762 ἀνέμῳ
877 708 1017 756 θέοντα,
1059 707 1190 746 ποττὰν
1235 707 1360 760 ἀρετὰν

320 771 564 809 ἀποὸλέποντα
586 771 762 808 ποιέεσθαι
790 768 853 811 τὰς
877 766 1053 820 πράξιας,
1074 765 1194 820 ὥσπερ
1227 767 1286 806 καὶ
1303 767 1362 806 τὸν

319 831 535 883 κυὸερνάταν
555 830 634 868 ποτὶ
662 829 722 872 τὰς
742 832 810 867 τῶν
832 827 968 880 ἄστρων
988 827 1159 872 κινοίσιας·
1182 827 1273 866 οὕτω
1294 826 1362 880 γὰρ

318 892 354 928 οὐ
377 890 477 941 μόνον
501 888 726 935 ἀκολουθήσει
749 889 799 940 τῷ
821 889 908 939 Οεῷ,
939 885 1029 925 ἀλλὰ
1054 885 1113 924 καὶ
1149 886 1304 931 συντάξει
1323 886 1363 924 τὸ

319 948 529 1001 ἀνθρώπινον
555 948 683 999 ἀγαθὸν
700 947 779 985 ποτὶ
796 946 835 985 τὸ
852 946 952 983 θεῖον.
992 945 1065 984 Καὶ
1091 946 1159 996 μὰν
1182 946 1241 984 καὶ
1262 945 1363 984 τοῦτό

318 1024 360 1059 γα
382 1006 526 1060 φανερόν
540 1037 550 1056 ,
579 1005 631 1044 ὅτι
654 1007 693 1044 ἐκ
717 1004 886 1047 διαθέσιος
906 1002 966 1041 καὶ
985 1002 1126 1055 πράξιος
1149 1004 1221 1055 βίος
1244 1003 1361 1058 διαφέ-

317 1082 383 1115 ρων
403 1064 545 1116 γίνεται·
567 1064 703 1116 ἀνάγκα
725 1063 760 1101 δὲ
781 1063 842 1101 τὰν
865 1061 926 1112 μὲν
952 1061 1102 1100 διάθεσιν
1126 1061 1148 1108 ἢ
1170 1063 1362 1100 σπουδαίαν

319 1124 485 1177 ἢφαύλαν
504 1116 607 1172 ἦμεν,
628 1121 691 1160 τὰν
710 1121 745 1160 δὲ
765 1121 924 1175 πρᾶξιν-ἲ]
947 1119 1134 1171 εὐδαίμονα
1150 1120 1173 1168 ἢ
1195 1122 1362 1160 κακοδαί-

316 1197 415 1232 μονα,
442 1180 501 1219 καὶ
523 1179 713 1219 σπουδαίαν
751 1179 814 1231 μὲν
848 1178 911 1217 τὰν
936 1180 1062 1232 ἀρετᾶς
1097 1180 1360 1231 μετειληφυῐαν,

315 1242 449 1294 φαύλαν
473 1240 507 1279 δὲ
528 1240 591 1278 ’τὰν
613 1240 750 1284 κακίας·
769 1239 832 1283 τὰς
851 1240 886 1277 δὲ
908 1238 1055 1290 πράξιας
1078 1238 1282 1288 εὐδαίμονας
1300 1239 1363 1288 μὲν

315 1303 349 1338 ἐν
369 1306 413 1353 τᾷ
430 1300 572 1353 εὐτυχίᾳ
596 1291 913 1351 (συμπεραίνονται
945 1297 1012 1350 γὰρ
1043 1298 1123 1336 ποτὶ
1155 1297 1213 1335 τὸν
1234 1296 1358 1349 λόγον)

316 1358 572 1409 κακοδαίμονας
603 1360 632 1396 δ’
655 1360 688 1396 ἐν
709 1364 752 1410 τᾷ
773 1357 916 1409 ἀτυχία·
953 1356 1202 1395 οἱποτευκτικὸν
1223 1356 1291 1409 γὰρ
1311 1360 1361 1395 τῶ

318 1418 630 1471 συμπεράσματος.
653 1418 783 1470 Διόπερ
799 1418 836 1454 οὐ
857 1416 959 1467 μόνον
983 1417 1103 1466 μαθεῖν
1126 1417 1177 1454 δεῖ
1196 1414 1258 1453 τὰν
1279 1417 1360 1467 ἀρε-

315 1477 394 1524 τάν,
426 1476 516 1516 ἀλλὰ
535 1475 595 1514 καὶ
615 1476 811 1515 κτάσασΟαι
843 1474 903 1513 καὶ
931 1474 1131 1527 χρήσασθαι
1153 1476 1257 1528 αὐτᾷ,
1280 1474 1359 1521 ἤτοι

316 1540 350 1581 ἐς
365 1537 574 1591 ἀσφάλειαν,
595 1535 618 1583 ἢ
635 1537 668 1580 ἐς
687 1535 911 1585 συναύξασιν,
926 1535 949 1582 ἢ
967 1536 1006 1573 τὸ
1026 1534 1203 1585 μέγιστον,
1223 1536 1255 1577 ἐς
1274 1536 1362 1572 ἐπα-

313 1597 479 1651 νόρθωσιν
514 1596 617 1636 οἴκων
650 1611 688 1634 τε
715 1595 775 1634 καὶ
806 1593 951 1634 πολίων.
1010 1596 1047 1632 οὐ
1077 1595 1144 1645 γὰρ
1175 1593 1277 1644 μόνον
1301 1593 1363 1631 τὰν

314 1663 437 1695 κτᾶσιν
469 1654 563 1708 ἔχειν
585 1657 638 1694 δεῖ
657 1657 724 1692 τῶν
755 1654 886 1700 καλῶν,
921 1653 1013 1692 ἀλλὰ
1045 1653 1104 1691 καὶ
1131 1652 1195 1690 τὰν
1227 1652 1357 1691 ὄνασιν.

314 1718 440 1755 Ταῦτα
461 1715 497 1753 δὲ
525 1713 640 1752 πάντα
663 1714 813 1764 ἐσεῖται,
845 1711 928 1750 αἴκα
959 1711 1078 1755 πόλιος
1108 1709 1362 1762 εὐνομουμένας

1419 355 1508 408 τύχῃ
1529 359 1547 395 ὁ
1567 355 1757 408 ἅνθρωπος.
1807 354 1996 394 καὶταῦτα
2017 353 2079 406 μὲν
2109 354 2177 407 ἐγώ
2197 370 2287 408 φαμι
2310 350 2399 407 ἦμεν
2417 355 2457 395 τὸ

1418 414 1673 466 ὀνομαζόμενον
1700 414 1908 465 Ἀμαλθείας
1941 415 2054 466 κέρας’
2087 416 2121 452 ἐν
2156 415 2300 468 εὐνομίᾳ
2326 414 2395 468 γὰρ
2413 415 2459 455 τὰ

1419 473 1534 512 πάντα
1554 474 1643 512 ἐντί·
1667 473 1726 512 καὶ
1747 473 1827 512 ἄνευ
1859 473 1990 516 ταύτας
2019 471 2096 511 οὔτε
2121 479 2284 523 γεννᾶται
2301 472 2341 513 τὸ
2361 473 2460 526 με’γι-

1421 548 1500 572 στον
1517 538 1579 576 τ’ἅς
1594 532 1807 584 ἀνθρωπίνας
1821 531 1939 585 φύσιος
1957 533 2084 583 ἀγαθόν
2097 563 2107 581 ,
2127 531 2204 570 οὔτε
2223 533 2384 583 γενναθὲν
2401 534 2460 573 καὶ

1421 591 1563 636 αὐξαθὲν
1585 590 1724 630 δύναιτό
1742 606 1788 629 κα
1808 591 1982 641 διαμένεν.
2005 591 2065 629 καὶ
2087 589 2153 643 γὰρ
2174 590 2236 629 τὰν
2259 591 2386 645 ἀρετὰν
2401 593 2459 633 καὶ

1420 649 1482 688 τὰν
1503 649 1610 703 φορὰν
1630 649 1761 688 ποττὰν
1784 649 1908 703 ἀρετὰν
1930 649 2019 688 αὐτὰ
2045 648 2224 702 ἀμπέχει,
2247 652 2297 702 τῷ
2320 650 2380 690 καὶ
2399 650 2462 703 φύ-

1421 724 1497 752 σιας
1517 708 1646 760 ἀγαθὰς
1674 712 1860 759 γεννᾶσθαι
1887 710 1964 747 κατ’
1983 708 2113 759 αὐτάν,
2133 709 2192 746 καὶ
2222 707 2308 756 ἤθεα
2337 707 2374 748 δὲ
2400 710 2459 749 καὶ

1420 767 1680 818 ἐπιταδεύματα
1702 767 1762 805 καὶ
1790 766 1903 817 νόμως
1925 761 2013 817 ἦμεν
2043 766 2111 811 τὼς
2133 766 2306 818 ἀρίστως,
2337 767 2389 806 ἔτι
2424 768 2461 807 δὲ

1419 826 1530 880 λόγως
1559 828 1841 878 ὀρθογνωμονας,
1863 825 1923 864 καὶ
1948 824 2125 865 εὐσέὸειαν
2152 825 2188 864 δὲ
2219 826 2279 866 καὶ
2299 827 2463 866 ὁσιότατα

1420 885 1501 923 ποτὶ
1518 885 1563 924 τὰ
1582 884 1790 935 τιμιώτατα.
1824 884 1914 923 ὥστε
1935 885 1992 923 τὸν
2024 885 2197 936 μέλλοντα
2217 884 2230 909 ¹
2255 886 2464 936 εὐδαιμονοί-

1421 960 1492 983 σειν
1510 945 1569 983 καὶ
1583 944 1768 996 ὀρθόπλοον
1787 943 1871 989 ἕξειν
1886 943 1943 982 τὸν
1964 946 2058 984 αὑτῶ
2077 945 2165 997 βίον,
2180 944 2339 996 εὐνομίας
2354 947 2464 998 ὓπαρ-

1420 1002 1542 1055 χοίσας
1559 1002 1618 1040 καὶ
1638 1003 1847 1054 διαπερᾶσαι
1862 1002 1912 1041 δεῖ
1931 1003 1990 1041 καὶ
2017 1004 2160 1042 διελθεῖν
2178 1004 2277 1042 αὐτὸν
2299 1005 2463 1054 εὐνομίαν

1423 1059 1678 1100 καταλιπόντα.
1734 1057 1832 1111 Ἅμα
1852 1060 1888 1098 δὲ
1908 1060 1968 1099 καὶ
1988 1061 2142 1114 ἀνάγκαν
2161 1060 2347 1114 ἐπεμφέρει
2365 1062 2384 1100 ὀ
2403 1060 2464 1100 λό-

1421 1135 1479 1172 γος
1510 1120 1618 1158 τοῖσιν
1651 1119 1844 1172 ἔμπροσθεν
1865 1120 2072 1172 εἰρημένοις.
2157 1123 2175 1159 ὁ
2195 1120 2263 1173 γὰρ
2289 1121 2466 1174 ἄνθρωπος

1421 1178 1601 1222 κοινωνίας
1622 1178 1722 1230 μέρος
1745 1178 1825 1216 ἐντί·
1845 1179 1906 1218 καὶ
1926 1179 1988 1217 σὺν
2007 1178 2142 1224 τούτοις
2160 1179 2347 1232 ὁλόκλαρος
2369 1179 2467 1231 γίνε-

1421 1253 1480 1276 ται
1499 1236 1624 1275 καττὸν
1653 1236 1755 1276 αὐτὸν
1781 1237 1905 1290 λόγον,
1928 1237 1991 1276 σὺν
2013 1241 2064 1291 τῷ
2085 1237 2134 1287 μὴ
2156 1237 2259 1288 μόνον
2287 1237 2462 1285 κοινωνέν,

1423 1296 1513 1335 ἀλλὰ
1533 1296 1592 1335 καὶ
1622 1299 1738 1341 καλῶς
1769 1298 1944 1338 κοινωνέν.
1978 1297 2017 1336 Ἃ
2048 1296 2111 1348 μὲν
2130 1297 2199 1351 γὰρ
2232 1299 2268 1335 ἐν
2295 1298 2464 1345 πλείοσιν,
2502 1307 2505 1310 “

1423 1358 1498 1394 ἀλλ’
1518 1358 1580 1395 οὐκ
1593 1357 1627 1394 ἐν
1639 1355 1689 1394 ἑνὶ
1703 1358 1835 1409 πέφυκε
1852 1357 2039 1408 γίγνεσθαι·
2051 1356 2072 1394 ἃ
2089 1358 2119 1395 δ’
2133 1359 2168 1395 ἐν
2180 1356 2231 1395 ἑνὶ
2245 1356 2324 1408 μέν,
2338 1357 2376 1395 οὐ
2394 1355 2463 1407 μὰν

1423 1414 1473 1453 ἔτι
1492 1417 1526 1454 ἐν
1554 1415 1720 1454 πλείοσιν·
1741 1415 1762 1454 ἃ
1781 1416 1816 1454 δὲ
1850 1415 1910 1454 καὶ
1941 1417 1975 1454 ἐν
1997 1415 2136 1454 πλείοσι
2164 1415 2225 1454 καὶ
2244 1417 2279 1454 ἐν
2301 1415 2350 1454 ἑνί
2363 1445 2374 1463 ,
2406 1415 2468 1453 καὶ

1423 1474 1478 1512 διὰ
1499 1477 1601 1512 τοῦτο
1621 1476 1654 1512 ἐν
1677 1473 1746 1522 ἑνί,
1775 1473 1827 1512 ὅτι
1853 1476 1913 1512 καὶ
1941 1475 1975 1512 ἐν
1995 1473 2165 1512 πλείοσιν.
2239 1473 2388 1524 ἁρμονία
2403 1472 2466 1524 μὲν

1423 1532 1491 1585 γὰρ
1511 1532 1571 1571 καὶ
1587 1533 1771 1587 συμφωνία
1788 1533 1847 1572 καὶ
1862 1533 2004 1586 ἀριθμὸς
2016 1536 2059 1576 ,ἐν
2076 1531 2232 1572 πλείοσιν
2246 1531 2466 1584 ἐγγίγνεσθαι

1423 1592 1589 1644 πέφυκεν·
1610 1592 1707 1632 οὐδὲν
1727 1592 1795 1644 γὰρ
1816 1591 1986 1644 αὔταρκες
1999 1623 2011 1643 ,
2029 1592 2047 1631 ὃ
2073 1592 2206 1632 τούτων
2233 1594 2303 1630 τῶν
2332 1591 2463 1645 μορίων

1422 1657 1513 1689 ποιεῖ
1532 1651 1572 1690 τὸ
1593 1650 1684 1692 ὅλον.
1727 1650 1891 1696 ὀξυακοΐα
1917 1652 1954 1690 δὲ
1975 1655 2034 1691 καὶ
2055 1652 2236 1703 ὃξυδορκία
2263 1651 2325 1690 καὶ
2342 1651 2466 1689 ποδῶν

1425 1709 1562 1755 ὠκύτας
1581 1712 1615 1749 ἐν
1638 1711 1687 1750 ἑνὶ
1706 1711 1820 1762 μόνον·
1849 1707 2067 1762 εὐδαιμονία
2082 1711 2118 1750 δὲ
2144 1711 2205 1750 καὶ
2229 1709 2336 1763 ἀρετὰ
2354 1712 2470 1763 ψυχᾶς

315 1873 484 1914 perfectio,
514 1872 580 1904 vita
605 1871 734 1912 quidem
768 1872 815 1903 est
837 1870 1001 1902 actionum
1027 1869 1118 1909 copia
1148 1877 1157 1900 ι
1184 1878 1238 1901 eas
1255 1870 1362 1901 autem

315 1925 355 1964 ad
383 1932 479 1964 finem
503 1931 635 1963 adducit
655 1929 832 1969 beatitudo,
850 1929 934 1970 quod
957 1929 993 1960 fit
1010 1928 1128 1960 virtute
1146 1927 1228 1959 duce
1248 1936 1286 1959 ac
1302 1928 1362 1960 for-

316 1994 405 2024 tuna.
499 1992 536 2023 Et
566 1991 666 2022 virtus
697 1989 825 2029 quidem
862 1986 1078 2018 consideratur
1113 1985 1146 2016 in
1180 1985 1248 2025 ipso
1289 1993 1362 2024 usu,

316 2051 444 2083 fortuna
459 2052 567 2082 autern
584 2049 617 2081 in
638 2057 802 2080 successu.
869 2049 914 2078 Ac
927 2045 1006 2077 deus
1021 2045 1152 2085 quidem
1169 2053 1226 2076 nec
1239 2043 1278 2075 ab
1301 2043 1362 2074 atio

317 2111 469 2142 virtutem
490 2109 626 2141 edoctus
646 2108 747 2139 bonus
776 2106 889 2145 evasit,
918 2113 1023 2146 neque
1043 2105 1181 2136 fortunae
1210 2102 1362 2135 beneficio

318 2169 393 2201 felix
415 2177 424 2197 ε
452 2168 570 2200 etenim
591 2167 706 2198 natura
732 2167 803 2198 tum
828 2165 930 2196 bonus
949 2167 1017 2195 tum
1045 2163 1157 2194 beatus
1179 2165 1265 2197 erat,
1282 2170 1364 2193 sem-

318 2235 435 2267 perque
467 2226 500 2257 et
532 2225 592 2256 fuit
612 2226 644 2256 et
660 2224 742 2263 erit,
778 2231 837 2254 nec
869 2230 1012 2262 unquam
1034 2220 1104 2252 talis
1136 2228 1207 2251 esse
1228 2220 1363 2258 desinet,

317 2294 418 2327 quum
452 2284 580 2316 interire
599 2291 663 2314 non
692 2281 788 2323 possit
813 2289 851 2313 ac
879 2280 1015 2312 naturali
1043 2279 1184 2311 bonitate
1211 2279 1365 2319 praeditus

319 2345 370 2376 sit.
417 2345 522 2375 Homo
542 2351 617 2374 vero
633 2350 690 2373 nec
704 2341 805 2372 bonus
828 2343 943 2371 natura
962 2347 1022 2370 nec
1043 2338 1153 2369 beatus
1167 2341 1233 2376 est,
1253 2346 1364 2369 verum

318 2403 518 2443 disciplinam
542 2403 574 2433 et
603 2409 714 2432 curam
747 2399 880 2440 requirit
906 2407 914 2427 :
940 2397 1090 2429 videlicet
1119 2398 1155 2428 ut
1185 2397 1288 2428 bonus
1311 2396 1366 2428 fiat

320 2461 461 2501 virtutis,
485 2462 522 2492 ut
537 2460 651 2491 beatus
667 2458 782 2490 evadat
797 2458 935 2489 fortunae
951 2456 1105 2497 indigens.
1150 2455 1306 2493 Quocirca
1327 2464 1368 2486 ex

321 2522 406 2554 hisce
419 2522 545 2552 duabus
560 2521 657 2552 rebus
669 2520 807 2551 humana
820 2518 984 2550 beatitudo
994 2518 1133 2556 constat,
1148 2516 1241 2548 laude
1251 2517 1283 2548 et
1298 2515 1365 2546 feli-

321 2582 426 2613 citatis
450 2580 676 2620 praedicatione
701 2589 708 2610 :
733 2588 751 2611 e
771 2578 888 2619 quibus
908 2577 977 2609 laus
999 2577 1132 2616 virtuti,
1151 2576 1250 2607 altera
1268 2575 1368 2607 felici-

322 2640 379 2672 tati
405 2639 570 2671 tribuitur.
597 2638 758 2670 Virtutem
787 2637 880 2677 igitur
910 2636 1054 2668 homines
1072 2635 1182 2667 divino
1208 2643 1367 2678 munere,

323 2700 459 2731 fortunae
479 2707 555 2729 vero
574 2697 813 2738 prosperitatem
832 2696 972 2727 bumana
991 2695 1112 2726 ratione
1126 2694 1255 2726 habent.
1284 2696 1364 2725 Pen-

322 2759 398 2790 dent
422 2757 508 2789 enim
535 2756 683 2787 mortalia
707 2764 724 2786 e
741 2755 875 2793 divinis,
896 2754 1060 2786 terrestria
1084 2763 1102 2785 e
1127 2753 1310 2785 coelestibus
1338 2754 1370 2784 et

323 2817 478 2848 deteriora
494 2824 512 2846 e
533 2814 731 2845 melioribus.
748 2813 963 2851 Quamobrem
980 2811 1044 2853 [vir
1059 2812 1160 2843 bonus
1171 2811 1183 2853 ]
1195 2812 1249 2852 qui
1260 2811 1368 2842 divina

324 2875 467 2915 seqnitur
486 2873 608 2913 beatus,
631 2872 686 2912 qui
708 2871 869 2910 mortalia,
897 2870 991 2902 miser
1008 2870 1080 2902 erit.
1100 2872 1180 2902 Nam
1201 2869 1369 2910 prudentia

325 2933 457 2975 praedito
474 2932 558 2963 bona
574 2932 623 2962 est
640 2938 790 2970 prospera
810 2929 936 2960 fortuna
957 2930 988 2960 et
1005 2928 1109 2968 utilis,
1127 2928 1209 2959 bona
1226 2927 1367 2967 quidem,

324 2994 474 3036 quoniam
493 2993 540 3024 uti
561 2992 633 3031 scit,
648 2991 736 3023 utilis
753 3000 847 3030 vero,
862 2989 1014 3030 quoniam
1034 2988 1215 3021 actionibus
1228 2989 1365 3020 confert,

325 3053 500 3086 Pulchrum
522 3051 616 3092 igitur
629 3052 689 3089 est,
706 3049 834 3090 quando
848 3058 922 3080 cum
940 3048 1089 3079 felicitate
1110 3047 1275 3088 prudentia
1293 3057 1367 3079 con·

324 3113 485 3153 iungitur,
515 3109 615 3142 veluti
643 3108 791 3140 secundis
815 3107 918 3138 ventis
944 3108 1131 3138 currentemv
1149 3106 1369 3145 gubernatoris

327 3171 475 3212 exemplo
501 3169 539 3201 ad
559 3168 711 3199 virtutem
735 3169 886 3207 tanquam
910 3165 949 3196 ad
979 3164 1119 3203 siderum
1138 3165 1246 3195 motus
1269 3164 1368 3203 respi-

328 3233 462 3264 cientem
493 3229 634 3262 actiones
657 3227 836 3268 perficere:
865 3226 910 3258 sic
938 3225 1023 3257 enim
1047 3233 1111 3256 non
1142 3224 1246 3255 solum
1272 3223 1369 3256 deum

328 3293 491 3331 sequetur,
505 3296 616 3319 verum
637 3286 732 3318 etiam
752 3284 873 3316 bonum
897 3284 1074 3315 humanum
1093 3282 1131 3313 ad
1158 3281 1369 3313 imitationem

329 3348 428 3380 divini
445 3347 606 3379 instituet.
632 3347 700 3377 Hoc
725 3352 854 3384 quoque
873 3342 1078 3374 manifestum
1101 3342 1149 3372 est
1166 3349 1206 3372 ex
1226 3339 1370 3371 affectio-

332 3409 424 3440 nibus
441 3410 472 3439 et
500 3406 569 3446 ipsa
596 3404 721 3436 actione
742 3402 819 3434 vitae
836 3401 1054 3433 diversitatem
1080 3400 1163 3439 gigni
1184 3409 1192 3430 :
1216 3402 1368 3430 caeterum

332 3466 458 3497 affectio
474 3463 650 3496 necessario
667 3463 723 3493 aut
739 3462 824 3493 bona
840 3465 895 3492 aut
913 3468 1010 3500 prava
1027 3458 1141 3498 fuerit,
1161 3458 1243 3489 actio
1263 3459 1371 3489 autem

333 3525 407 3556 felix
425 3524 474 3556 vel
488 3521 597 3555 infelix
617 3530 625 3552 :
649 3523 682 3553 et
696 3521 829 3553 honesta
845 3519 977 3560 quidem
998 3518 1124 3550 affectio
1139 3521 1200 3558 est,
1218 3525 1290 3557 quae
1310 3516 1370 3547 vir-

1425 1868 1523 1908 tutiS,
1543 1877 1641 1909 prava
1655 1878 1728 1909 quae
1746 1869 1877 1901 malitiae
1904 1869 2060 1910 particeps
2075 1871 2125 1900 est
2143 1881 2150 1900 ε
2165 1868 2306 1900 actiones
2325 1876 2403 1900 vero
2425 1867 2472 1899 fe-

1426 1929 1500 1960 lices
1517 1929 1645 1970 quidem
1670 1929 1702 1961 in
1730 1928 1889 1974 prosperis
1915 1929 2012 1960 rebus
2040 1928 2218 1960 consistunt
2249 1928 2304 1968 (ut
2323 1936 2397 1970 quoe
2427 1937 2465 1960 ex

1424 1987 1685 2019 animisententia
1694 1987 1871 2028 eveniant),
1880 1986 2022 2019 infelices
2032 1988 2142 2018 contra
2153 1987 2184 2018 in
2198 1986 2293 2018 rebus
2305 1985 2450 2018 adversis
2460 1997 2471 2027 ;

1425 2046 1644 2078 destituuntur
1664 2047 1748 2079 enini
1767 2048 1898 2079 eventu.
1919 2048 2122 2087 Quapropter
2149 2046 2256 2078 virtus
2283 2054 2348 2078 non
2373 2045 2470 2078 modo

1426 2104 1595 2144 discenda,
1611 2105 1666 2136 sed
1683 2098 1778 2137 etlam
1790 2100 2014 2145 ‘comparanda
2030 2107 2062 2137 et
2081 2104 2120 2136 ad
2145 2104 2343 2136 familiarum
2363 2113 2401 2136 ac
2424 2113 2470 2137 re-

1427 2172 1499 2195 rum
1535 2164 1738 2204 publicarum
1777 2164 1828 2196 vel
1858 2164 2062 2196 securitatem
2102 2163 2154 2195 vel
2183 2165 2394 2203 augmentum
2419 2163 2471 2196 vel

1426 2224 1521 2255 etiam
1534 2247 1543 2263 ,
1560 2223 1645 2264 quod
1661 2227 1708 2255 est
1725 2224 1922 2263 maximum,
1937 2222 2196 2255 emendationem
2214 2223 2264 2254 est
2276 2221 2470 2254 adhibenda.

1427 2286 1545 2316 Rerum
1561 2283 1645 2315 enim
1658 2282 1882 2323 praeclararum
1894 2291 1958 2314 non
1970 2282 2076 2314 solnm
2090 2281 2336 2322 possessionem,
2355 2290 2471 2314 verum

1427 2341 1521 2373 etiam
1540 2349 1634 2372 usum
1648 2340 1766 2372 habere
1784 2340 1887 2372 decet.
1905 2341 1986 2377 Quae
2004 2338 2133 2380 quidem
2150 2338 2259 2370 omnia
2277 2339 2473 2379 contingent,

1427 2400 1453 2432 si
1485 2399 1558 2441 quis
1583 2399 1813 2440 rempublicam
1837 2399 1916 2431 bene
1943 2398 2150 2430 constitutam
2173 2398 2376 2430 nanciscatur
2403 2406 2412 2426 ι
2436 2397 2470 2429 id

1426 2458 1513 2499 quod
1547 2458 1697 2499 equidem
1718 2458 1898 2490 Amaltheae
1928 2457 2016 2498 quod
2034 2457 2150 2488 dicitur
2182 2465 2282 2488 cornu
2303 2464 2372 2488 esse
2404 2455 2469 2495 ajo.

1428 2514 1554 2544 Etenim
1580 2513 1614 2544 in
1632 2513 1717 2543 recta
1737 2511 1842 2551 legum
1871 2510 2098 2542 constitutione
2123 2511 2198 2541 sunt
2216 2509 2342 2546 omnia,
2370 2517 2474 2549 neque

1430 2573 1609 2603 maximum
1636 2570 1785 2602 humanae
1802 2571 1926 2601 naturae
1950 2569 2071 2600 bonum
2099 2569 2149 2600 vel
2167 2567 2251 2608 gigni
2270 2568 2339 2600 sine
2361 2577 2399 2600 en
2423 2568 2474 2600 vel

1427 2635 1537 2663 natum
1559 2633 1591 2663 et
1607 2632 1739 2662 auctum
1758 2638 1943 2671 permanere
1968 2629 2080 2670 possit.
2108 2630 2190 2661 Nam
2217 2629 2250 2660 et
2270 2627 2424 2660 virtutem
2441 2629 2475 2661 et

1427 2690 1496 2731 ejus
1512 2698 1654 2721 amorem
1674 2689 1744 2721 haec
1766 2689 1834 2729 ipsa
1852 2688 2097 2729 complectitur,
2117 2686 2380 2728 quandoquidem
2405 2685 2474 2726 ejus

1429 2749 1580 2782 beneficio
1599 2750 1668 2781 tum
1685 2748 1770 2780 bona
1794 2748 1918 2787 ingenia
1936 2749 2158 2787 procreantur,
2184 2749 2253 2778 tum
2271 2754 2389 2786 mores,
2409 2749 2475 2779 stu·

1428 2809 1479 2840 dia
1503 2809 1649 2848 legesque
1677 2806 1756 2838 fiunt
1775 2806 1925 2846 optimae,
1956 2807 1987 2836 et
2013 2805 2151 2836 rationes
2176 2806 2284 2844 rectae,
2307 2804 2407 2846 pietas
2436 2813 2474 2836 ac

1430 2868 1538 2908 religio
1566 2875 1639 2907 erga
1655 2874 1692 2898 ea
1718 2874 1791 2906 qnae
1812 2863 2056 2896 honoratissima
2079 2865 2156 2895 sunt
2178 2863 2299 2903 vigent.
2348 2864 2472 2901 Quam·

1428 2928 1536 2959 obrem
1551 2925 1606 2967 qui
1618 2926 1730 2958 beatus
1743 2924 1872 2956 futurus
1889 2922 2052 2963 vitamque
2068 2931 2157 2954 snam
2176 2930 2327 2962 prospere
2341 2924 2474 2955 acturus

1429 2990 1494 3027 est,
1515 2995 1586 3019 eam
1604 2986 1637 3017 in
1663 2985 1743 3017 bene
1768 2982 1942 3014 constituta
1974 2981 2135 3022 republica
2155 2981 2312 3021 transigat
2329 2982 2471 3022 oportet,

1431 3046 1564 3087 posteris
1580 3045 1743 3077 civitatem
1756 3041 1886 3083 optimis
1903 3041 2025 3080 legibus
2041 3042 2253 3080 temperatam
2270 3039 2469 3080 retiaquens.

1430 3105 1534 3144 Quid?
1550 3104 1635 3146 quod
1656 3103 1751 3135 etiam
1773 3100 1966 3139 necessario,
1987 3108 2060 3140 quae
2075 3100 2151 3130 ante
2164 3098 2251 3130 dicta
2270 3101 2357 3138 sunt,
2375 3099 2420 3131 ita
2437 3108 2473 3133 se

1430 3163 1558 3194 habent.
1579 3164 1687 3199 Quum
1710 3159 1795 3192 enim
1828 3158 1925 3189 homo
1945 3157 1986 3189 sit
2011 3156 2171 3188 societatis
2200 3165 2285 3196 pars,
2307 3165 2382 3188 cum
2409 3157 2472 3189 inis

1430 3221 1642 3262 (quibuscum
1674 3218 1864 3258 conjunctus
1893 3217 1984 3262 est).
2006 3215 2117 3247 eadem
2154 3216 2278 3247 ratione
2309 3215 2471 3258 perfectus

1430 3279 1546 3319 evadit,
1567 3278 1593 3310 si
1613 3286 1675 3309 non
1693 3280 1816 3308 tantum
1846 3274 1991 3313 socium,
2009 3272 2065 3304 sed
2082 3274 2113 3304 et
2139 3272 2259 3303 bonum
2288 3273 2411 3304 socium
2436 3283 2471 3306 se

1430 3337 1578 3377 praebeat.
1627 3335 1782 3374 Quaedam
1799 3333 1883 3366 enim
1901 3333 1933 3364 in
1947 3333 2101 3373 pluribus,
2120 3341 2184 3363 non
2200 3331 2232 3362 in
2253 3340 2317 3362 uno
2329 3356 2339 3372 ‚
2361 3331 2422 3363 alia
2439 3333 2471 3364 in

1431 3406 1514 3437 uno,
1547 3405 1610 3427 non
1641 3396 1674 3427 in
1707 3394 1851 3435 pluribus
1883 3393 2076 3430 cernuntur,
2113 3391 2173 3422 alia
2200 3391 2232 3422 et
2258 3390 2291 3421 in
2325 3390 2471 3430 pluribus

1431 3458 1461 3488 et
1493 3456 1526 3487 in
1560 3464 1643 3495 uno,
1675 3454 1811 3494 ideoque
1840 3452 1873 3483 in
1901 3460 1987 3490 nno,
2013 3450 2163 3490 quoniam
2183 3452 2215 3480 et
2244 3449 2276 3480 in
2311 3448 2469 3489 pluribus.

1431 3516 1512 3547 Nam
1529 3513 1712 3552 harmonia,
1730 3514 1918 3550 concentus,
1935 3517 2089 3542 numerus
2113 3509 2144 3540 in
2168 3507 2311 3548 pluribus
2329 3516 2469 3540 cernun-

2618 2595 2638 2716 υέῡκκοιεςε
2616 2555 2638 2590 2⁴³4·
2616 2474 2638 2550 'm'z'ff-'ns
2623 2462 2629 2469 -
2621 2440 2638 2458 r·
2623 2411 2635 2435 ›2-

2616 2775 2638 2859 *fimi-ra
2617 2731 2636 2758 vi«
2623 2718 2630 2723 t

2619 3205 2638 3216 Α.
2616 2946 2638 3198 *mamut-
2620 2915 2632 2929 a
2620 2888 2631 2906 ψ»
2624 2879 2626 2881 -
2616 2861 2635 2872 a
