2638 3840
300 244 347 278 72
1138 244 1608 288 PYTHAGOREORUM

297 327 464 375 ἀλήπτων
501 329 648 383 διάφορα
681 329 763 382 γένη
800 326 898 371 εἶναι.
922 329 986 371 ¹³⁹.

295 386 387 425 κατὰ
408 388 509 441 φύσιν
533 388 632 434 ἀξίαν
662 388 778 442 ἔχειν,
813 390 873 428 καὶ
903 389 1020 428 πάντα
1051 390 1094 429 τὰ
1123 391 1220 443 παρὰ
1242 392 1342 446 φύσιν

297 446 461 492 ἀπαξίαν.
514 447 589 495 Τὴν
610 447 646 487 δὲ
672 448 769 493 ἀξίαν
788 449 950 500 λέγεσθαι
968 451 1113 502 τριχῶς,
1139 450 1203 502 ¹⁴⁰,
1224 452 1287 498 τήν
1307 468 1344 490 τε

296 506 403 553 δόσιν,
424 505 486 554 τὴν
505 510 584 546 καθ’
606 507 713 554 αὑτήν
737 508 801 560 ¹²⁵¹,
818 508 877 546 καὶ
905 507 967 555 τὴν
991 508 1145 559 ἀμοιῧὴν
1164 514 1223 548 τοῦ
1242 511 1346 549 δοκι-

296 570 431 614 μαστοῦ
444 596 454 615 ,
477 566 536 605 καὶ
554 566 617 613 τὴν
637 567 775 620 τρίτην,
797 569 839 615 ἣν
860 570 878 606 ὁ
895 567 1121 621 Ἀντίπατρος
1141 571 1342 619 ἐκλεκτικὴν

294 625 562 681 προσαγορεύει,
581 627 656 664 καθ’
674 627 713 674 ἣν
734 627 895 666 διδόντων
915 629 983 666 τῶν
1003 627 1222 680 πραγμάτων
1241 630 1286 667 τά
1304 631 1344 681 γέ

294 699 372 722 τινα
393 686 527 735 μᾶλλον
549 684 625 722 ἀντὶ
655 685 761 723 τῶνδε
786 685 999 737 αἱρούμεθα,
1026 680 1095 726 οἷον
1115 688 1246 740 ὑγίειαν
1267 689 1342 728 ἀντὶ

293 741 395 781 νόσου
410 740 422 792 ,’
438 743 497 782 καὶ
523 742 611 789 ζωὴν
635 743 710 782 ἀντὶ
733 745 895 792 θανάτου,
918 745 979 783 καὶ
1003 747 1152 785 πλοῦτον
1171 747 1246 786 ἀντὶ
1268 764 1341 787 πε-

294 802 382 846 νίας.
402 803 505 841 Κατὰ
514 803 552 840 τὸ
567 802 735 854 ἀνάλογον
751 804 787 841 δὲ
803 803 862 842 καὶ
876 801 938 851 τὴν
954 804 1103 850 ἀπαξίαν
1112 810 1240 859 τριχῶς
1257 823 1342 860 φασι

295 860 478 913 λέγεσθαι,
515 862 782 911 ἀντιτιθεμένων
806 865 875 902 τῶν
896 864 1165 915 σημαινομένων
1183 872 1255 910 τοῖς
1284 866 1341 905 ἐπὶ

293 923 354 967 τῆς
374 920 516 973 πρώτης
546 921 642 965 ἀξίας
662 922 865 973 εἰρημένοις.
898 922 974 969 Τὴν
1007 923 1042 961 δὲ
1077 923 1169 964 δόσιν
1191 925 1294 977 φησὶν
1325 928 1343 964 ὃ

294 979 459 1031 Διογένης
486 978 600 1033 κρίσιν
620 974 729 1029 εἶναι,
753 981 805 1032 ἐφ’
831 979 909 1021 ὅσον
932 983 1024 1021 κατὰ
1049 981 1151 1035 φύσιν
1177 983 1269 1022 ἐστίν
1285 1014 1295 1032 ,
1318 983 1341 1031 ἢ

295 1039 348 1090 ἐφ’
372 1038 450 1077 ὅσον
475 1038 596 1091 χρείαν
617 1043 660 1092 τῇ
683 1039 783 1092 φύσει
814 1040 1019 1094 παρέχεται,
1050 1043 1104 1080 Τὸ
1135 1041 1170 1080 δὲ
1191 1043 1345 1094 δοκιμα-

294 1097 424 1146 στικόν,
438 1099 505 1150 οὐχ
523 1099 569 1142 ὣς
585 1098 724 1148 λέγεται
743 1098 786 1136 τὰ
803 1105 996 1152 πράγματα
1013 1099 1211 1152 δοκιμαστὰ
1226 1118 1343 1153 παρα-

293 1156 550 1206 λαμὸάνεσθαι,
580 1157 658 1194 ἀλλ’
675 1158 721 1202 ὡς
740 1158 958 1208 δοκιμαστήν
977 1174 1089 1211 φαμεν
1116 1153 1203 1198 εἶναι
1220 1159 1278 1198 τὸν
1298 1159 1343 1200 τὰ

293 1215 487 1267 πράγματα
509 1214 754 1265 δοκιμάζοντα,
773 1218 849 1264 Τῆς
867 1210 925 1254 οῧν
945 1216 1095 1268 ἀμοιὸἧς
1115 1216 1172 1255 τὸν
1187 1218 1340 1256 τοιοῦτόν

293 1289 377 1328 φασι
396 1274 611 1324 δοκιμαστὴν
632 1270 741 1323 εἶναι,
767 1274 828 1314 καὶ
848 1274 979 1319 ταύτας
1002 1275 1064 1326 μὲν
1088 1275 1150 1320 τὰς
1168 1276 1227 1315 δύο
1247 1276 1343 1321 ἀξίας

293 1333 369 1372 καθ’
385 1333 425 1378 ἃς
440 1333 587 1386 λέγομέν
607 1350 683 1372 τινα
697 1337 740 1386 τῇ
757 1333 836 1387 ἀξίᾳ
851 1338 1039 1387 προῆχθαι.
1063 1335 1196 1387 Τρίτην
1222 1333 1260 1373 δέ
1281 1351 1342 1388 φη·

294 1409 347 1431 σιν
365 1387 452 1431 εἶναι
466 1423 476 1440 ,
500 1393 578 1432 καθ’
593 1393 635 1440 ἥν
656 1409 770 1446 φαμεν
789 1393 926 1445 ἀξίωμά
939 1410 1014 1432 τινα
1029 1395 1133 1447 ἔχειν,
1148 1394 1207 1433 καὶ
1227 1394 1338 1442 ἀξίαν,

292 1453 384 1506 ἥπερ
405 1454 486 1504 περὶ
511 1453 685 1505 ἀδιάφορα
705 1454 743 1491 οὗ
762 1451 934 1504 γίγνεται,
959 1453 1050 1492 ἀλλὰ
1071 1453 1152 1506 περὶ
1188 1452 1277 1504 μόνα
1296 1452 1340 1491 τὰ

294 1514 481 1551 σπουδαῖα.
503 1514 665 1564 Χρῆσθαι
691 1511 727 1550 δὲ
751 1514 844 1559 ἡμᾶς
865 1527 969 1564 φησιν
992 1511 1100 1551 ἐνίοτε
1124 1514 1172 1564 τῷ
1192 1511 1338 1562 ὀνόματι

293 1575 354 1618 τῆς
377 1570 473 1616 ἀξίας
494 1571 570 1608 ἀντὶ
591 1575 650 1611 τοῦ
669 1570 931 1615 ἐπιὸάλλοντος·
954 1573 1001 1615 ὡς
1016 1573 1049 1610 ἐν
1070 1574 1120 1624 τῷ
1137 1574 1198 1618 τῆς
1213 1572 1341 1610 δικαιο-

291 1709 401 1741 parem
421 1699 469 1732 vel
484 1699 638 1740 imparem
660 1699 795 1731 crinium
813 1708 985 1732 numerum
1007 1699 1136 1732 habere.
1151 1699 1342 1732 indifferen-

293 1761 375 1792 tium
394 1768 487 1800 porro
498 1760 622 1791 naturae
634 1759 878 1798 conjunctorum
890 1758 951 1790 alia
964 1762 1038 1790 sunt
1053 1759 1153 1799 prima
1166 1759 1342 1790 secundum

293 1820 455 1858 naturam,
473 1818 534 1850 alia
559 1827 615 1859 per
629 1817 901 1849 communionem.
921 1817 1030 1849 Prima
1053 1817 1230 1849 secundum
1247 1820 1342 1848 natu-

293 1887 361 1911 ram
379 1879 454 1910 sunt
473 1880 580 1909 motus
598 1876 647 1908 vel
677 1876 807 1908 habitus
831 1875 991 1908 seminum
1021 1875 1197 1908 rationibus
1224 1876 1341 1916 aptus,

294 1941 330 1969 ut
348 1937 468 1968 sanitas
481 1937 514 1968 et
530 1944 644 1968 sensus
655 1960 665 1975 ,
682 1935 755 1967 dico
772 1936 880 1967 autem
901 1934 1101 1975 percipiendi
1118 1935 1183 1966 vim
1210 1936 1242 1966 et
1269 1943 1342 1966 ner-

295 2005 409 2028 vorum
434 1996 630 2028 firmitatem.
653 1997 714 2027 Per
732 1994 995 2026 communionem
1020 2002 1108 2034 vero,
1140 2002 1342 2034 quaecunque

293 2056 332 2087 ad
349 2055 509 2087 seminum
523 2054 661 2087 rationes
683 2053 928 2085 accommodate
943 2056 1051 2085 motus
1073 2056 1104 2085 et
1120 2053 1248 2085 habitus
1263 2061 1342 2085 con-

293 2115 390 2147 sortia
405 2117 499 2154 sunt,
526 2114 615 2146 velut
642 2122 756 2145 manus
780 2112 915 2153 integra,
934 2121 1049 2153 corpus
1068 2121 1198 2151 sanum,
1229 2120 1342 2144 sensus

293 2182 360 2205 non
386 2172 539 2205 hebetati.
565 2173 674 2213 Neque
698 2171 791 2203 aliter
812 2170 845 2202 in
869 2170 908 2202 iis
929 2180 1003 2212 quae
1019 2172 1144 2202 naturae
1164 2171 1344 2211 repugnant

293 2241 361 2264 rem
382 2241 417 2264 se
433 2232 559 2264 habere.
578 2233 787 2271 Quaecunque
800 2232 906 2262 autem
930 2234 1054 2262 naturae
1068 2230 1238 2270 conjuncta
1254 2230 1340 2268 sunt,

294 2299 363 2324 esse
379 2293 509 2332 accepta
521 2314 530 2330 ,
548 2290 603 2323 sed
617 2299 691 2331 quae
711 2299 730 2321 a
745 2293 859 2321 natura
880 2289 1087 2329 abhorreant,
1107 2297 1173 2321 non
1195 2292 1339 2328 accepta.

292 2352 456 2383 Caeterum
477 2351 602 2382 naturae
627 2349 875 2390 conjunctorum
892 2349 954 2380 alia
979 2357 1035 2389 per
1053 2357 1087 2380 se
1103 2349 1235 2388 accepta
1254 2357 1340 2386 esse,

292 2410 353 2442 alia
369 2418 446 2441 vero
459 2411 586 2450 propter
602 2409 678 2441 alia.
705 2411 764 2441 Per
782 2417 815 2440 se
835 2400 976 2449 quidem,
995 2416 1068 2448 quae
1083 2407 1267 2448 cupidinem
1287 2407 1337 2439 sui

293 2469 373 2500 adeo
395 2470 527 2500 movent
545 2470 580 2500 ut
608 2477 645 2500 ea
662 2468 798 2500 retinere
819 2467 971 2505 velimus,
997 2465 1086 2498 verbi
1107 2475 1202 2498 causa
1218 2466 1338 2498 sanita-

293 2529 376 2565 tem,
399 2534 553 2557 sensuum
569 2526 725 2565 vigorem,
750 2525 969 2556 molestiarum
987 2525 1181 2557 vacuitatem
1194 2548 1204 2564 ,
1224 2533 1339 2566 corpo-

292 2586 335 2617 ris
350 2585 634 2626 pulchritudinem.
648 2587 783 2626 Insuper
800 2585 970 2617 efficientia
989 2585 1176 2625 existimari,
1190 2595 1262 2626 quae
1282 2594 1340 2626 ap-

293 2645 427 2685 petitum
442 2645 486 2676 ita
500 2645 652 2683 movent,
672 2646 708 2676 ut
725 2653 799 2676 eum
817 2644 856 2675 ad
869 2644 931 2675 alia
949 2644 1128 2683 traducant,
1148 2653 1210 2676 non
1229 2647 1337 2676 autem

293 2703 331 2733 ad
362 2711 395 2734 se
420 2703 618 2741 convertant,
647 2703 786 2743 exempli
813 2702 1075 2743 eausa·divitias‚
1095 2702 1227 2742 gloriam
1244 2704 1340 2743 atque

293 2760 407 2792 horum
429 2759 554 2791 similia.
577 2759 628 2791 Sic
647 2768 776 2800 quoque
792 2769 903 2792 eorum
922 2770 995 2801 quae
1022 2763 1146 2793 naturae
1164 2762 1341 2802 repugnent

292 2820 353 2851 alia
370 2827 440 2850 esse
457 2827 511 2859 per
530 2827 564 2851 se
577 2827 640 2850 non
660 2820 788 2859 accepta
800 2844 808 2858 ,
825 2819 885 2851 alia
900 2821 1058 2860 quatenus
1075 2819 1245 2852 efficientia
1262 2820 1337 2852 sint.

292 2881 413 2910 Eorum
431 2886 503 2917 quae
520 2886 574 2918 per
594 2885 705 2909 senon
725 2878 788 2910 sint
813 2880 942 2919 accepta
966 2878 1090 2910 diversa
1117 2887 1185 2911 esse
1212 2887 1336 2919 genera.

291 2939 310 2969 J
314 2946 366 2968 am
377 2936 484 2968 omnia
494 2944 566 2976 quae
578 2938 701 2967 naturae
713 2936 905 2968 conveniant
919 2935 1035 2969 habere
1046 2936 1247 2980 dignitatem,
1263 2945 1336 2977 quae

292 3005 311 3027 a
326 2996 441 3027 natura
466 2994 677 3032 abhorreant,
693 2993 925 3034 indignitatem.
943 2995 1140 3034 Dignitatem
1155 2994 1217 3027 dici
1245 2995 1335 3027 trisa-

292 3055 386 3094 riam‚
403 3053 541 3094 primum
555 3052 760 3085 donationem
779 3062 833 3093 per
851 3062 897 3092 se,
913 3053 1028 3086 deinde
1044 3054 1267 3094 approbatoris
1288 3063 1335 3086 re-

293 3113 545 3145 munerationem
560 3135 569 3151 ,
590 3111 728 3152 denique
758 3112 845 3144 illam
869 3120 965 3152 quarn
983 3113 1150 3153 Antipater
1168 3113 1336 3152 eligentem

294 3174 401 3212 vocat,
413 3179 490 3212 qua,
498 3171 523 3202 si
536 3178 585 3202 res
596 3169 690 3209 sinat,
704 3169 830 3201 duobus
839 3170 1008 3210 propositis
1018 3170 1154 3202 alterum
1164 3171 1334 3209 malumus,

293 3232 328 3262 ut
344 3229 511 3261 sanitatem
528 3236 626 3269 quam
644 3227 805 3268 morbum,
822 3227 922 3259 vitam
933 3236 1029 3267 quam
1040 3228 1189 3267 mortem,
1207 3227 1336 3260 divitias

292 3298 389 3329 quam
405 3289 637 3329 paupertatem.
666 3287 738 3319 Pari
759 3295 886 3328 quoque
900 3287 1020 3320 ratione
1043 3287 1261 3326 indignitatem
1282 3288 1337 3319 tri-

292 3349 352 3381 bus
361 3348 466 3380 modis
476 3346 574 3389 accipi
583 3347 706 3386 volunt,
714 3346 868 3387 oppositis
883 3354 956 3387 quae
966 3345 1041 3377 huic
1054 3345 1165 3386 primae
1176 3345 1335 3385 dignitatis

293 3406 481 3448 expositioni
495 3406 593 3438 altera
603 3414 645 3438 ex
655 3406 742 3446 parte
759 3404 950 3445 respondent
964 3403 1156 3436 nominibus.
1175 3406 1220 3435 Ac
1236 3403 1335 3435 dona-

293 3465 413 3499 tionem
427 3463 556 3504 quidem
570 3463 727 3503 Diogenes
740 3461 896 3502 judicium
909 3470 976 3494 esse
990 3461 1163 3501 contendit,
1178 3464 1335 3502 quatenus

1077 332 1201 372 Πάντα
1232 332 1267 373 δὲ
1299 333 1343 372 τὰ
1409 335 1512 384 σύνης
1533 334 1602 390 ὅρῳ
1625 336 1873 390 περιείληπται
1895 338 1960 387 ⁴⁴²,
1989 337 2072 378 ὅταν
2100 339 2247 392 λέγηται
2275 335 2364 382 εἶναι
2384 343 2451 392 ἕξις

1406 395 1648 447 ἀπονεμητικὴ
1668 400 1727 435 τοῦ
1747 399 1825 436 κατ’
1845 397 1942 443 ἀξίαν
1956 398 2109 452 ἑκάστῳ,
2130 399 2204 440 ἔστι
2222 401 2289 454 γὰρ
2307 397 2377 444 οἷον
2391 408 2451 444 τοῦ

1406 454 1653 500 ἐπιὸάλλοντος
1677 455 1830 509 ἑκάστῳ.
1860 460 1941 497 Τῶν
1969 458 2000 496 δ’
2028 457 2125 503 ἀξίαν
2143 460 2294 513 ἐχόντων
2321 464 2364 501 τὰ
2385 465 2450 515 μὲν

1405 512 1498 565 ἔχειν
1525 513 1657 562 πολλὴν
1685 514 1796 563 ἀξίαν,
1821 516 1865 554 τὰ
1884 516 1920 555 δὲ
1943 518 2128 569 βραχεῖαν.
2159 517 2313 569 Ὁμοίως
2332 521 2367 561 δὲ
2387 522 2448 562 καὶ

1404 575 1472 610 τῶν
1493 572 1643 617 ἀπαξίαν
1661 573 1811 625 ἐχόντων
1833 573 1855 612 ἃ
1883 573 1944 625 μὲν
1966 574 2057 627 ἔχειν
2076 576 2209 625 πολλὴν
2235 578 2401 627 ἀπαξίαν,
2425 581 2448 622 ἃ

1406 631 1442 670 δὲ
1466 636 1647 685 βραχεῖαν.
1691 634 1746 673 Τὰ
1765 633 1827 684 μὲν
1841 627 1899 673 οὖν
1924 635 2058 682 πολλὴν
2076 634 2201 688 ἔχοντα
2217 635 2315 682 ἀξίαν
2335 654 2448 692 προη-

1405 690 1518 743 γμένα
1534 692 1711 743 λέγεσθαι,
1724 692 1768 731 τὰ
1785 692 1820 731 δὲ
1837 694 1971 740 πολλὴν
1991 693 2142 740 ἀπαξίαν
2160 693 2449 747 ἀποπροηγμένα,

1407 744 1568 791 Ζήνωνος
1596 744 1727 790 ταύτας
1750 745 1812 789 τὰς
1838 745 2027 797 ὀνομασίας
2047 747 2191 798 θεμένου
2213 748 2354 802 πρώτου
2377 750 2449 792 τοῖς

1406 805 1607 856 πράγμασι.
1632 805 1858 855 Προηγμένον
1876 806 1905 844 δ’
1924 799 2012 844 εἶναι
2030 805 2204 858 λέγουσιν,
2224 808 2243 846 ὃ
2259 807 2447 860 ἀδιάφορον

1405 861 1441 901 ὂν
1457 863 1668 914 ἐκλεγόμεθα
1681 862 1773 902 κατὰ
1789 864 2048 917 προηγούμενον
2061 863 2175 914 λόγον.
2191 866 2263 905 Τὸν
2282 866 2313 905 δ’
2329 865 2447 916 ὅμοιον

1405 921 1504 974 λόγον
1523 920 1572 945 ¹⁴³
1593 921 1648 961 ε’πὶ
1667 925 1736 961 τῶν
1757 924 2056 975 ἀποπροηγμένων
2077 918 2178 973 εἶναι,
2193 925 2312 965 καὶτὰ
2333 941 2450 979 παρα-

1407 981 1579 1031 δείγματα
1600 982 1691 1020 κατὰ
1721 981 1785 1028 τὴν
1806 982 1993 1032 ἀναλογίαν
2022 983 2147 1023 ταυτά.
2175 983 2287 1024 Οὐδὲν
2309 978 2354 1024 δὲ’
2375 987 2446 1023 τῶν

1407 1041 1545 1091 ἀγαθῶν
1566 1035 1653 1079 εἶναι
1672 1040 1891 1093 προηγμένον
1923 1040 1980 1079 διὰ
2002 1041 2042 1080 τὸ
2070 1041 2133 1089 τὴν
2163 1043 2332 1094 μεγίστην
2353 1042 2451 1088 ἀξίαν

1407 1098 1495 1137 αὐτὰ
1521 1098 1628 1150 ἔχειν.
1647 1099 1699 1138 Τὸ
1719 1097 1755 1137 δὲ
1781 1099 2000 1152 προηγμένον
2015 1131 2026 1148 ,
2056 1099 2119 1147 τὴν
2141 1099 2303 1154 δεύτεραν
2327 1100 2450 1155 χώραν

1405 1157 1464 1196 καὶ
1479 1157 1576 1202 ἀξίαν
1594 1156 1687 1209 ἔχον,
1721 1158 1929 1209 συνεγγίζειν
1946 1175 2021 1202 πως
2038 1161 2080 1211 τῇ
2097 1161 2166 1198 τῶν
2185 1160 2323 1211 ἀγαθῶν
2337 1161 2450 1214 φύσει.

1405 1216 1497 1255 Οὐδὲ
1517 1217 1583 1267 γὰρ
1603 1218 1636 1254 ἐν
1657 1217 1746 1269 αὐλῇ
1765 1218 1834 1255 τῶν
1849 1218 2081 1270 προηγμένων
2102 1210 2190 1256 εἶναι
2208 1218 2266 1258 τὸν
2285 1219 2448 1272 βασιλέα,

1406 1273 1496 1313 ἀλλὰ
1521 1273 1599 1318 τοὺς
1629 1273 1703 1323 μετ’
1733 1274 1838 1313 αὐτὸν
1875 1276 2106 1327 τεταγμένους
2122 1278 2178 1314 ¹⁴⁸.
2232 1277 2446 1331 Προηγμένα

1405 1332 1441 1371 δὲ
1457 1331 1621 1384 λέγεσθαι
1636 1333 1673 1370 οὗ
1687 1334 1737 1385 τῷ
1751 1332 1837 1385 πρὸς
1850 1334 2071 1385 εὐδαιμονίαν
2085 1335 2163 1374 τινὰ
2181 1334 2444 1385 συμὸάλλεσθαι

1405 1392 1604 1444 [συνεργεῖν
1637 1407 1671 1430 τι
1695 1391 1779 1443 πρὸς
1808 1390 1939 1447 αὐτήν]
1963 1392 2027 1444 ¹⁴⁵,
2059 1393 2150 1433 ἀλλὰ
2179 1395 2230 1447 τῷ
2260 1397 2450 1445 ἀναγκαῖον

1405 1445 1493 1490 εἶναι
1509 1450 1640 1490 τούτων
1658 1450 1720 1497 τὴν
1735 1451 1883 1503 ἐκλογὴν
1900 1456 2076 1492 ποιεῖσθαι
2094 1451 2191 1506 παρὰ
2207 1452 2252 1493 τὰ
2272 1454 2451 1507 ἀποπροη-

1402 1510 1527 1560 γμένα.

1455 1569 1656 1612 Ἀκόλουθος
1671 1570 1699 1607 δ’
1717 1568 1791 1607 ἐστὶ
1804 1569 1856 1622 τῷ
1868 1568 1962 1623 λόγῳ
1972 1571 2020 1623 τῷ
2034 1569 2114 1622 περὶ
2126 1572 2195 1609 τῶν
2211 1571 2444 1624 προηγμένων

1404 1701 1530 1730 natura}
1546 1698 1699 1738 congruat
1711 1696 1762 1728 vel
1776 1697 1933 1737 quatenus
1942 1698 2068 1730 naturae
2083 1706 2178 1730 usum
2191 1699 2317 1732 asserat.
2331 1702 2448 1741 Appro·

1405 1755 1568 1788 bationem
1593 1758 1701 1787 autem
1720 1764 1784 1787 non
1813 1755 1844 1787 in
1870 1755 1967 1787 rebus
1993 1756 2176 1796 approbatis
2205 1757 2302 1798 poni,
2332 1757 2387 1790 sed
2417 1759 2448 1791 in

1404 1815 1544 1855 personis
1561 1815 1631 1848 illas
1646 1814 1908 1861 approbantibus.
1935 1817 2213 1848 Remunerationis
2239 1817 2335 1858 igitur
2351 1819 2447 1851 talem

1402 1882 1471 1906 esse
1482 1874 1726 1915 approbatorem
1744 1882 1810 1914 prae
1827 1883 1861 1905 se
1881 1874 2003 1914 ferunt,
2020 1883 2058 1906 ac
2072 1874 2234 1916 duplicem
2253 1875 2334 1908 hanc
2349 1878 2450 1911 sta-eni

1403 1933 1589 1974 dignitatem
1602 1957 1611 1973 ,
1629 1942 1694 1974 qua
1717 1933 1858 1971 dicimus
1871 1927 1938 1965 ii'eri
1951 1957 1961 1972 ,
1990 1934 2026 1966 ut
2047 1934 2201 1966 nonnulla
2219 1943 2278 1967 sua
2293 1935 2447 1977 dignitate

1404 1992 1474 2024 aliis
1494 1993 1714 2033 praeferantur.
1733 1992 1875 2024 Tertiam
1896 1993 2004 2024 autem
2024 1992 2182 2033 Diogenes
2199 1993 2446 2028 aestimationem

1403 2051 1485 2082 hanc
1499 2059 1567 2083 esse
1582 2050 1673 2090 vult,
1697 2059 1759 2091 qua
1781 2050 1916 2082 dicimus
1930 2050 2085 2083 nonnulla
2103 2051 2316 2092 dignationem
2330 2053 2448 2087 habere

1403 2109 1452 2141 rel
1471 2109 1674 2149 dignitatem,
1701 2117 1775 2148 quae
1803 2117 1865 2140 non
1894 2108 1924 2139 in
1944 2108 2156 2141 indifferentia
2180 2109 2237 2142 sed
2261 2111 2446 2145 tantum‘in

1402 2167 1500 2209 proba
1515 2167 1611 2199 cadit.
1630 2167 1739 2204 Quid?
1755 2166 1841 2207 qnod
1854 2167 1899 2199 uti
1915 2175 1974 2199 nos
1989 2167 2149 2200 interdum
2164 2168 2208 2200 ait
2218 2168 2380 2209 dignitatis
2390 2179 2448 2202 no-

1403 2227 1488 2258 mine
1502 2235 1559 2267 pro
1567 2227 1786 2265 conveniente;
1804 2229 1840 2257 ut
1851 2225 2022 2265 injustitiae
2034 2225 2218 2259 definitione
2231 2227 2328 2268 inest,
2342 2237 2445 2270 quum

1400 2284 1585 2325 perhibetur
1607 2293 1676 2316 esse
1705 2284 1834 2316 habitus
1865 2293 1959 2315 suum
1986 2284 2102 2325 cuique
2128 2293 2184 2325 pro
2203 2285 2356 2326 dignitate
2385 2287 2446 2319 tri·

1401 2343 1539 2384 buendi,
1559 2347 1606 2376 est
1626 2343 1712 2375 enim
1731 2345 1882 2384 tanquam
1900 2351 1957 2383 pro
1980 2351 2018 2375 eo
2038 2343 2124 2384 quod
2145 2343 2262 2385 cuique
2280 2347 2444 2379 convenit.

1400 2404 1474 2434 Jam
1492 2411 1564 2443 quae
1586 2402 1769 2443 dignitatem
1801 2401 1955 2441 habeant,
1985 2410 2096 2433 eorum
2123 2402 2271 2443 quoedam
2297 2412 2444 2445 magnam

1401 2461 1516 2493 habere
1537 2460 1740 2502 dignitatern,
1760 2460 1821 2491 alia
1840 2467 1981 2500 parvam.
2041 2459 2194 2492 Similiter
2218 2460 2315 2494 etiam
2330 2470 2445 2496 eorum

1374 2539 1378 2543 ι
1402 2530 1473 2563 quae
1487 2520 1709 2560 indignitatem
1730 2519 1887 2559 habeant,
1911 2519 1972 2550 alia
1989 2519 2107 2551 hahere
2123 2528 2284 2561 magnam,
2297 2521 2360 2554 alia
2371 2531 2445 2563 par·

1399 2589 1485 2612 vam.
1503 2581 1585 2618 Quae
1602 2579 1700 2619 igitur
1714 2587 1829 2618 magna
1855 2578 2008 2618 dignitate
2023 2579 2136 2611 ornata
2162 2579 2246 2619 sint,
2276 2581 2446 2621 proeposita

1399 2638 1569 2680 appellari,
1589 2638 1646 2670 sed
1665 2646 1701 2670 ea
1721 2637 1751 2669 in
1770 2637 1887 2677 quihus
1904 2645 2017 2676 magna
2034 2637 2154 2670 haereat
2166 2637 2349 2679 indignitas,
2362 2639 2443 2681 reje-

1399 2699 1462 2737 cta,
1471 2699 1598 2729 Zenone
1612 2696 1749 2737 primum
1767 2696 1834 2727 haec
1845 2695 1974 2727 nomina
1987 2695 2083 2728 rebus
2093 2696 2288 2737 imponente.
2296 2699 2342 2730 Ac
2360 2707 2445 2740 prae-

1399 2757 1540 2798 positum
1557 2755 1687 2796 quidem
1709 2763 1780 2786 esse
1808 2754 1988 2794 affirmant,
2012 2754 2098 2794 quod
2125 2763 2226 2795 quum
2259 2755 2444 2789 indifferens

1399 2816 1441 2848 sit
1457 2814 1648 2856 praecedenti
1669 2813 1792 2846 ratione
1810 2812 1941 2844 adducti
1956 2812 2114 2852 eligimus.
2135 2813 2278 2846 Similem
2297 2819 2439 2847 remoto·

1400 2884 1473 2907 rum
1491 2883 1559 2907 esse
1583 2873 1737 2906 rationem
1757 2874 1852 2913 atque
1868 2872 1998 2912 eadem,
2017 2881 2074 2913 pro
2094 2873 2262 2914 portione,
2283 2874 2441 2916 exempta.

1399 2934 1532 2967 Nullum
1557 2934 1665 2965 autem
1688 2932 1844 2964 bonorum
1871 2930 2064 2971 productum
2087 2931 2241 2972 judicari,
2274 2935 2443 2974 propterea

1399 2991 1485 3032 quod
1498 2991 1552 3023 illa
1564 2998 1722 3022 summam
1736 2988 1920 3028 dignitatem
1935 2989 2084 3022 habeant.
2096 2991 2137 3022 At
2149 2990 2342 3031 productum
2355 2992 2443 3034 quod

1398 3051 1533 3083 alterum
1554 3050 1661 3082 locum
1683 3050 1714 3081 et
1742 3047 1916 3080 secundam
1933 3047 2118 3088 dignitatern
2143 3049 2258 3089 habet,
2286 3050 2444 3091 quodam-

1398 3109 1494 3142 modo
1512 3109 1551 3141 ad
1572 3108 1648 3140 boni
1676 3110 1824 3139 naturam
1842 3106 1976 3138 accedit.
2002 3109 2112 3148 Neque
2128 3107 2213 3140 enim
2231 3108 2264 3140 in
2289 3109 2362 3140 aula
2390 3118 2442 3140 re·

1397 3178 1468 3209 gem
1490 3168 1529 3200 ad
1549 3167 1738 3207 dignitatem
1763 3164 1953 3207 productum
1973 3165 2057 3205 dici,
2082 3165 2135 3197 sed
2157 3166 2213 3207 qui
2242 3166 2386 3209 proxime
2401 3167 2441 3199 ad

1397 3227 1518 3267 regium
1548 3218 1761 3266 principatum
1789 3223 1954 3255 accedant.
1985 3224 2163 3264 Praeposita
2187 3233 2265 3256 vero
2290 3224 2442 3265 appellari

1398 3294 1462 3317 non
1482 3285 1601 3316 idcirco
1620 3283 1695 3325 quia
1723 3282 1765 3315 ad
1793 3269 1978 3314 felicitatem
2005 3281 2182 3322 quidquam
2211 3282 2367 3321 afferant,
2386 3282 2442 3314 sed

1395 3346 1471 3385 quia
1486 3352 1616 3376 neccsse
1631 3343 1672 3376 sit
1687 3343 1740 3375 illa
1754 3350 1774 3374 a
1789 3342 1920 3373 remotis
1939 3341 2006 3373 sive
2022 3341 2145 3381 rejectis
2161 3341 2312 3373 discerni.

1438 3403 1589 3443 Sequitur
1607 3403 1715 3434 autem
1739 3401 1911 3432 tractatum
1938 3399 1978 3431 de
2000 3399 2178 3440 praepositis
2203 3400 2270 3431 sive
2290 3400 2443 3440 promotis

1397 3461 1476 3493 alter
1495 3461 1535 3494 de
1558 3459 1683 3501 officio.
1712 3459 1871 3493 Definitur
1895 3466 1971 3490 vero
1999 3457 2161 3500 officium,
2187 3467 2388 3500 consequens
2407 3459 2442 3498 in
