2638 3840
352 287 400 318 04
1192 262 1655 306 ι’ΥΤιιΑσοιι-Εοιιυιιι

345 363 510 410 ἐξουσίαν·
541 363 700 414 ὠφέλιμα
717 361 772 411 δέ,
799 359 842 398 τὰ
858 356 1023 404 ποιητικὰ
1043 355 1171 394 τούτων
1188 354 1248 393 καὶ
1270 355 1381 407 φυλα-
1447 368 1509 391 πον
1530 352 1656 404 ἀγαθὸν
1685 351 1768 390 ὄντα
1794 350 1851 388 τὸν
1875 349 1938 399 μὲν
1964 348 2106 387 ἱππικὸν
2123 349 2269 402 ὠφελεῖν
2283 377 2294 396 ‚
2320 346 2489 399 βλάπτιιν

346 422 470 470 κτικά,
500 424 569 460 οῖον
596 421 726 473 ὑγίειαν
749 418 809 457 καὶ
829 416 974 461 εὐεξίαν.
1032 414 1116 455 Ἔτι
1145 415 1213 451 τῶν
1240 414 1383 465 αἱρετῶν

346 482 405 520 καὶ
426 482 564 532 ἀγαθῶν
586 479 630 517 τὰ
650 478 712 529 μὲν
732 476 806 516 καθ’
829 474 936 513 ἑαυτὰ
951 468 1038 511 εἶναι
1058 471 1179 525 αἱρετά
1194 501 1204 520 ,
1223 472 1267 510 τὰ
1287 471 1324 510 δὲ
1341 471 1384 510 δι’

347 540 463 592 ἕτερα.
521 537 578 578 Τὰ
606 537 668 589 μὲν
685 536 752 589 γὰρ
769 535 867 586 τίμια
885 533 945 571 καὶ
962 531 1126 570 ἐπαινετά
1140 562 1151 582 ,
1169 531 1230 569 καὶ
1247 530 1308 574 τὰς
1329 531 1386 569 δυ-

347 599 467 649 νάμεις
487 598 564 636 καθ’
596 594 698 634 αὑτά·
727 594 811 646 (καὶ
837 592 903 644 γὰρ
934 590 996 634 τὰς
1027 590 1189 638 δυνάμεις
1219 589 1387 642 ὑπάρχειν

347 661 415 697 τῶν
435 658 512 696 καθ’
536 654 623 694 αὑτὰ
646 655 802 703 ἀγαθῶν,
821 646 889 689 οἷον
910 650 1057 688 πλοῦτον
1083 648 1144 687 καὶ
1173 649 1283 702 ἀρχάς
1297 679 1308 698 ,
1338 642 1389 692 οἷς

349 716 390 755 ἂν
408 716 579 770 χρήσαιτο
606 713 665 751 καὶ
685 712 724 755 ἃς
753 709 938 757 ζητήσειεν“
958 710 976 746 ὁ
994 707 1121 759 ἀγαθὸς
1140 707 1242 759 ἀνήρ·
1259 706 1319 746 καὶ
1340 701 1389 751 οἶς

350 774 491 814 δύναται
521 767 557 811 εὖ
578 774 755 824 χρῆσθαι,
786 768 899 820 ἀγαθά
916 798 927 819 ,
951 768 1011 806 καὶ
1041 769 1118 805 καθ’
1137 766 1245 805 ἑαυτὰ
1275 765 1388 817 ἀγαθὰ

352 833 563 886 πεφυκέναι,
595 829 712 880 ὥσπερ
745 827 899 879 ὑγιεινά,
935 826 957 864 ἃ
991 825 1051 864 καὶ
1076 825 1253 872 ζητήσειεν
1293 823 1335 862 ἂν
1372 826 1390 861 ὁ

350 891 464 944 ἰατρός
478 920 489 938 ,
522 890 581 928 καὶ
615 888 752 927 δύναιτο
787 887 978 939 χρῆσθαι·)
1011 885 1056 924 τὰ
1090 883 1126 923 δὲ
1157 883 1318 934 ὠφέλιμα
1348 882 1392 920 δι’

350 951 462 1004 ἕτερα·
482 953 531 1002 τῷ
548 948 614 1001 γὰρ
634 948 743 986 ποιεῖν
766 946 866 999 ἕτερα
881 976 892 996 ,
916 944 977 983 καὶ
997 944 1139 995 σώζειν,
1155 946 1224 982 τῶν
1247 944 1391 994 αἱρετῶν

352 1012 530 1062 ὑπάρχειν.
587 1005 696 1054 Ἄλλη
723 1005 913 1059 διαίρεσις,
942 1007 1010 1043 τῶν
1030 1005 1108 1043 καθ’
1140 1002 1231 1041 αὑτὰ
1256 1004 1393 1053 ἀγαθῶν

355 1068 398 1107 τὰ
425 1068 486 1119 μὲν
511 1062 599 1105 εἶναι
619 1066 702 1112 τέλη
717 1097 728 1115 ,
749 1064 793 1103 τὰ
823 1066 853 1103 δ’
875 1067 912 1102 οὐ
936 1063 1019 1111 τέλη
1034 1092 1045 1111 ,
1068 1056 1138 1102 οἷον
1171 1060 1393 1106 δικαιοσύνην

358 1126 435 1178 μέν,
457 1127 516 1166 καὶ
537 1125 686 1177 ἀρετήν,
710 1123 771 1162 καὶ
791 1122 921 1174 ὑγίειαν
935 1153 946 1171 ,
967 1122 1051 1170 τέλη
1065 1152 1076 1170 ,
1099 1121 1158 1160 καὶ
1179 1122 1310 1168 ἁπλῶς,
1330 1119 1395 1158 ὅσα

352 1186 392 1223 ἐκ
419 1186 488 1223 τῶν
522 1183 600 1222 καθ’
631 1182 762 1221 ἕκαστα
794 1181 985 1233 γενομένων
1020 1179 1081 1219 καὶ
1114 1179 1395 1230 κεφαλαιούμενα

353 1242 523 1296 ὑπάρχει,
553 1240 673 1294 ὥσπερ
693 1240 755 1287 τὴν
776 1239 930 1292 ὑγίειαν,
955 1241 992 1278 οὐ
1015 1238 1083 1290 μὴν
1100 1238 1139 1277 τό
1158 1254 1194 1276 τε
1222 1241 1373 1289 ὖγιαῐνον
1387 1267 1397 1285 ,

352 1300 430 1340 οὐδὲ
450 1300 513 1348 τὴν
532 1299 721 1352 θεραπείαν
741 1304 800 1338 τοῦ
816 1299 1017 1349 κάμνοντος.
1078 1294 1235 1351 Εὐφυίαν
1258 1295 1319 1343 δέ,
1335 1295 1394 1334 καὶ

353 1360 587 1411 ἀναμνήσεις,
609 1358 669 1397 καὶ
693 1358 883 1409 μαθήσεις,
905 1358 944 1395 οὗ
960 1356 1058 1403 τέλη.

406 1419 516 1466 Ἄλλη
541 1417 727 1469 διαίρεσις,
749 1420 817 1456 τῶν
845 1415 973 1455 τελέων
994 1415 1038 1454 τὰ
1062 1414 1124 1466 μὲν
1153 1413 1260 1453 παντὶ
1284 1413 1398 1464 ἀγαθὰ

356 1473 465 1528 εἶναι,
486 1477 530 1515 τὰ
549 1477 578 1515 δ’
599 1480 637 1516 οὗ
654 1476 772 1515 παντί.
829 1473 905 1521 Τὴν
927 1475 989 1525 μὲν
1007 1473 1134 1526 ἀρετὴν
1154 1472 1214 1511 καὶ
1234 1472 1399 1526 φρόνησιν

354 1537 459 1575 παντὶ
496 1535 637 1586 ἀγαθά,
673 1535 742 1586 ὅτῳ
773 1532 840 1586 γὰρ
875 1532 917 1570 ἂν
955 1530 1198 1584 παραγένηται
1242 1532 1399 1584 ὠφελεῖν·

358 1596 507 1633 πλοῦτον
529 1593 564 1631 δὲ
583 1593 642 1631 καὶ
659 1592 770 1645 ἀρχὰς
789 1591 849 1629 καὶ
878 1591 1040 1642 δυνάμεις
1058 1591 1096 1628 οὗ
1126 1589 1245 1629 παντί.
1320 1591 1403 1631 Πῶς

357 1647 415 1691 οῧν
447 1652 588 1704 ἀγαθά·,
623 1652 712 1690 Καθ’
734 1649 812 1688 ὅσον
833 1649 1026 1702 ἀφώρισται
1054 1648 1093 1686 τὸ
1117 1641 1203 1686 εἶναι
1225 1647 1338 1698 ἀγαθὰ
1357 1649 1401 1700 τῇ

357 1715 416 1749 τοῦ
435 1712 561 1761 ἀγαθοῦ
583 1709 703 1760 ἀνδρὸς
720 1707 860 1760 χρήσει.
932 1707 1128 1746 Φαίνεσθαι
1154 1706 1189 1745 δὲ
1210 1710 1322 1761 ταῦτα
1342 1707 1403 1744 καὶ

360 1763 511 1811 ζητητέα
530 1757 686 1801 εἶναι248
707 1762 766 1800 καὶ
785 1760 977 1812 χρωμένοις
991 1761 1150 1812 ὠφελεῖν.
1207 1762 1271 1802 Οἱς
1291 1759 1326 1798 δὲ
1343 1759 1401 1797 τὸν

361 1821 489 1872 ἀγαθὸν
510 1814 546 1858 εῧ
565 1823 741 1872 χρῆσθαι,
767 1819 900 1862 τούτοις
927 1819 984 1856 τὸν
1002 1818 1109 1857 κακὸν
1137 1820 1264 1862 κακῶς·
1281 1816 1401 1869 ὥσπερ

361 1873 410 1923 οἷς
431 1879 472 1917 ἂν
494 1873 530 1917 εῧ
559 1878 615 1917 τὸν
638 1877 820 1928 μουσικόν,
853 1877 983 1921 τούτοις
1015 1876 1073 1915 τὸν
1094 1876 1247 1927 ἄμουσον
1273 1879 1400 1919 κακῶς.

361 1936 456 1988 Ἅμα
477 1937 512 1975 δὲ
539 1939 654 1981 κακῶς
679 1936 860 1989 χρώμενον
887 1937 1134 1988 βλάπτεσθαι,
1165 1934 1326 1987 καθάπερ
1345 1935 1402 1972 ἵπ-

365 2084 519 2122 annates,
535 2085 572 2116 ut
595 2082 736 2123 divitiae,
764 2083 948 2123 imperium,
967 2083 1127 2123 potestas;
1157 2081 1246 2113 utilia
1271 2081 1408 2122 denique

365 2152 438 2185 quae
457 2143 526 2175 liaeo
540 2143 705 2183 procreant
722 2143 754 2174 et
773 2142 982 2181 conservant,
1001 2142 1038 2173 ut
1054 2141 1170 2173 sanitas
1187 2143 1220 2172 et
1237 2141 1321 2173 bona
1336 2149 1407 2172 cor-

367 2203 450 2244 poris
462 2202 626 2235 habitudo.
643 2201 730 2234 Adde
747 2201 833 2240 quod
851 2210 890 2233 ex
908 2200 1001 2232 bonis
1014 2201 1046 2233 et
1066 2199 1254 2241 expetendis
1273 2200 1336 2231 alia
1354 2208 1409 2240 per

366 2270 402 2294 se
414 2263 488 2294 sunt
506 2260 701 2302 expetenda,
719 2260 781 2292 alia
799 2260 929 2300 propter
944 2259 1015 2291 alia.
1089 2260 1230 2290 Honesta
1249 2258 1332 2290 enim
1346 2283 1354 2297 ‚
1379 2259 1411 2290 et

367 2318 547 2355 laudanda,
575 2320 606 2350 et
634 2318 818 2357 facultates,
838 2326 892 2358 per
918 2326 976 2356 se;
994 2317 1087 2357 (nam
1116 2317 1284 2349 facultates
1300 2316 1341 2348 ad
1357 2326 1412 2349 -res

369 2387 425 2419 per
434 2387 467 2410 se
482 2378 582 2409 bonas
592 2377 759 2417 pertinere,
774 2377 863 2408 velut
876 2376 1005 2408 divitias
1017 2377 1049 2408 et
1059 2376 1276 2416 magistratus,
1295 2376 1413 2416 quibus

369 2437 464 2469 rebus
479 2437 573 2469 etiam
591 2436 639 2467 vir
661 2435 781 2476 probus
801 2437 909 2467 utatur
927 2437 960 2467 et
980 2444 1061 2476 quas
1077 2436 1223 2476 quaerat;
1245 2435 1321 2466 ilem
1339 2435 1411 2476 qui-

372 2496 432 2528 bus
447 2498 532 2527 recte
546 2496 593 2527 uli
611 2496 737 2535 potest,
756 2495 840 2526 bona
861 2495 894 2526 et
912 2503 967 2535 per
979 2503 1013 2526 se
1030 2493 1161 2535 quidem
1181 2493 1264 2525 bona
1280 2502 1360 2532 esse,
1378 2495 1414 2525 ut

372 2554 533 2593 salutaria,
553 2562 626 2594 quae
643 2555 676 2586 et
692 2556 816 2593 quaerat
832 2553 976 2585 medicus
997 2554 1030 2584 et
1052 2552 1092 2584 ad
1109 2551 1313 2592 depellendos
1330 2560 1413 2583 mor-

374 2612 431 2644 bos
442 2612 593 2644 adhibere
612 2612 716 2644 valeat
728 2612 757 2652 ;)
774 2611 864 2643 utilia
877 2620 952 2643 vero
971 2613 1099 2652 propter
1119 2611 1181 2643 alia
1193 2634 1202 2650 ,
1229 2619 1302 2651 quae
1326 2608 1413 2647 quod

375 2672 512 2705 efficiant
528 2673 587 2703 alia
607 2674 639 2704 et
654 2673 843 2704 conservent
858 2681 899 2704 ex
917 2672 1071 2712 eligendis
1082 2672 1156 2704 sint.
1173 2671 1241 2704 Alia
1254 2670 1367 2702 divisio
1381 2677 1417 2700 eo

377 2732 475 2773 redit,
498 2733 535 2764 ut
554 2732 708 2764 bonorum
725 2741 781 2772 per
798 2741 831 2764 se
845 2733 992 2772 quaedam
1011 2733 1074 2765 sint
1095 2734 1174 2765 lines
1187 2757 1196 2772 ,
1212 2731 1273 2763 alia
1298 2739 1363 2762 non
1381 2730 1417 2760 fi-

377 2800 434 2823 nes
445 2815 455 2830 ,
471 2791 561 2823 verbi
579 2799 675 2823 causa
689 2790 830 2831 justitia,
846 2792 950 2823 virtus
961 2816 970 2831 ‚
989 2792 1110 2823 sanitas
1131 2792 1210 2823 fines
1227 2790 1419 2828 habeantur,

379 2852 474 2890 atque
494 2850 642 2889 omnino,
656 2859 867 2890 quaecumque
881 2859 898 2882 e
920 2850 1049 2889 singulis
1062 2850 1238 2890 composita
1254 2848 1419 2890 reperiun-

383 2910 447 2948 tur,
472 2909 508 2940 ut
524 2909 665 2947 sanitas,
682 2917 747 2940 non
771 2911 878 2940 tamen
898 2908 1055 2948 quidquid
1081 2908 1210 2940 salubre
1234 2909 1293 2947 est,
1318 2915 1422 2947 neque

381 2975 456 2997 cura
473 2966 667 3005 aegrotantis.
713 2967 754 2998 At
771 2966 853 2997 bona
867 2965 989 2997 indoles
1003 2990 1012 3004 ,
1035 2966 1119 2997 bona
1136 2965 1305 3005 memoria,
1323 2963 1421 2995 disci·

383 3024 477 3063 plinae
492 3033 553 3055 non
569 3024 655 3055 fines.

425 3080 493 3112 Alia
505 3080 618 3112 divisio
634 3080 678 3111 ita
701 3081 884 3120 comparata
906 3082 976 3119 est,
997 3083 1033 3112 ut
1050 3080 1161 3112 finium
1177 3079 1307 3120 quidam
1324 3079 1424 3111 omni-

387 3139 446 3171 bus
467 3139 543 3171 boni
577 3139 662 3177 sint,
683 3138 734 3170 alii
753 3147 816 3170 non
841 3140 1002 3171 omnibus.
1069 3139 1230 3170 Virtutem
1259 3139 1367 3170 autem
1392 3142 1424 3170 et

387 3196 590 3236 prudentiam
610 3205 660 3229 res
679 3197 829 3228 omnibus
847 3197 948 3229 bonas
963 3206 1032 3229 esse
1048 3197 1153 3236 aiunt,
1169 3182 1325 3236 prodesse*
1339 3197 1423 3228 enim

387 3253 566 3295 cuicunque
587 3254 717 3294 adsint;
740 3254 867 3286 divitias
885 3256 1007 3295 contra,
1028 3255 1229 3294 magistratus
1244 3254 1276 3285 et
1293 3253 1423 3285 faculta-

387 3312 436 3345 tes
447 3322 510 3344 non
528 3313 687 3345 omnibus.
733 3313 903 3352 Quomodo
928 3314 1024 3353 igitur
1043 3313 1127 3345 bona
1144 3313 1243 3344 sunt?
1260 3314 1427 3349 Quatenus

389 3379 498 3402 eorum
508 3371 632 3404 bonitas
643 3372 800 3404 bonorum
813 3372 957 3404 virorum
968 3381 1030 3404 usu
1041 3371 1226 3404 confirmata
1240 3373 1300 3402 est.
1315 3370 1423 3403 Videri

389 3431 495 3462 tamen
510 3430 578 3463 haec
602 3440 729 3472 quoque
746 3431 917 3472 quaerenda
934 3433 1030 3472 atque
1056 3432 1218 3464 utentibus
1233 3431 1325 3466 utilia
1342 3441 1422 3465 esse.

392 3488 515 3525 Quibus
533 3491 640 3522 autem
657 3491 704 3522 vir
716 3490 819 3522 bonus
837 3490 916 3523 bene
935 3491 1049 3531 utitur,
1070 3490 1181 3524 iisdem
1209 3492 1304 3525 liomo
1322 3492 1424 3524 malus

1447 410 1483 449 δὲ
1503 411 1560 449 τὸν
1582 411 1738 463 ἄφιππον
1754 411 1792 448 οὔ
1808 407 1969 460 μετρίως.

1499 468 1581 509 Ἔτι
1594 472 1662 508 τῶν
1677 470 1814 520 ἀγαθῶν
1828 467 1871 505 τὰ
1889 465 1952 516 μὲν
1971 459 2058 503 εἶναι
2074 465 2154 518 περὶ
2167 464 2283 519 ψυχήν
2297 463 2366 511 ²⁴⁹,
2389 462 2435 503 τὰ
2454 462 2492 502 δὲ

1448 527 1528 581 περὶ
1545 531 1648 579 σῶμα
1660 557 1670 575 ,
1700 526 1745 565 τὰ
1768 527 1802 565 δ’
1818 525 1928 568 ἐκτός.
1988 525 2077 576 Περὶ
2096 522 2211 576 ψυχὴν
2237 523 2301 574 μέν
2314 552 2325 572 ,
2344 516 2415 562 οἶον
2431 522 2491 560 εὖ·

1449 586 1552 638 φυΐαν
1582 603 1620 626 τε
1639 587 1700 625 καὶ
1728 585 1853 637 τέχνην
1868 613 1877 631 ,
1913 582 1973 621 καὶ
1994 581 2143 634 ἀρετήν,
2170 581 2231 620 καὶ
2263 580 2409 635 σοφίαν,
2431 579 2492 619 καὶ

1449 646 1636 700 φρόνησιν,
1656 644 1716 683 καὶ
1747 642 1886 691 ἡδονήν·
1918 640 1999 693 περὶ
2030 643 2134 691 σῶμα
2169 639 2225 688 δέ,
2256 639 2414 692 ὑγίειαν,
2434 637 2495 679 καὶ

1451 703 1673 751 εὖαισθησίαν
1686 734 1697 755 ,
1714 703 1775 742 καὶ
1794 702 1920 744 κάλλος
1933 730 1943 749 ,
1965 700 2025 738 καὶ
2044 698 2166 752 ἰσχύν,
2196 698 2255 738 καὶ
2279 698 2467 750 ἀρτιότητα
2481 729 2492 746 ,

1451 762 1511 801 καὶ
1533 762 1647 801 πάντα
1663 761 1708 800 τὰ
1729 761 1833 813 μόρια
1854 759 1915 798 σὺν
1931 759 2005 802 ταῖς
2030 757 2198 808 δυνάμεσι
2219 755 2280 796 καὶ
2295 753 2496 809 ἕνεργείαις·

1452 820 1548 864 ἐκτὸς
1567 821 1628 871 δέ,
1659 821 1831 867 πλοῦτον,
1865 818 1925 858 καὶ
1955 817 2080 864 δόξαν,
2112 815 2172 854 καὶ
2205 813 2406 866 εὐγένειαν,
2436 812 2498 852 καὶ

1453 879 1675 926 δυναστείαν,
1692 878 1752 917 καὶ
1775 878 1909 930 φίλους,
1938 877 1998 917 καὶ
2026 875 2222 927 συγγενεῖς,
2241 873 2302 912 καὶ
2325 871 2497 925 πατρίδα.

1452 941 1534 978 Τῶν
1555 938 1590 975 δὲ
1606 938 1685 990 περὶ
1705 939 1821 989 ψυχὴν
1839 938 1978 987 ἀγαθῶν
1998 934 2042 973 τὰ
2060 934 2122 986 μὲν
2137 933 2193 972 ἀεὶ
2207 931 2308 985 φύσει
2323 935 2498 984 παρεῖναι,

1454 997 1612 1050 καθάπερ
1634 996 1675 1043 δὴ
1693 996 1744 1020 ²⁵⁰
1764 996 1931 1044 ὀξύτητα,
1952 996 2012 1034 καὶ
2027 994 2167 1046 μνήμην
2181 1022 2193 1041 ,
2220 992 2260 1031 τό
2278 1007 2315 1031 τι
2335 990 2415 1031 ὅλον
2439 990 2502 1029 εὖ·

1455 1056 1570 1110 φυίαν·
1592 1057 1637 1094 τὰ
1658 1057 1688 1094 δ’
1711 1056 1745 1100 ἐξ
1767 1055 1814 1079 ²5⁴
1839 1053 2038 1106 ἐπιμελείας
2062 1052 2344 1106 περιγίγνεσθαι,
2377 1051 2423 1093 ὡς
2443 1047 2504 1092 τάς

1454 1131 1493 1154 τε
1515 1114 1784 1168 προπαιδεύσεις
1808 1115 1868 1154 καὶ
1889 1114 2022 1158 διαίτας
2041 1112 2261 1165 ἐλευθερίους·
2277 1109 2323 1150 τὰ
2339 1110 2369 1148 δ’
2389 1110 2429 1148 ἐκ
2443 1123 2502 1147 τι·

1455 1173 1630 1221 λειότητος
1660 1173 1850 1226 ὑπάρχειν,
1870 1167 1940 1211 οἷον
1961 1172 2124 1226 φρόνησιν
2138 1201 2149 1222 ,
2169 1168 2415 1217 δικαιοσύνην,
2445 1181 2503 1206 τε·

1458 1235 1617 1271 λευταῖον
1638 1232 1675 1271 δὲ
1695 1233 1833 1285 σοφίαν.
2288 1276 2291 1279 Α

1513 1291 1597 1330 Ἔτι
1626 1291 1662 1329 δὲ
1693 1293 1762 1329 τῶν
1794 1293 1932 1344 ἀγαθῶν
1961 1290 2005 1329 τὰ
2027 1289 2090 1341 μὲν
2108 1291 2203 1339 ἡμᾶς
2227 1287 2288 1327 καὶ
2308 1284 2506 1333 κτήσασθαι

1458 1351 1517 1389 καὶ
1539 1349 1750 1396 ἀποὸαλεῖν,
1778 1352 1824 1393 ὡς
1856 1351 2018 1388 πλοῦτον·
2052 1347 2097 1387 τὰ
2133 1346 2169 1386 δὲ
2195 1345 2394 1393 κτήσασθαι
2431 1342 2511 1394 μέν,

1461 1409 1653 1448 ἀποὸαλεῖν
1675 1409 1704 1446 δ’
1727 1410 1779 1456 οὔ,
1799 1410 1845 1452 ὡς
1862 1407 2040 1460 εὐτυχίαν,
2064 1406 2271 1445 ἀθανασίαν·
2289 1403 2334 1443 τὰ
2353 1403 2390 1442 δὲ
2414 1403 2512 1440 ἀπο-

1462 1468 1584 1508 δαλεῐν
1623 1467 1706 1518 μέν,
1733 1467 1930 1515 κτήσασθαι
1967 1466 1995 1504 δ’
2015 1467 2074 1511 οὗ,
2106 1468 2153 1510 ὡς
2181 1464 2359 1512 αἴσθησιν,
2388 1463 2436 1506 ὥς
2471 1460 2512 1500 τὸ

1462 1529 1535 1573 ζῆν·
1563 1525 1608 1565 τὰ
1639 1527 1669 1564 δ’
1693 1525 1772 1565 οὔτε
1800 1526 1996 1574 κτήσασθαι
2015 1523 2087 1564 οὔτ’
2103 1523 2318 1575 ἀποὸαλεῖν,
2342 1523 2391 1565 ὡς
2410 1519 2511 1572 εὗγέ·

1461 1601 1575 1624 νειαν.

1522 1643 1604 1682 Ἔτι
1623 1646 1692 1682 τῶν
1713 1645 1850 1694 ἀγαθῶν
1871 1643 1915 1681 τὰ
1940 1643 2003 1694 μὲν
2033 1636 2122 1681 εἶναι
2153 1639 2376 1693 διαυθαίρετα
2396 1637 2514 1690 μόνον,

1469 1704 1516 1746 ὡς
1530 1700 1655 1749 ἡδονὴν
1673 1702 1733 1740 καὶ
1757 1701 1966 1754 ἀοχλησίαν·
1988 1700 2033 1739 τὰ
2063 1702 2099 1739 δὲ
2119 1698 2285 1747 ποιητικὰ
2318 1697 2445 1749 μόνον,
2466 1698 2514 1740 ὣς

1468 1762 1630 1799 πλοῦτον·
1652 1760 1696 1799 τὰ
1715 1759 1750 1799 δὲ
1772 1759 1939 1807 ποιητικὰ
1957 1760 2017 1798 καὶ
2038 1758 2260 1811 διαυθαίρετα
2274 1786 2286 1806 ,
2305 1758 2352 1801 ὡς
2369 1754 2514 1808 ἀρετήν,

1469 1818 1604 1872 φίλους,
1622 1819 1766 1869 ὑγίειαν.
1815 1818 1891 1858 Καὶ
1912 1819 2026 1862 ἄλλως
2046 1817 2082 1857 δὲ
2101 1818 2288 1868 πολλαχῶς
2304 1816 2514 1867 διαιρεῖσθαι

1471 1878 1624 1931 τάγαθά,
1647 1879 1702 1917 διὰ
1723 1878 1762 1916 τὸ
1783 1878 1832 1928 μὴ
1861 1878 1896 1916 ἓν
1924 1871 2011 1916 εἶναι
2040 1877 2135 1928 γένος
2154 1877 2268 1915 αὐτῶν
2282 1905 2293 1923 ,
2309 1873 2402 1913 ἀλλὰ
2424 1872 2516 1912 κατᾶ

1469 1935 1529 1980 τὰς
1550 1935 1634 1974 δέκα
1650 1938 1812 1988 λέγεσθαι
1832 1936 2055 1988 κατηγορίας·
2071 1936 2106 1973 ἐν
2127 1933 2311 1987 ὁμωνυμίᾳ
2325 1932 2393 1985 γὰρ
2417 1930 2514 1985 ἐκφέ-

1472 2082 1573 2123 male3
1591 2083 1753 2123 atquibus
1770 2083 1851 2115 bene
1864 2082 2008 2115 musicus
2019 2105 2030 2123 ‚
2045 2082 2155 2115 iisdem
2171 2081 2254 2114 male
2267 2079 2403 2113 musicae
2419 2079 2513 2121 impe

1470 2141 1560 2173 ritus.
1585 2142 1626 2174 At
1640 2142 1784 2183 quisquis
1800 2142 1882 2174 male
1896 2142 2006 2181 utitur,
2029 2150 2067 2174 eo
2086 2141 2180 2173 simul
2196 2140 2335 2178 laeditur,
2355 2141 2392 2172 ut
2411 2147 2518 2180 equus

1473 2201 1575 2233 bonus
1583 2201 1746 2242 equitandi
1761 2200 2009 2242 peritumjuvat‚
2018 2199 2201 2241 imperitum
2215 2208 2278 2231 nou
2288 2198 2403 2231 leviter
2415 2197 2517 2231 laedit.

1515 2264 1671 2294 Praeterea
1689 2261 1750 2293 alia
1770 2261 1852 2293 bona
1870 2269 1940 2293 esse
1957 2259 2077 2298 animi,
2092 2259 2153 2291 alia
2168 2257 2334 2299 corporis,
2351 2257 2413 2290 alia
2426 2256 2519 2290 deni-

1473 2328 1535 2358 que
1545 2321 1687 2351 externa.
1700 2318 1804 2350 Animi
1815 2327 1885 2350 esse
1895 2316 1984 2350 verbi
1995 2317 2093 2358 gratia
2106 2317 2221 2349 bonam
2235 2309 2387 2357 indolem,
2400 2316 2518 2356 artem,

1474 2377 1647 2418 virtutem,
1667 2377 1854 2418 sapientiam
1869 2401 1879 2416 ‚
1897 2375 2099 2417 prudentiam
2114 2398 2124 2413 ,
2142 2374 2338 2416 voluptatem
2348 2385 2358 2415 3
2375 2373 2520 2414 eorporis

1474 2439 1583 2471 autem
1599 2439 1782 2478 sanitatem,
1794 2447 1946 2471 sensuum
1957 2438 2108 2479 vigorem,
2116 2436 2399 2478 pulchritudinem,
2408 2434 2523 2476 robur,

1475 2497 1688 2537 integritatem
1712 2498 1807 2537 atque
1823 2505 1934 2528 omnes
1958 2498 2062 2537 partes
2073 2505 2148 2528 cum
2167 2495 2375 2528 facultatibus
2391 2499 2424 2528 et
2442 2494 2522 2531 fuu-

1457 2577 1459 2579 v
1478 2555 1657 2596 ctionibus;
1671 2559 1803 2587 externa
1818 2555 1958 2595 denique
1974 2555 2114 2594 divitias,
2131 2554 2263 2595 gloriam
2274 2578 2284 2594 ,
2302 2554 2523 2592 nobilitatem,

1477 2614 1658 2654 imperium,
1677 2613 1809 2652 amicos,
1824 2614 1987 2653 cognatos,
2001 2613 2147 2653 patriam.
2190 2614 2288 2644 Porro
2303 2611 2402 2644 animi
2421 2611 2521 2644 bono·

1479 2682 1548 2704 rum
1569 2672 1718 2713 quaedam
1735 2681 1859 2712 semper
1874 2671 1985 2703 adesse
2009 2674 2145 2710 natura,
2175 2671 2263 2703 velut
2278 2679 2433 2710 acumen,
2453 2679 2522 2703 me-

1478 2731 1611 2762 moriam
1630 2731 1727 2771 atque
1743 2730 1873 2761 omnino
1891 2729 2009 2761 bonam
2026 2728 2184 2769 indolem;
2204 2728 2266 2760 alia
2286 2729 2399 2761 contra
2414 2727 2524 2767 studio

1479 2789 1658 2831 comparari
1671 2812 1680 2827 ,
1694 2792 1730 2821 ut
1748 2790 1833 2820 artes
1848 2787 1995 2819 liberales
2016 2789 2155 2828 vitaeque
2171 2787 2326 2819 rationem
2338 2787 2373 2819 et
2392 2786 2524 2818 institu-

1480 2848 1619 2888 tionem;
1637 2847 1699 2879 alia
1717 2855 1791 2879 vero
1810 2847 1842 2878 in
1858 2847 2048 2886 perfectione
2070 2848 2197 2877 tantum
2212 2845 2320 2886 cerni,
2333 2846 2369 2878 ut
2384 2845 2523 2887 pruden-

1480 2907 1571 2946 tiam,
1590 2906 1745 2946 justitiam
1755 2913 1799 2937 ac
1817 2906 1976 2945 postremo
1991 2904 2191 2945 sapientiam.

1524 2968 1622 2997 Porro
1654 2964 1811 2996 bonorum
1831 2962 1892 2994 alia
1915 2971 1975 2995 nos
2004 2964 2036 2994 et
2057 2962 2221 3003 acquirere
2246 2963 2280 2994 et
2304 2961 2466 3003 amittere,
2488 2962 2526 2994 ut

1483 3023 1629 3063 divitias,
1646 3023 1709 3055 alia
1730 3020 1894 3063 acquirere
1919 3021 2048 3062 quidem
2061 3045 2070 3060 ,
2093 3030 2158 3053 non
2179 3022 2287 3053 autem
2302 3020 2472 3061 amittere,
2489 3022 2527 3053 ut

1483 3083 1666 3114 felicitatem
1684 3083 1718 3114 et
1741 3080 2031 3121 immortalitatem3
2048 3080 2109 3111 alia
2134 3081 2282 3113 amittere
2298 3081 2441 3122 quidem,
2469 3079 2526 3112 sed

1485 3150 1549 3174 non
1576 3141 1754 3182 acquirere,
1773 3141 1810 3171 ut
1832 3147 1962 3172 sensum
1984 3141 2016 3171 et
2041 3139 2160 3178 vitam;
2180 3139 2240 3170 alia
2265 3139 2404 3180 denique
2422 3147 2527 3179 neque

1485 3200 1648 3241 acquirere
1661 3207 1765 3240 neque
1778 3198 1926 3230 amittere
1937 3221 1947 3238 ,
1965 3199 2003 3229 ut
2018 3197 2226 3230 nobilitatem.

1528 3262 1659 3301 insuper
1675 3259 1834 3291 bonorum
1851 3251 1994 3290 alia'esse
2011 3260 2136 3289 tantum
2154 3266 2207 3298 per
2227 3266 2262 3289 se
2277 3256 2473 3298 expetenda,
2492 3257 2528 3288 ut

1486 3319 1682 3359 voluptatem
1700 3322 1731 3351 et
1748 3318 1965 3350 molestiarum
1979 3317 2184 3357 vacuitatem3
2199 3317 2259 3348 alia
2275 3316 2371 3348 modo
2385 3315 2526 3348 efficien-

1486 3379 1542 3416 tia,
1571 3381 1608 3409 ut
1624 3377 1772 3416 divitias;
1790 3376 1852 3409 alia
1876 3376 1970 3408 simul
1994 3375 2163 3408 efficientia
2181 3375 2274 3407 simul
2297 3383 2353 3416 per
2379 3384 2414 3407 se
2434 3383 2525 3416 expe·

1488 3434 1581 3466 tenda
1593 3458 1603 3474 ,
1621 3437 1656 3467 ut
1672 3435 1823 3467 virtutem
1837 3458 1847 3474 ‚
1869 3434 1987 3466 amicos
2000 3458 2011 3474 ‚
2029 3433 2209 3466 sanitatem.
2254 3434 2295 3465 Et
2313 3433 2382 3465 aliis
2398 3438 2528 3474 quoque

1489 3494 1594 3527 multis
1618 3494 1722 3527 modis
1744 3493 1843 3526 dividi
1865 3494 1947 3526 bona
1961 3518 1970 3534 ,
1987 3492 2074 3534 quod
2098 3501 2163 3526 non
2180 3502 2280 3525 unum
2298 3502 2408 3526 eorum
2429 3499 2527 3533 genus
