<?xml version="1.0" encoding="UTF-8"?>
<!DOCTYPE html PUBLIC "-//W3C//DTD XHTML 1.0 Transitional//EN"
    "http://www.w3.org/TR/xhtml1/DTD/xhtml1-transitional.dtd">
<html xmlns="http://www.w3.org/1999/xhtml" xml:lang="en" lang="en">
 <head>
  <title>
</title>
<meta http-equiv="Content-Type" content="text/html;charset=utf-8" />
  <meta name='ocr-system' content='tesseract 3.04.00' />
  <meta name='ocr-capabilities' content='ocr_page ocr_carea ocr_par ocr_line ocrx_word'/>
</head>
<body>
  <div class='ocr_page' id='page_1' title='image "./fragmentaphiloso02mulluoft_0220.png"; bbox 0 0 2638 3840; ppageno 0'>
   <div class='ocr_carea' id='block_1_1' title="bbox 0 2286 65 3840">
    <p class='ocr_par' dir='ltr' id='par_1_1' title="bbox 0 2286 65 3840">
     <span class='ocr_line' id='line_1_1' title="bbox 0 2286 65 3840; baseline 0 0"><span class='ocrx_word' id='word_1_1' title='bbox 0 2286 65 3840; x_wconf 95' lang='lat' dir='ltr'> </span> 
     </span>
    </p>
   </div>
   <div class='ocr_carea' id='block_1_2' title="bbox 331 292 406 326">
    <p class='ocr_par' dir='ltr' id='par_1_2' title="bbox 331 292 406 326">
     <span class='ocr_line' id='line_1_2' title="bbox 331 292 406 326; baseline -0.027 0"><span class='ocrx_word' id='word_1_2' title='bbox 331 292 406 326; x_wconf 70' lang='lat'>112</span> 
     </span>
    </p>
   </div>
   <div class='ocr_carea' id='block_1_3' title="bbox 329 358 1367 427">
    <p class='ocr_par' dir='ltr' id='par_1_3' title="bbox 329 358 1367 427">
     <span class='ocr_line' id='line_1_3' title="bbox 329 358 1367 427; baseline -0.013 -13"><span class='ocrx_word' id='word_1_3' title='bbox 329 375 498 427; x_wconf 71' lang='grc' dir='ltr'>δείγματα</span> <span class='ocrx_word' id='word_1_4' title='bbox 513 371 661 427; x_wconf 79' lang='grc' dir='ltr'>φάμενος</span> <span class='ocrx_word' id='word_1_5' title='bbox 679 364 765 408; x_wconf 73' lang='grc' dir='ltr'>εἶναι</span> <span class='ocrx_word' id='word_1_6' title='bbox 784 366 844 410; x_wconf 81' lang='grc' dir='ltr'>τὰς</span> <span class='ocrx_word' id='word_1_7' title='bbox 864 365 975 412; x_wconf 81' lang='grc' dir='ltr'>ἰδέας,</span> <span class='ocrx_word' id='word_1_8' title='bbox 996 365 1055 417; x_wconf 79' lang='grc' dir='ltr'>ἀφ’</span> <span class='ocrx_word' id='word_1_9' title='bbox 1074 358 1122 402; x_wconf 71' lang='grc' dir='ltr'>ὧν</span> <span class='ocrx_word' id='word_1_10' title='bbox 1138 362 1200 407; x_wconf 79' lang='grc' dir='ltr'>τὰς</span> <span class='ocrx_word' id='word_1_11' title='bbox 1220 362 1367 408; x_wconf 80' lang='grc' dir='ltr'>ἐπιστή-</span> 
     </span>
    </p>
   </div>
   <div class='ocr_carea' id='block_1_4' title="bbox 1180 274 1649 315">
    <p class='ocr_par' dir='ltr' id='par_1_4' title="bbox 1180 274 1649 315">
     <span class='ocr_line' id='line_1_4' title="bbox 1180 274 1649 315; baseline 0.002 -2"><span class='ocrx_word' id='word_1_12' title='bbox 1180 274 1649 315; x_wconf 82' lang='lat' dir='ltr'><strong>PYTHAGOREORUM</strong></span> 
     </span>
    </p>
   </div>
   <div class='ocr_carea' id='block_1_5' title="bbox 1481 357 2471 416">
    <p class='ocr_par' dir='ltr' id='par_1_5' title="bbox 1481 357 2471 416">
     <span class='ocr_line' id='line_1_5' title="bbox 1481 357 2471 416; baseline -0.004 -14"><span class='ocrx_word' id='word_1_13' title='bbox 1481 363 1533 416; x_wconf 84' lang='lat' dir='ltr'>(T</span> <span class='ocrx_word' id='word_1_14' title='bbox 1536 363 1769 402; x_wconf 82' lang='lat' dir='ltr'><strong>heodoretus</strong></span> <span class='ocrx_word' id='word_1_15' title='bbox 1787 362 1930 408; x_wconf 76' lang='lat' dir='ltr'><strong>Quaest.</strong></span> <span class='ocrx_word' id='word_1_16' title='bbox 1948 362 1991 400; x_wconf 90' lang='lat' dir='ltr'>in</span> <span class='ocrx_word' id='word_1_17' title='bbox 2018 361 2187 400; x_wconf 80' lang='lat' dir='ltr'><strong>Genesm</strong></span> <span class='ocrx_word' id='word_1_18' title='bbox 2202 374 2240 412; x_wconf 88' lang='lat' dir='ltr'>p.</span> <span class='ocrx_word' id='word_1_19' title='bbox 2273 373 2319 410; x_wconf 88' lang='lat'>¹9</span> <span class='ocrx_word' id='word_1_20' title='bbox 2334 367 2430 400; x_wconf 87' lang='lat' dir='ltr'><strong>tom.</strong></span> <span class='ocrx_word' id='word_1_21' title='bbox 2451 357 2471 398; x_wconf 77' lang='grc'>1</span> 
     </span>
    </p>
   </div>
   <div class='ocr_carea' id='block_1_6' title="bbox 329 417 2398 486">
    <p class='ocr_par' dir='ltr' id='par_1_6' title="bbox 329 417 2398 486">
     <span class='ocr_line' id='line_1_6' title="bbox 329 417 2398 486; baseline -0.008 -14"><span class='ocrx_word' id='word_1_22' title='bbox 329 449 398 486; x_wconf 88' lang='grc' dir='ltr'>μας</span> <span class='ocrx_word' id='word_1_23' title='bbox 415 432 592 485; x_wconf 86' lang='grc' dir='ltr'>γίγνεσθαι</span> <span class='ocrx_word' id='word_1_24' title='bbox 607 431 666 468; x_wconf 79' lang='grc' dir='ltr'>καὶ</span> <span class='ocrx_word' id='word_1_25' title='bbox 687 428 762 471; x_wconf 77' lang='grc' dir='ltr'>τοὺς</span> <span class='ocrx_word' id='word_1_26' title='bbox 772 427 881 478; x_wconf 83' lang='grc' dir='ltr'>ὅρους·</span> <span class='ocrx_word' id='word_1_27' title='bbox 897 422 992 475; x_wconf 87' lang='grc' dir='ltr'>παρὰ</span> <span class='ocrx_word' id='word_1_28' title='bbox 1004 423 1135 466; x_wconf 81' lang='grc' dir='ltr'>πάντας</span> <span class='ocrx_word' id='word_1_29' title='bbox 1148 421 1217 475; x_wconf 79' lang='grc' dir='ltr'>γὰρ</span> <span class='ocrx_word' id='word_1_30' title='bbox 1231 422 1368 475; x_wconf 83' lang='grc' dir='ltr'>ἀνθρώ-</span> <span class='ocrx_word' id='word_1_31' title='bbox 1428 422 1488 462; x_wconf 88' lang='lat' dir='ltr'>ed.</span> <span class='ocrx_word' id='word_1_32' title='bbox 1504 422 1702 462; x_wconf 79' lang='lat' dir='ltr'><strong>Sirmond.</strong></span> <span class='ocrx_word' id='word_1_33' title='bbox 1721 418 1913 474; x_wconf 82' lang='grc' dir='ltr'><strong>Διοδώρου.</strong></span> <span class='ocrx_word' id='word_1_34' title='bbox 1936 418 2039 464; x_wconf 84' lang='grc' dir='ltr'>Τινὲς</span> <span class='ocrx_word' id='word_1_35' title='bbox 2051 420 2130 459; x_wconf 87' lang='grc' dir='ltr'>κατ’</span> <span class='ocrx_word' id='word_1_36' title='bbox 2151 417 2267 458; x_wconf 81' lang='grc' dir='ltr'>εἰκόνα</span> <span class='ocrx_word' id='word_1_37' title='bbox 2287 418 2366 460; x_wconf 87' lang='grc' dir='ltr'>κτλ.</span> <span class='ocrx_word' id='word_1_38' title='bbox 2384 417 2398 471; x_wconf 87' lang='grc'><strong>)</strong></span> 
     </span>
    </p>
   </div>
   <div class='ocr_carea' id='block_1_7' title="bbox 299 479 1379 1601">
    <p class='ocr_par' dir='ltr' id='par_1_7' title="bbox 299 479 1379 1601">
     <span class='ocr_line' id='line_1_7' title="bbox 329 479 1368 545; baseline -0.013 -12"><span class='ocrx_word' id='word_1_39' title='bbox 329 508 413 536; x_wconf 75' lang='grc' dir='ltr'>πούς</span> <span class='ocrx_word' id='word_1_40' title='bbox 432 489 612 545; x_wconf 82' lang='grc' dir='ltr'>ἄνθρωπόν</span> <span class='ocrx_word' id='word_1_41' title='bbox 630 495 705 526; x_wconf 85' lang='grc' dir='ltr'>’τινα</span> <span class='ocrx_word' id='word_1_42' title='bbox 717 488 880 530; x_wconf 85' lang='grc' dir='ltr'>νοεῖσθαι,</span> <span class='ocrx_word' id='word_1_43' title='bbox 902 482 961 520; x_wconf 85' lang='grc' dir='ltr'>καὶ</span> <span class='ocrx_word' id='word_1_44' title='bbox 981 480 1078 534; x_wconf 82' lang='grc' dir='ltr'>παρὰ</span> <span class='ocrx_word' id='word_1_45' title='bbox 1089 481 1222 525; x_wconf 82' lang='grc' dir='ltr'>πάντας</span> <span class='ocrx_word' id='word_1_46' title='bbox 1239 479 1368 524; x_wconf 75' lang='grc' dir='ltr'>ἵππους</span> 
     </span>
     <span class='ocr_line' id='line_1_8' title="bbox 330 539 1365 599; baseline -0.011 -10"><span class='ocrx_word' id='word_1_47' title='bbox 330 549 448 599; x_wconf 79' lang='grc' dir='ltr'>ἵππον,</span> <span class='ocrx_word' id='word_1_48' title='bbox 469 549 528 589; x_wconf 78' lang='grc' dir='ltr'>καὶ</span> <span class='ocrx_word' id='word_1_49' title='bbox 550 549 669 590; x_wconf 78' lang='grc' dir='ltr'>κοινῶς</span> <span class='ocrx_word' id='word_1_50' title='bbox 692 542 787 595; x_wconf 85' lang='grc' dir='ltr'>παρὰ</span> <span class='ocrx_word' id='word_1_51' title='bbox 802 543 844 581; x_wconf 82' lang='grc' dir='ltr'>τὰ</span> <span class='ocrx_word' id='word_1_52' title='bbox 865 543 937 593; x_wconf 78' lang='grc' dir='ltr'>ζῷα</span> <span class='ocrx_word' id='word_1_53' title='bbox 951 542 1036 592; x_wconf 81' lang='grc' dir='ltr'>ζῷον</span> <span class='ocrx_word' id='word_1_54' title='bbox 1048 539 1233 591; x_wconf 83' lang='grc' dir='ltr'>ἀγέννητον</span> <span class='ocrx_word' id='word_1_55' title='bbox 1252 539 1313 580; x_wconf 73' lang='grc' dir='ltr'>καὶ</span> <span class='ocrx_word' id='word_1_56' title='bbox 1327 539 1365 578; x_wconf 85' lang='grc' dir='ltr'>ἄ·</span> 
     </span>
     <span class='ocr_line' id='line_1_9' title="bbox 332 599 1369 665; baseline -0.01 -17"><span class='ocrx_word' id='word_1_57' title='bbox 332 615 493 665; x_wconf 73' lang='grc' dir='ltr'>φθαρτον.</span> <span class='ocrx_word' id='word_1_58' title='bbox 509 607 578 647; x_wconf 72' lang='lat' dir='ltr'>‘Ov</span> <span class='ocrx_word' id='word_1_59' title='bbox 595 604 719 658; x_wconf 79' lang='grc' dir='ltr'>τρόπον</span> <span class='ocrx_word' id='word_1_60' title='bbox 735 602 769 641; x_wconf 85' lang='grc' dir='ltr'>δὲ</span> <span class='ocrx_word' id='word_1_61' title='bbox 784 600 969 654; x_wconf 75' lang='grc' dir='ltr'>σφραγῖδος</span> <span class='ocrx_word' id='word_1_62' title='bbox 978 605 1059 650; x_wconf 86' lang='grc' dir='ltr'>μιᾶς</span> <span class='ocrx_word' id='word_1_63' title='bbox 1073 600 1243 651; x_wconf 81' lang='grc' dir='ltr'>ἐκμαγεῖα</span> <span class='ocrx_word' id='word_1_64' title='bbox 1259 599 1369 651; x_wconf 83' lang='grc' dir='ltr'>γίγνε·</span> 
     </span>
     <span class='ocr_line' id='line_1_10' title="bbox 332 657 1370 716; baseline -0.016 -7"><span class='ocrx_word' id='word_1_65' title='bbox 332 673 412 709; x_wconf 86' lang='grc' dir='ltr'>σθαι</span> <span class='ocrx_word' id='word_1_66' title='bbox 427 667 541 706; x_wconf 89' lang='grc' dir='ltr'>πολλά</span> <span class='ocrx_word' id='word_1_67' title='bbox 555 697 564 716; x_wconf 85' lang='lat'>‚</span> <span class='ocrx_word' id='word_1_68' title='bbox 588 664 646 703; x_wconf 74' lang='grc' dir='ltr'>καὶ</span> <span class='ocrx_word' id='word_1_69' title='bbox 660 661 787 714; x_wconf 79' lang='grc' dir='ltr'>συχνὰς</span> <span class='ocrx_word' id='word_1_70' title='bbox 801 658 934 702; x_wconf 78' lang='grc' dir='ltr'>εἰκόνας</span> <span class='ocrx_word' id='word_1_71' title='bbox 951 657 1022 701; x_wconf 82' lang='grc' dir='ltr'>ἑνὸς</span> <span class='ocrx_word' id='word_1_72' title='bbox 1043 658 1177 711; x_wconf 82' lang='grc' dir='ltr'>ἀνδρός,</span> <span class='ocrx_word' id='word_1_73' title='bbox 1200 658 1293 697; x_wconf 74' lang='grc' dir='ltr'>οὕτω</span> <span class='ocrx_word' id='word_1_74' title='bbox 1309 658 1370 697; x_wconf 66' lang='grc' dir='ltr'>καὶ</span> 
     </span>
     <span class='ocr_line' id='line_1_11' title="bbox 334 716 1373 780; baseline -0.012 -12"><span class='ocrx_word' id='word_1_75' title='bbox 334 735 415 780; x_wconf 79' lang='grc' dir='ltr'>μιᾶς</span> <span class='ocrx_word' id='word_1_76' title='bbox 429 726 578 771; x_wconf 83' lang='grc' dir='ltr'>ἑκάστης</span> <span class='ocrx_word' id='word_1_77' title='bbox 590 722 680 764; x_wconf 82' lang='grc' dir='ltr'>ἰδέας</span> <span class='ocrx_word' id='word_1_78' title='bbox 697 721 868 765; x_wconf 78' lang='grc' dir='ltr'>αἰσθητῶν</span> <span class='ocrx_word' id='word_1_79' title='bbox 885 717 1058 768; x_wconf 87' lang='grc' dir='ltr'>σωμάτων</span> <span class='ocrx_word' id='word_1_80' title='bbox 1076 716 1192 771; x_wconf 83' lang='grc' dir='ltr'>φύσεις</span> <span class='ocrx_word' id='word_1_81' title='bbox 1202 719 1373 768; x_wconf 84' lang='grc' dir='ltr'>παμπλη-</span> 
     </span>
     <span class='ocr_line' id='line_1_12' title="bbox 335 775 1372 836; baseline -0.012 -10"><span class='ocrx_word' id='word_1_82' title='bbox 335 791 402 830; x_wconf 88' lang='grc' dir='ltr'>θεῖς</span> <span class='ocrx_word' id='word_1_83' title='bbox 415 816 426 836; x_wconf 86' lang='grc'>,</span> <span class='ocrx_word' id='word_1_84' title='bbox 453 787 515 831; x_wconf 75' lang='grc' dir='ltr'>τῆς</span> <span class='ocrx_word' id='word_1_85' title='bbox 543 780 605 831; x_wconf 84' lang='grc' dir='ltr'>μὲν</span> <span class='ocrx_word' id='word_1_86' title='bbox 628 778 817 831; x_wconf 80' lang='grc' dir='ltr'>ἀνθρώπων</span> <span class='ocrx_word' id='word_1_87' title='bbox 835 775 1033 828; x_wconf 82' lang='grc' dir='ltr'>ἀνθρώπους</span> <span class='ocrx_word' id='word_1_88' title='bbox 1055 775 1213 820; x_wconf 85' lang='grc' dir='ltr'>ἅπαντας</span> <span class='ocrx_word' id='word_1_89' title='bbox 1228 805 1238 824; x_wconf 94' lang='grc'><strong>,</strong></span> <span class='ocrx_word' id='word_1_90' title='bbox 1258 778 1319 823; x_wconf 77' lang='grc' dir='ltr'>τῆς</span> <span class='ocrx_word' id='word_1_91' title='bbox 1336 775 1372 814; x_wconf 84' lang='grc' dir='ltr'>δὲ</span> 
     </span>
     <span class='ocr_line' id='line_1_13' title="bbox 332 833 1371 887; baseline -0.012 -3"><span class='ocrx_word' id='word_1_92' title='bbox 332 844 448 884; x_wconf 78' lang='grc' dir='ltr'>ἵππων</span> <span class='ocrx_word' id='word_1_93' title='bbox 467 841 591 883; x_wconf 78' lang='grc' dir='ltr'>ἵππους</span> <span class='ocrx_word' id='word_1_94' title='bbox 611 838 779 884; x_wconf 85' lang='grc' dir='ltr'>ἅπαντας,</span> <span class='ocrx_word' id='word_1_95' title='bbox 798 835 858 873; x_wconf 75' lang='grc' dir='ltr'>καὶ</span> <span class='ocrx_word' id='word_1_96' title='bbox 874 834 967 874; x_wconf 81' lang='grc' dir='ltr'>κατὰ</span> <span class='ocrx_word' id='word_1_97' title='bbox 985 833 1043 873; x_wconf 80' lang='grc' dir='ltr'>τὸν</span> <span class='ocrx_word' id='word_1_98' title='bbox 1067 835 1172 874; x_wconf 57' lang='lat' dir='ltr'>uox-bv</span> <span class='ocrx_word' id='word_1_99' title='bbox 1190 834 1291 887; x_wconf 87' lang='grc' dir='ltr'>λόγον</span> <span class='ocrx_word' id='word_1_100' title='bbox 1314 834 1371 873; x_wconf 68' lang='grc' dir='ltr'>ἐπὶ</span> 
     </span>
     <span class='ocr_line' id='line_1_14' title="bbox 334 887 1371 948; baseline -0.011 -6"><span class='ocrx_word' id='word_1_101' title='bbox 334 906 401 942; x_wconf 89' lang='grc' dir='ltr'>τῶν</span> <span class='ocrx_word' id='word_1_102' title='bbox 422 901 535 940; x_wconf 79' lang='grc' dir='ltr'>ἄλλων</span> <span class='ocrx_word' id='word_1_103' title='bbox 555 901 621 936; x_wconf 89' lang='grc' dir='ltr'>τῶν</span> <span class='ocrx_word' id='word_1_104' title='bbox 642 895 733 934; x_wconf 81' lang='grc' dir='ltr'>κατὰ</span> <span class='ocrx_word' id='word_1_105' title='bbox 749 894 864 948; x_wconf 69' lang='grc' dir='ltr'>φύσιν.</span> <span class='ocrx_word' id='word_1_106' title='bbox 885 887 1038 934; x_wconf 71' lang='grc' dir='ltr'>Εἶναιδὲ</span> <span class='ocrx_word' id='word_1_107' title='bbox 1054 893 1117 941; x_wconf 81' lang='grc' dir='ltr'>τὴν</span> <span class='ocrx_word' id='word_1_108' title='bbox 1142 894 1238 932; x_wconf 80' lang='grc' dir='ltr'>ἰδέαν</span> <span class='ocrx_word' id='word_1_109' title='bbox 1260 890 1371 932; x_wconf 75' lang='grc' dir='ltr'>ἀΐδιον</span> 
     </span>
     <span class='ocr_line' id='line_1_15' title="bbox 334 945 1373 1010; baseline -0.012 -9"><span class='ocrx_word' id='word_1_110' title='bbox 334 961 470 1010; x_wconf 78' lang='grc' dir='ltr'>οὐσίαν,</span> <span class='ocrx_word' id='word_1_111' title='bbox 492 958 606 996; x_wconf 84' lang='grc' dir='ltr'>αἰτίαν</span> <span class='ocrx_word' id='word_1_112' title='bbox 628 955 687 993; x_wconf 77' lang='grc' dir='ltr'>καὶ</span> <span class='ocrx_word' id='word_1_113' title='bbox 714 952 827 1006; x_wconf 87' lang='grc' dir='ltr'>ἀρχὴν</span> <span class='ocrx_word' id='word_1_114' title='bbox 860 956 919 992; x_wconf 81' lang='grc' dir='ltr'>τοῦ</span> <span class='ocrx_word' id='word_1_115' title='bbox 939 952 1085 992; x_wconf 77' lang='grc' dir='ltr'>ἕκαστον</span> <span class='ocrx_word' id='word_1_116' title='bbox 1107 945 1197 991; x_wconf 72' lang='grc' dir='ltr'>εἶναι</span> <span class='ocrx_word' id='word_1_117' title='bbox 1222 956 1373 991; x_wconf 77' lang='grc' dir='ltr'>τοιοῦτον</span> 
     </span>
     <span class='ocr_line' id='line_1_16' title="bbox 335 1006 1374 1065; baseline -0.011 -5"><span class='ocrx_word' id='word_1_118' title='bbox 335 1020 390 1061; x_wconf 75' lang='grc' dir='ltr'>οἵα</span> <span class='ocrx_word' id='word_1_119' title='bbox 425 1018 517 1058; x_wconf 80' lang='grc' dir='ltr'>ἐστὶν</span> <span class='ocrx_word' id='word_1_120' title='bbox 550 1015 652 1062; x_wconf 74' lang='grc' dir='ltr'>αὐτή.</span> <span class='ocrx_word' id='word_1_121' title='bbox 719 1013 888 1063; x_wconf 83' lang='grc' dir='ltr'>Καθάπερ</span> <span class='ocrx_word' id='word_1_122' title='bbox 910 1006 968 1051; x_wconf 75' lang='grc' dir='ltr'>οῧν</span> <span class='ocrx_word' id='word_1_123' title='bbox 989 1013 1033 1052; x_wconf 86' lang='grc' dir='ltr'>τὰ</span> <span class='ocrx_word' id='word_1_124' title='bbox 1055 1010 1148 1050; x_wconf 76' lang='grc' dir='ltr'>κατὰ</span> <span class='ocrx_word' id='word_1_125' title='bbox 1170 1010 1271 1065; x_wconf 85' lang='grc' dir='ltr'>μέρος</span> <span class='ocrx_word' id='word_1_126' title='bbox 1300 1010 1374 1058; x_wconf 85' lang='grc' dir='ltr'>εἴδη</span> 
     </span>
     <span class='ocr_line' id='line_1_17' title="bbox 335 1068 1377 1130; baseline -0.012 -11"><span class='ocrx_word' id='word_1_127' title='bbox 335 1079 451 1130; x_wconf 81' lang='grc' dir='ltr'>ὥσπερ</span> <span class='ocrx_word' id='word_1_128' title='bbox 471 1075 652 1129; x_wconf 85' lang='grc' dir='ltr'>ἀρχέτυπα</span> <span class='ocrx_word' id='word_1_129' title='bbox 680 1076 748 1112; x_wconf 81' lang='grc' dir='ltr'>τῶν</span> <span class='ocrx_word' id='word_1_130' title='bbox 782 1073 955 1119; x_wconf 82' lang='grc' dir='ltr'>αἰσθητῶν</span> <span class='ocrx_word' id='word_1_131' title='bbox 984 1075 1215 1124; x_wconf 85' lang='grc' dir='ltr'>προηγεῖσθαι</span> <span class='ocrx_word' id='word_1_132' title='bbox 1247 1068 1377 1122; x_wconf 71' lang='grc' dir='ltr'>συμδέ-</span> 
     </span>
     <span class='ocr_line' id='line_1_18' title="bbox 336 1127 1374 1186; baseline -0.012 -8"><span class='ocrx_word' id='word_1_133' title='bbox 336 1139 423 1186; x_wconf 72' lang='grc' dir='ltr'>ὅηκε</span> <span class='ocrx_word' id='word_1_134' title='bbox 438 1136 631 1186; x_wconf 86' lang='grc' dir='ltr'>σωμάτων,</span> <span class='ocrx_word' id='word_1_135' title='bbox 652 1131 741 1171; x_wconf 79' lang='grc' dir='ltr'>οὕτω</span> <span class='ocrx_word' id='word_1_136' title='bbox 762 1130 825 1178; x_wconf 80' lang='grc' dir='ltr'>τὴν</span> <span class='ocrx_word' id='word_1_137' title='bbox 854 1130 975 1174; x_wconf 85' lang='grc' dir='ltr'>πάσας</span> <span class='ocrx_word' id='word_1_138' title='bbox 997 1132 1031 1169; x_wconf 84' lang='grc' dir='ltr'>ἐν</span> <span class='ocrx_word' id='word_1_139' title='bbox 1054 1132 1161 1183; x_wconf 82' lang='grc' dir='ltr'>ἑαυτῇ</span> <span class='ocrx_word' id='word_1_140' title='bbox 1188 1127 1374 1183; x_wconf 82' lang='grc' dir='ltr'>περιέχου-</span> 
     </span>
     <span class='ocr_line' id='line_1_19' title="bbox 335 1188 1377 1242; baseline -0.012 -5"><span class='ocrx_word' id='word_1_141' title='bbox 335 1214 399 1237; x_wconf 90' lang='grc' dir='ltr'>σαν</span> <span class='ocrx_word' id='word_1_142' title='bbox 416 1195 603 1241; x_wconf 83' lang='grc' dir='ltr'>καλλίστην</span> <span class='ocrx_word' id='word_1_143' title='bbox 626 1192 687 1231; x_wconf 75' lang='grc' dir='ltr'>καὶ</span> <span class='ocrx_word' id='word_1_144' title='bbox 706 1190 927 1238; x_wconf 80' lang='grc' dir='ltr'>τελειοτάτην</span> <span class='ocrx_word' id='word_1_145' title='bbox 946 1189 1064 1228; x_wconf 79' lang='grc' dir='ltr'>οὐσίαν</span> <span class='ocrx_word' id='word_1_146' title='bbox 1088 1189 1257 1242; x_wconf 73' lang='grc' dir='ltr'>ὑπάρχειν</span> <span class='ocrx_word' id='word_1_147' title='bbox 1277 1188 1377 1226; x_wconf 78' lang='grc' dir='ltr'>τοῦδε</span> 
     </span>
     <span class='ocr_line' id='line_1_20' title="bbox 335 1248 1378 1309; baseline -0.011 -13"><span class='ocrx_word' id='word_1_148' title='bbox 335 1256 558 1309; x_wconf 79' lang='grc' dir='ltr'>παράδειγμα</span> <span class='ocrx_word' id='word_1_149' title='bbox 588 1255 650 1290; x_wconf 78' lang='grc' dir='ltr'>τοῦ</span> <span class='ocrx_word' id='word_1_150' title='bbox 670 1251 816 1306; x_wconf 83' lang='grc' dir='ltr'>κόσμου·</span> <span class='ocrx_word' id='word_1_151' title='bbox 836 1248 922 1301; x_wconf 84' lang='grc' dir='ltr'>πρὸς</span> <span class='ocrx_word' id='word_1_152' title='bbox 947 1249 1015 1302; x_wconf 80' lang='grc' dir='ltr'>γὰρ</span> <span class='ocrx_word' id='word_1_153' title='bbox 1038 1248 1168 1297; x_wconf 81' lang='grc' dir='ltr'>ταύτην</span> <span class='ocrx_word' id='word_1_154' title='bbox 1199 1250 1378 1301; x_wconf 78' lang='grc' dir='ltr'>ἀφομοιω-</span> 
     </span>
     <span class='ocr_line' id='line_1_21' title="bbox 337 1307 1379 1361; baseline -0.01 -7"><span class='ocrx_word' id='word_1_155' title='bbox 337 1315 438 1354; x_wconf 87' lang='grc' dir='ltr'>θέντα</span> <span class='ocrx_word' id='word_1_156' title='bbox 471 1313 539 1351; x_wconf 76' lang='grc' dir='ltr'>ὑπὸ</span> <span class='ocrx_word' id='word_1_157' title='bbox 571 1314 632 1350; x_wconf 73' lang='grc' dir='ltr'>τοῦ</span> <span class='ocrx_word' id='word_1_158' title='bbox 663 1308 984 1361; x_wconf 82' lang='grc' dir='ltr'>δημιουργήσαντος</span> <span class='ocrx_word' id='word_1_159' title='bbox 1013 1307 1116 1346; x_wconf 80' lang='grc' dir='ltr'>αὐτὸν</span> <span class='ocrx_word' id='word_1_160' title='bbox 1147 1307 1379 1359; x_wconf 85' lang='grc' dir='ltr'>ἀπειργάσθαι</span> 
     </span>
     <span class='ocr_line' id='line_1_22' title="bbox 336 1365 1379 1422; baseline -0.01 -10"><span class='ocrx_word' id='word_1_161' title='bbox 336 1377 412 1412; x_wconf 79' lang='grc' dir='ltr'>θεοῦ</span> <span class='ocrx_word' id='word_1_162' title='bbox 431 1372 521 1411; x_wconf 85' lang='grc' dir='ltr'>κατὰ</span> <span class='ocrx_word' id='word_1_163' title='bbox 538 1369 700 1422; x_wconf 88' lang='grc' dir='ltr'>πρόνοιαν</span> <span class='ocrx_word' id='word_1_164' title='bbox 721 1371 760 1407; x_wconf 83' lang='grc' dir='ltr'>ἐκ</span> <span class='ocrx_word' id='word_1_165' title='bbox 776 1371 838 1415; x_wconf 84' lang='grc' dir='ltr'>τ’ἧς</span> <span class='ocrx_word' id='word_1_166' title='bbox 855 1366 970 1415; x_wconf 85' lang='grc' dir='ltr'>πάσης</span> <span class='ocrx_word' id='word_1_167' title='bbox 985 1366 1115 1410; x_wconf 78' lang='grc' dir='ltr'>οὐσίας.</span> <span class='ocrx_word' id='word_1_168' title='bbox 1174 1365 1279 1417; x_wconf 83' lang='grc' dir='ltr'>Λέγει</span> <span class='ocrx_word' id='word_1_169' title='bbox 1297 1368 1379 1417; x_wconf 71' lang='grc' dir='ltr'>γοῦν</span> 
     </span>
     <span class='ocr_line' id='line_1_23' title="bbox 337 1420 1378 1484; baseline -0.01 -12"><span class='ocrx_word' id='word_1_170' title='bbox 337 1432 397 1472; x_wconf 74' lang='grc' dir='ltr'>καὶ</span> <span class='ocrx_word' id='word_1_171' title='bbox 415 1434 450 1471; x_wconf 84' lang='grc' dir='ltr'>ἐν</span> <span class='ocrx_word' id='word_1_172' title='bbox 469 1433 519 1484; x_wconf 84' lang='grc' dir='ltr'>τῷ</span> <span class='ocrx_word' id='word_1_173' title='bbox 538 1427 759 1481; x_wconf 87' lang='grc' dir='ltr'>Παρμενίδῃ·</span> <span class='ocrx_word' id='word_1_174' title='bbox 782 1445 798 1460; x_wconf 72' lang='grc' dir='ltr'>«ι</span> <span class='ocrx_word' id='word_1_175' title='bbox 815 1427 924 1474; x_wconf 85' lang='grc' dir='ltr'>Ἀλλ’,</span> <span class='ocrx_word' id='word_1_176' title='bbox 942 1420 970 1465; x_wconf 65' lang='grc' dir='ltr'><em>ὦ</em></span> <span class='ocrx_word' id='word_1_177' title='bbox 987 1425 1205 1478; x_wconf 82' lang='grc' dir='ltr'>Παρμενίδη,</span> <span class='ocrx_word' id='word_1_178' title='bbox 1223 1424 1378 1475; x_wconf 87' lang='grc' dir='ltr'>μάλιστα</span> 
     </span>
     <span class='ocr_line' id='line_1_24' title="bbox 338 1479 1379 1542; baseline -0.011 -13"><span class='ocrx_word' id='word_1_179' title='bbox 338 1490 457 1542; x_wconf 81' lang='grc' dir='ltr'>ἔμοιγε</span> <span class='ocrx_word' id='word_1_180' title='bbox 487 1486 739 1540; x_wconf 79' lang='grc' dir='ltr'>καταφαίνεται</span> <span class='ocrx_word' id='word_1_181' title='bbox 760 1479 828 1524; x_wconf 67' lang='grc' dir='ltr'>ὧδε</span> <span class='ocrx_word' id='word_1_182' title='bbox 852 1484 956 1537; x_wconf 85' lang='grc' dir='ltr'>ἔχειν·</span> <span class='ocrx_word' id='word_1_183' title='bbox 990 1483 1035 1521; x_wconf 83' lang='grc' dir='ltr'>τὰ</span> <span class='ocrx_word' id='word_1_184' title='bbox 1071 1482 1133 1533; x_wconf 79' lang='grc' dir='ltr'>μὲν</span> <span class='ocrx_word' id='word_1_185' title='bbox 1163 1482 1238 1528; x_wconf 85' lang='grc' dir='ltr'>εἴδη</span> <span class='ocrx_word' id='word_1_186' title='bbox 1268 1484 1379 1520; x_wconf 80' lang='grc' dir='ltr'>ταῦτα</span> 
     </span>
     <span class='ocr_line' id='line_1_25' title="bbox 299 1539 1374 1601; baseline -0.011 -12"><span class='ocrx_word' id='word_1_187' title='bbox 299 1569 301 1571; x_wconf 69' lang='grc'><strong>’</strong></span> <span class='ocrx_word' id='word_1_188' title='bbox 338 1548 455 1601; x_wconf 78' lang='grc' dir='ltr'>ὥσπερ</span> <span class='ocrx_word' id='word_1_189' title='bbox 475 1546 745 1601; x_wconf 87' lang='grc' dir='ltr'>παραδείγματα</span> <span class='ocrx_word' id='word_1_190' title='bbox 765 1543 909 1583; x_wconf 81' lang='grc' dir='ltr'>ἑστάναι</span> <span class='ocrx_word' id='word_1_191' title='bbox 923 1545 957 1582; x_wconf 85' lang='grc' dir='ltr'>ἐν</span> <span class='ocrx_word' id='word_1_192' title='bbox 975 1545 1018 1594; x_wconf 83' lang='grc' dir='ltr'>τῇ</span> <span class='ocrx_word' id='word_1_193' title='bbox 1039 1541 1152 1596; x_wconf 74' lang='grc' dir='ltr'>φύσει,</span> <span class='ocrx_word' id='word_1_194' title='bbox 1172 1540 1216 1579; x_wconf 84' lang='grc' dir='ltr'>τὰ</span> <span class='ocrx_word' id='word_1_195' title='bbox 1237 1539 1265 1578; x_wconf 86' lang='grc' dir='ltr'>δ’</span> <span class='ocrx_word' id='word_1_196' title='bbox 1283 1539 1374 1578; x_wconf 81' lang='grc' dir='ltr'>ἄλλα</span> 
     </span>
    </p>
   </div>
   <div class='ocr_carea' id='block_1_8' title="bbox 272 1595 1381 1653">
    <p class='ocr_par' dir='ltr' id='par_1_8' title="bbox 272 1595 1381 1653">
     <span class='ocr_line' id='line_1_26' title="bbox 272 1595 1381 1653; baseline -0.01 -6"><span class='ocrx_word' id='word_1_197' title='bbox 272 1624 276 1628; x_wconf 84' lang='grc'><em>·</em></span> <span class='ocrx_word' id='word_1_198' title='bbox 338 1607 469 1651; x_wconf 86' lang='grc' dir='ltr'>τούτοις</span> <span class='ocrx_word' id='word_1_199' title='bbox 488 1604 635 1645; x_wconf 82' lang='grc' dir='ltr'>ἐοικέναι</span> <span class='ocrx_word' id='word_1_200' title='bbox 662 1604 722 1643; x_wconf 72' lang='grc' dir='ltr'>καὶ</span> <span class='ocrx_word' id='word_1_201' title='bbox 756 1595 844 1642; x_wconf 72' lang='grc' dir='ltr'>εἶναι</span> <span class='ocrx_word' id='word_1_202' title='bbox 874 1601 1096 1653; x_wconf 80' lang='grc' dir='ltr'>ὁμοιώματα·</span> <span class='ocrx_word' id='word_1_203' title='bbox 1121 1599 1180 1638; x_wconf 82' lang='grc' dir='ltr'>καὶ</span> <span class='ocrx_word' id='word_1_204' title='bbox 1197 1603 1219 1647; x_wconf 83' lang='grc' dir='ltr'>ἡ</span> <span class='ocrx_word' id='word_1_205' title='bbox 1248 1599 1381 1650; x_wconf 86' lang='grc' dir='ltr'>μέθεξις</span> 
     </span>
    </p>
   </div>
   <div class='ocr_carea' id='block_1_9' title="bbox 340 1657 1386 2186">
    <p class='ocr_par' dir='ltr' id='par_1_9' title="bbox 340 1657 1380 1770">
     <span class='ocr_line' id='line_1_27' title="bbox 340 1657 1380 1715; baseline -0.009 -11"><span class='ocrx_word' id='word_1_206' title='bbox 340 1665 430 1713; x_wconf 78' lang='grc' dir='ltr'>αὕτη</span> <span class='ocrx_word' id='word_1_207' title='bbox 449 1667 518 1708; x_wconf 85' lang='grc' dir='ltr'>τοῖς</span> <span class='ocrx_word' id='word_1_208' title='bbox 538 1665 655 1707; x_wconf 87' lang='grc' dir='ltr'>ἄλλοις</span> <span class='ocrx_word' id='word_1_209' title='bbox 677 1661 856 1715; x_wconf 86' lang='grc' dir='ltr'>γίγνεσθαι</span> <span class='ocrx_word' id='word_1_210' title='bbox 875 1664 944 1699; x_wconf 91' lang='grc' dir='ltr'>τῶν</span> <span class='ocrx_word' id='word_1_211' title='bbox 968 1660 1068 1698; x_wconf 85' lang='grc' dir='ltr'>εἰδῶν</span> <span class='ocrx_word' id='word_1_212' title='bbox 1094 1659 1157 1698; x_wconf 78' lang='grc' dir='ltr'>οὐκ</span> <span class='ocrx_word' id='word_1_213' title='bbox 1181 1658 1272 1706; x_wconf 83' lang='grc' dir='ltr'>ἄλλη</span> <span class='ocrx_word' id='word_1_214' title='bbox 1292 1674 1342 1702; x_wconf 86' lang='grc' dir='ltr'>τις</span> <span class='ocrx_word' id='word_1_215' title='bbox 1359 1657 1380 1706; x_wconf 86' lang='grc' dir='ltr'>ἢ</span> 
     </span>
     <span class='ocr_line' id='line_1_28' title="bbox 341 1724 727 1770; baseline 0 -7"><span class='ocrx_word' id='word_1_216' title='bbox 341 1726 543 1770; x_wconf 78' lang='grc' dir='ltr'>εἰκασθῆναι</span> <span class='ocrx_word' id='word_1_217' title='bbox 559 1724 686 1766; x_wconf 78' lang='grc' dir='ltr'>αὐτοῖς.</span> <span class='ocrx_word' id='word_1_218' title='bbox 711 1740 727 1756; x_wconf 71' lang='lat'>‘³</span> 
     </span>
    </p>

    <p class='ocr_par' dir='ltr' id='par_1_10' title="bbox 340 1776 1386 2186">
     <span class='ocr_line' id='line_1_29' title="bbox 372 1776 1383 1832; baseline -0.006 -11"><span class='ocrx_word' id='word_1_219' title='bbox 372 1777 583 1827; x_wconf 86' lang='lat' dir='ltr'>(Eusebius</span> <span class='ocrx_word' id='word_1_220' title='bbox 598 1786 719 1832; x_wconf 87' lang='lat' dir='ltr'><strong>Praep.</strong></span> <span class='ocrx_word' id='word_1_221' title='bbox 739 1784 882 1831; x_wconf 87' lang='lat' dir='ltr'><strong>Evang.</strong></span> <span class='ocrx_word' id='word_1_222' title='bbox 898 1779 967 1827; x_wconf 88' lang='lat' dir='ltr'>XI,</span> <span class='ocrx_word' id='word_1_223' title='bbox 984 1779 1031 1816; x_wconf 78' lang='lat'>23</span> <span class='ocrx_word' id='word_1_224' title='bbox 1051 1793 1060 1816; x_wconf 89' lang='lat'>:</span> <span class='ocrx_word' id='word_1_225' title='bbox 1080 1777 1141 1824; x_wconf 81' lang='grc' dir='ltr'>τὴν</span> <span class='ocrx_word' id='word_1_226' title='bbox 1158 1776 1193 1816; x_wconf 85' lang='grc' dir='ltr'>δὲ</span> <span class='ocrx_word' id='word_1_227' title='bbox 1207 1780 1275 1816; x_wconf 80' lang='grc' dir='ltr'>τῶν</span> <span class='ocrx_word' id='word_1_228' title='bbox 1288 1779 1383 1830; x_wconf 86' lang='grc' dir='ltr'>εἰρη-</span> 
     </span>
     <span class='ocr_line' id='line_1_30' title="bbox 342 1836 1381 1893; baseline -0.005 -13"><span class='ocrx_word' id='word_1_229' title='bbox 342 1842 453 1893; x_wconf 74' lang='grc' dir='ltr'>μένων</span> <span class='ocrx_word' id='word_1_230' title='bbox 475 1841 624 1880; x_wconf 85' lang='grc' dir='ltr'>διάνοιαν</span> <span class='ocrx_word' id='word_1_231' title='bbox 646 1843 686 1879; x_wconf 81' lang='grc' dir='ltr'>ἐκ</span> <span class='ocrx_word' id='word_1_232' title='bbox 714 1842 780 1879; x_wconf 89' lang='grc' dir='ltr'>τῶν</span> <span class='ocrx_word' id='word_1_233' title='bbox 797 1838 943 1892; x_wconf 85' lang='grc' dir='ltr'>Διδύμῳ</span> <span class='ocrx_word' id='word_1_234' title='bbox 969 1837 1049 1891; x_wconf 73' lang='grc' dir='ltr'>περὶ</span> <span class='ocrx_word' id='word_1_235' title='bbox 1076 1840 1143 1876; x_wconf 81' lang='grc' dir='ltr'>τῶν</span> <span class='ocrx_word' id='word_1_236' title='bbox 1166 1836 1381 1889; x_wconf 85' lang='grc' dir='ltr'>ἀρεσκόντων</span> 
     </span>
     <span class='ocr_line' id='line_1_31' title="bbox 343 1895 1381 1951; baseline -0.006 -11"><span class='ocrx_word' id='word_1_237' title='bbox 343 1900 509 1940; x_wconf 83' lang='grc' dir='ltr'>Πλάτωνι</span> <span class='ocrx_word' id='word_1_238' title='bbox 537 1898 823 1951; x_wconf 85' lang='grc' dir='ltr'>συντεταγμένων</span> <span class='ocrx_word' id='word_1_239' title='bbox 843 1898 1049 1948; x_wconf 79' lang='grc' dir='ltr'>ἐκθήσομαι·</span> <span class='ocrx_word' id='word_1_240' title='bbox 1076 1895 1166 1949; x_wconf 77' lang='grc' dir='ltr'>Περὶ</span> <span class='ocrx_word' id='word_1_241' title='bbox 1184 1898 1252 1935; x_wconf 86' lang='grc' dir='ltr'>τῶν</span> <span class='ocrx_word' id='word_1_242' title='bbox 1280 1897 1381 1934; x_wconf 84' lang='grc' dir='ltr'>ἰδεῶν</span> 
     </span>
     <span class='ocr_line' id='line_1_32' title="bbox 340 1953 1382 2008; baseline -0.004 -10"><span class='ocrx_word' id='word_1_243' title='bbox 340 1953 423 2000; x_wconf 42' lang='grc' dir='ltr'>κτλ.μ</span> <span class='ocrx_word' id='word_1_244' title='bbox 442 1961 490 1999; x_wconf 89' lang='lat' dir='ltr'><strong>cf.</strong></span> <span class='ocrx_word' id='word_1_245' title='bbox 521 1959 698 1999; x_wconf 85' lang='lat' dir='ltr'><strong>Stobaeus</strong></span> <span class='ocrx_word' id='word_1_246' title='bbox 719 1956 894 2008; x_wconf 81' lang='lat' dir='ltr'><strong>Eclogar.</strong></span> <span class='ocrx_word' id='word_1_247' title='bbox 918 1957 987 2000; x_wconf 87' lang='lat' dir='ltr'><strong>lib.</strong></span> <span class='ocrx_word' id='word_1_248' title='bbox 1013 1956 1030 1993; x_wconf 95' lang='lat' dir='ltr'><strong>l</strong></span> <span class='ocrx_word' id='word_1_249' title='bbox 1052 1969 1138 2008; x_wconf 83' lang='lat' dir='ltr'><strong>cap.</strong></span> <span class='ocrx_word' id='word_1_250' title='bbox 1166 1957 1227 2004; x_wconf 85' lang='lat'>13,</span> <span class='ocrx_word' id='word_1_251' title='bbox 1242 1970 1282 2006; x_wconf 83' lang='lat' dir='ltr'>p.</span> <span class='ocrx_word' id='word_1_252' title='bbox 1305 1956 1382 1994; x_wconf 82' lang='lat'>330</span> 
     </span>
     <span class='ocr_line' id='line_1_33' title="bbox 340 2007 1384 2066; baseline -0.004 -9"><span class='ocrx_word' id='word_1_253' title='bbox 340 2019 401 2057; x_wconf 87' lang='lat' dir='ltr'>ed.</span> <span class='ocrx_word' id='word_1_254' title='bbox 423 2019 582 2057; x_wconf 79' lang='lat' dir='ltr'><strong>Heeren.</strong></span> <span class='ocrx_word' id='word_1_255' title='bbox 606 2017 783 2055; x_wconf 78' lang='lat' dir='ltr'><strong>Ceterum</strong></span> <span class='ocrx_word' id='word_1_256' title='bbox 806 2015 940 2053; x_wconf 84' lang='lat' dir='ltr'><strong>verbis</strong></span> <span class='ocrx_word' id='word_1_257' title='bbox 972 2013 1128 2066; x_wconf 83' lang='grc' dir='ltr'>καθάπερ</span> <span class='ocrx_word' id='word_1_258' title='bbox 1145 2007 1204 2052; x_wconf 69' lang='grc' dir='ltr'>οὖν</span> <span class='ocrx_word' id='word_1_259' title='bbox 1221 2014 1267 2053; x_wconf 85' lang='grc' dir='ltr'>τὰ</span> <span class='ocrx_word' id='word_1_260' title='bbox 1291 2014 1384 2053; x_wconf 74' lang='grc' dir='ltr'>κατὰ</span> 
     </span>
     <span class='ocr_line' id='line_1_34' title="bbox 343 2073 1386 2130; baseline -0.005 -14"><span class='ocrx_word' id='word_1_261' title='bbox 343 2077 444 2130; x_wconf 84' lang='grc' dir='ltr'>μέρος</span> <span class='ocrx_word' id='word_1_262' title='bbox 475 2075 594 2128; x_wconf 83' lang='grc' dir='ltr'>ὥσπερ</span> <span class='ocrx_word' id='word_1_263' title='bbox 622 2074 805 2128; x_wconf 80' lang='grc' dir='ltr'>ἀρχέτυπα</span> <span class='ocrx_word' id='word_1_264' title='bbox 837 2074 987 2113; x_wconf 86' lang='lat' dir='ltr'><strong>inserui</strong></span> <span class='ocrx_word' id='word_1_265' title='bbox 1012 2086 1156 2112; x_wconf 90' lang='lat' dir='ltr'><strong>nomen</strong></span> <span class='ocrx_word' id='word_1_266' title='bbox 1177 2073 1252 2120; x_wconf 82' lang='grc' dir='ltr'>εἴδη</span> <span class='ocrx_word' id='word_1_267' title='bbox 1281 2073 1386 2125; x_wconf 87' lang='lat' dir='ltr'><strong>quod</strong></span> 
     </span>
     <span class='ocr_line' id='line_1_35' title="bbox 343 2135 784 2186; baseline -0.009 -11"><span class='ocrx_word' id='word_1_268' title='bbox 343 2137 530 2175; x_wconf 83' lang='lat' dir='ltr'><strong>sententia</strong></span> <span class='ocrx_word' id='word_1_269' title='bbox 550 2135 784 2186; x_wconf 84' lang='lat' dir='ltr'><strong>flagitabat.)</strong></span> 
     </span>
    </p>
   </div>
   <div class='ocr_carea' id='block_1_10' title="bbox 469 2227 1220 2282">
    <p class='ocr_par' dir='ltr' id='par_1_11' title="bbox 469 2227 1220 2282">
     <span class='ocr_line' id='line_1_36' title="bbox 469 2227 1220 2282; baseline -0.007 -12"><span class='ocrx_word' id='word_1_270' title='bbox 469 2279 473 2282; x_wconf 16' lang='grc' dir='ltr'><strong><em>Δ</em></strong></span> <span class='ocrx_word' id='word_1_271' title='bbox 498 2231 752 2270; x_wconf 81' lang='grc' dir='ltr'>ΔΙΟΔΩΡΟΥ</span> <span class='ocrx_word' id='word_1_272' title='bbox 779 2229 881 2268; x_wconf 88' lang='grc' dir='ltr'>ΤΟΥ</span> <span class='ocrx_word' id='word_1_273' title='bbox 910 2227 1220 2268; x_wconf 85' lang='grc' dir='ltr'><strong>ΑΣΠΕΝΔΙΟΥ.</strong></span> 
     </span>
    </p>
   </div>
   <div class='ocr_carea' id='block_1_11' title="bbox 345 2317 1388 2434">
    <p class='ocr_par' dir='ltr' id='par_1_12' title="bbox 345 2317 1388 2434">
     <span class='ocr_line' id='line_1_37' title="bbox 399 2317 1388 2372; baseline -0.005 -11"><span class='ocrx_word' id='word_1_274' title='bbox 399 2321 498 2366; x_wconf 82' lang='grc' dir='ltr'>Τινὲς</span> <span class='ocrx_word' id='word_1_275' title='bbox 517 2323 596 2360; x_wconf 89' lang='grc' dir='ltr'>κατ’</span> <span class='ocrx_word' id='word_1_276' title='bbox 615 2320 730 2361; x_wconf 82' lang='grc' dir='ltr'>εἰκόνα</span> <span class='ocrx_word' id='word_1_277' title='bbox 746 2323 823 2360; x_wconf 78' lang='grc' dir='ltr'>θεοῦ</span> <span class='ocrx_word' id='word_1_278' title='bbox 842 2319 899 2359; x_wconf 82' lang='grc' dir='ltr'>τὸν</span> <span class='ocrx_word' id='word_1_279' title='bbox 916 2319 1098 2372; x_wconf 85' lang='grc' dir='ltr'>ἄνθρωπον</span> <span class='ocrx_word' id='word_1_280' title='bbox 1116 2317 1279 2369; x_wconf 82' lang='grc' dir='ltr'>ἐνόμισαν</span> <span class='ocrx_word' id='word_1_281' title='bbox 1297 2318 1388 2357; x_wconf 85' lang='grc' dir='ltr'>κατὰ</span> 
     </span>
     <span class='ocr_line' id='line_1_38' title="bbox 345 2380 1038 2434; baseline -0.001 -14"><span class='ocrx_word' id='word_1_282' title='bbox 345 2381 384 2420; x_wconf 83' lang='grc' dir='ltr'>τὸ</span> <span class='ocrx_word' id='word_1_283' title='bbox 399 2385 459 2428; x_wconf 86' lang='grc' dir='ltr'>τ’ἧς</span> <span class='ocrx_word' id='word_1_284' title='bbox 478 2383 592 2434; x_wconf 72' lang='grc' dir='ltr'>ψυχῆς</span> <span class='ocrx_word' id='word_1_285' title='bbox 612 2380 757 2434; x_wconf 80' lang='grc' dir='ltr'>ἀόρατον</span> <span class='ocrx_word' id='word_1_286' title='bbox 780 2380 1038 2432; x_wconf 87' lang='grc' dir='ltr'>(πεπλάσθαι).</span> 
     </span>
    </p>
   </div>
   <div class='ocr_carea' id='block_1_12' title="bbox 1067 2451 1180 2456">
    <p class='ocr_par' dir='ltr' id='par_1_13' title="bbox 1067 2451 1180 2456">
     <span class='ocr_line' id='line_1_39' title="bbox 1067 2451 1180 2456; baseline 0 0"><span class='ocrx_word' id='word_1_287' title='bbox 1067 2451 1180 2456; x_wconf 95' lang='lat' dir='ltr'> </span> 
     </span>
    </p>
   </div>
   <div class='ocr_carea' id='block_1_13' title="bbox 346 2487 1397 3524">
    <p class='ocr_par' dir='ltr' id='par_1_14' title="bbox 346 2487 1397 3524">
     <span class='ocr_line' id='line_1_40' title="bbox 347 2487 1388 2533; baseline -0.004 -10"><span class='ocrx_word' id='word_1_288' title='bbox 347 2495 394 2524; x_wconf 86' lang='lat' dir='ltr'>ter</span> <span class='ocrx_word' id='word_1_289' title='bbox 409 2500 508 2533; x_wconf 86' lang='lat' dir='ltr'><strong>equos</strong></span> <span class='ocrx_word' id='word_1_290' title='bbox 518 2499 629 2523; x_wconf 86' lang='lat' dir='ltr'><strong>omnes</strong></span> <span class='ocrx_word' id='word_1_291' title='bbox 638 2499 769 2531; x_wconf 86' lang='lat' dir='ltr'><strong>equum,</strong></span> <span class='ocrx_word' id='word_1_292' title='bbox 782 2489 918 2530; x_wconf 82' lang='lat' dir='ltr'><strong>atqucin</strong></span> <span class='ocrx_word' id='word_1_293' title='bbox 931 2497 1104 2521; x_wconf 86' lang='lat' dir='ltr'><strong>commune</strong></span> <span class='ocrx_word' id='word_1_294' title='bbox 1118 2487 1388 2529; x_wconf 80' lang='lat' dir='ltr'><strong>praeteranimalia</strong></span> 
     </span>
     <span class='ocr_line' id='line_1_41' title="bbox 346 2546 1388 2588; baseline -0.004 -6"><span class='ocrx_word' id='word_1_295' title='bbox 346 2550 440 2582; x_wconf 85' lang='lat' dir='ltr'><strong>simul</strong></span> <span class='ocrx_word' id='word_1_296' title='bbox 458 2549 574 2581; x_wconf 88' lang='lat' dir='ltr'><strong>animal</strong></span> <span class='ocrx_word' id='word_1_297' title='bbox 599 2552 665 2581; x_wconf 86' lang='lat' dir='ltr'><strong>tum</strong></span> <span class='ocrx_word' id='word_1_298' title='bbox 687 2551 778 2580; x_wconf 81' lang='lat' dir='ltr'><strong>ortus</strong></span> <span class='ocrx_word' id='word_1_299' title='bbox 796 2550 865 2580; x_wconf 91' lang='lat' dir='ltr'><strong>tum</strong></span> <span class='ocrx_word' id='word_1_300' title='bbox 892 2548 1037 2580; x_wconf 76' lang='lat' dir='ltr'><strong>interitus</strong></span> <span class='ocrx_word' id='word_1_301' title='bbox 1061 2555 1184 2588; x_wconf 80' lang='lat' dir='ltr'><strong>expers.</strong></span> <span class='ocrx_word' id='word_1_302' title='bbox 1230 2546 1388 2586; x_wconf 80' lang='lat' dir='ltr'><strong>Quemad-</strong></span> 
     </span>
     <span class='ocr_line' id='line_1_42' title="bbox 349 2605 1387 2646; baseline -0.004 -6"><span class='ocrx_word' id='word_1_303' title='bbox 349 2608 480 2640; x_wconf 87' lang='lat' dir='ltr'>modum</span> <span class='ocrx_word' id='word_1_304' title='bbox 497 2609 604 2639; x_wconf 88' lang='lat' dir='ltr'><strong>autem</strong></span> <span class='ocrx_word' id='word_1_305' title='bbox 635 2607 728 2639; x_wconf 77' lang='lat' dir='ltr'><strong>unius</strong></span> <span class='ocrx_word' id='word_1_306' title='bbox 744 2606 825 2646; x_wconf 80' lang='lat' dir='ltr'><strong>signi</strong></span> <span class='ocrx_word' id='word_1_307' title='bbox 852 2606 955 2646; x_wconf 82' lang='lat' dir='ltr'><strong>multa</strong></span> <span class='ocrx_word' id='word_1_308' title='bbox 980 2605 1190 2639; x_wconf 78' lang='lat' dir='ltr'><strong>redderentur</strong></span> <span class='ocrx_word' id='word_1_309' title='bbox 1215 2605 1387 2638; x_wconf 76' lang='lat' dir='ltr'><strong>simulacra</strong></span> 
     </span>
     <span class='ocr_line' id='line_1_43' title="bbox 349 2663 1391 2706; baseline -0.004 -8"><span class='ocrx_word' id='word_1_310' title='bbox 349 2666 522 2706; x_wconf 76' lang='lat' dir='ltr'><strong>multaeque</strong></span> <span class='ocrx_word' id='word_1_311' title='bbox 538 2665 631 2697; x_wconf 88' lang='lat' dir='ltr'><strong>unius</strong></span> <span class='ocrx_word' id='word_1_312' title='bbox 646 2665 705 2697; x_wconf 86' lang='lat' dir='ltr'><strong>viri</strong></span> <span class='ocrx_word' id='word_1_313' title='bbox 723 2665 834 2696; x_wconf 78' lang='lat' dir='ltr'><strong>tierent</strong></span> <span class='ocrx_word' id='word_1_314' title='bbox 857 2663 1026 2705; x_wconf 79' lang='lat' dir='ltr'>imagines,</span> <span class='ocrx_word' id='word_1_315' title='bbox 1051 2663 1098 2695; x_wconf 86' lang='lat' dir='ltr'>sic</span> <span class='ocrx_word' id='word_1_316' title='bbox 1121 2663 1217 2696; x_wconf 83' lang='lat' dir='ltr'><strong>etiam</strong></span> <span class='ocrx_word' id='word_1_317' title='bbox 1241 2663 1391 2696; x_wconf 86' lang='lat' dir='ltr'><strong>uniuscu-</strong></span> 
     </span>
     <span class='ocr_line' id='line_1_44' title="bbox 346 2723 1392 2766; baseline -0.002 -9"><span class='ocrx_word' id='word_1_318' title='bbox 346 2725 460 2766; x_wconf 83' lang='lat' dir='ltr'><strong>jusque</strong></span> <span class='ocrx_word' id='word_1_319' title='bbox 477 2725 555 2757; x_wconf 81' lang='lat' dir='ltr'>ideae</span> <span class='ocrx_word' id='word_1_320' title='bbox 574 2725 724 2766; x_wconf 85' lang='lat' dir='ltr'><strong>plurimas</strong></span> <span class='ocrx_word' id='word_1_321' title='bbox 740 2733 912 2765; x_wconf 81' lang='lat' dir='ltr'><strong>corporum</strong></span> <span class='ocrx_word' id='word_1_322' title='bbox 928 2724 989 2756; x_wconf 85' lang='lat' dir='ltr'>sub</span> <span class='ocrx_word' id='word_1_323' title='bbox 1008 2732 1121 2756; x_wconf 82' lang='lat' dir='ltr'><strong>sensus</strong></span> <span class='ocrx_word' id='word_1_324' title='bbox 1134 2723 1317 2756; x_wconf 77' lang='lat' dir='ltr'>cadentium</span> <span class='ocrx_word' id='word_1_325' title='bbox 1334 2733 1392 2755; x_wconf 91' lang='lat' dir='ltr'>na-</span> 
     </span>
     <span class='ocr_line' id='line_1_45' title="bbox 350 2781 1392 2823; baseline 0.001 -10"><span class='ocrx_word' id='word_1_326' title='bbox 350 2783 436 2814; x_wconf 86' lang='lat' dir='ltr'><strong>turas</strong></span> <span class='ocrx_word' id='word_1_327' title='bbox 449 2781 600 2814; x_wconf 82' lang='lat' dir='ltr'>exsistere</span> <span class='ocrx_word' id='word_1_328' title='bbox 610 2805 619 2821; x_wconf 97' lang='lat'><em>,</em></span> <span class='ocrx_word' id='word_1_329' title='bbox 636 2781 774 2813; x_wconf 87' lang='lat' dir='ltr'><strong>hominis</strong></span> <span class='ocrx_word' id='word_1_330' title='bbox 791 2781 919 2822; x_wconf 87' lang='lat' dir='ltr'><strong>quidem</strong></span> <span class='ocrx_word' id='word_1_331' title='bbox 935 2782 1079 2815; x_wconf 84' lang='lat' dir='ltr'><strong>homines</strong></span> <span class='ocrx_word' id='word_1_332' title='bbox 1092 2791 1215 2823; x_wconf 88' lang='lat' dir='ltr'><strong>omnes,</strong></span> <span class='ocrx_word' id='word_1_333' title='bbox 1229 2783 1302 2823; x_wconf 87' lang='lat' dir='ltr'><strong>equi</strong></span> <span class='ocrx_word' id='word_1_334' title='bbox 1319 2791 1392 2814; x_wconf 84' lang='lat' dir='ltr'><strong>vcro</strong></span> 
     </span>
     <span class='ocr_line' id='line_1_46' title="bbox 350 2840 1392 2881; baseline 0.002 -9"><span class='ocrx_word' id='word_1_335' title='bbox 350 2849 449 2881; x_wconf 79' lang='lat' dir='ltr'><strong>equos</strong></span> <span class='ocrx_word' id='word_1_336' title='bbox 465 2849 589 2879; x_wconf 91' lang='lat' dir='ltr'><strong>omnes,</strong></span> <span class='ocrx_word' id='word_1_337' title='bbox 601 2840 733 2881; x_wconf 86' lang='lat' dir='ltr'><strong>parique</strong></span> <span class='ocrx_word' id='word_1_338' title='bbox 748 2841 870 2873; x_wconf 77' lang='lat' dir='ltr'><strong>ratione</strong></span> <span class='ocrx_word' id='word_1_339' title='bbox 883 2841 916 2873; x_wconf 92' lang='lat' dir='ltr'>in</span> <span class='ocrx_word' id='word_1_340' title='bbox 935 2842 1048 2874; x_wconf 85' lang='lat' dir='ltr'><strong>ceteris</strong></span> <span class='ocrx_word' id='word_1_341' title='bbox 1062 2842 1158 2874; x_wconf 84' lang='lat' dir='ltr'><strong>rebus</strong></span> <span class='ocrx_word' id='word_1_342' title='bbox 1171 2844 1296 2875; x_wconf 73' lang='lat' dir='ltr'><strong>natura&gt;</strong></span> <span class='ocrx_word' id='word_1_343' title='bbox 1316 2851 1392 2874; x_wconf 78' lang='lat' dir='ltr'><strong>con-</strong></span> 
     </span>
     <span class='ocr_line' id='line_1_47' title="bbox 352 2900 1392 2941; baseline 0.001 -10"><span class='ocrx_word' id='word_1_344' title='bbox 352 2900 554 2933; x_wconf 86' lang='lat' dir='ltr'><strong>venientibus</strong></span> <span class='ocrx_word' id='word_1_345' title='bbox 564 2901 702 2932; x_wconf 84' lang='lat' dir='ltr'><strong>evenire.</strong></span> <span class='ocrx_word' id='word_1_346' title='bbox 714 2900 822 2932; x_wconf 88' lang='lat' dir='ltr'><strong>Ideam</strong></span> <span class='ocrx_word' id='word_1_347' title='bbox 835 2909 909 2932; x_wconf 86' lang='lat' dir='ltr'><strong>vero</strong></span> <span class='ocrx_word' id='word_1_348' title='bbox 922 2909 989 2933; x_wconf 80' lang='lat' dir='ltr'><strong>csse</strong></span> <span class='ocrx_word' id='word_1_349' title='bbox 996 2904 1143 2933; x_wconf 86' lang='lat' dir='ltr'><strong>naturam</strong></span> <span class='ocrx_word' id='word_1_350' title='bbox 1154 2903 1319 2941; x_wconf 74' lang='lat' dir='ltr'><strong>aeternam,</strong></span> <span class='ocrx_word' id='word_1_351' title='bbox 1331 2902 1392 2933; x_wconf 82' lang='lat' dir='ltr'><strong>sin·</strong></span> 
     </span>
     <span class='ocr_line' id='line_1_48' title="bbox 353 2958 1391 3001; baseline 0.004 -12"><span class='ocrx_word' id='word_1_352' title='bbox 353 2959 498 2999; x_wconf 84' lang='lat' dir='ltr'><strong>gularum</strong></span> <span class='ocrx_word' id='word_1_353' title='bbox 515 2966 623 2990; x_wconf 80' lang='lat' dir='ltr'><strong>rerum</strong></span> <span class='ocrx_word' id='word_1_354' title='bbox 637 2967 673 2989; x_wconf 86' lang='lat' dir='ltr'>ex</span> <span class='ocrx_word' id='word_1_355' title='bbox 698 2958 766 2998; x_wconf 78' lang='lat' dir='ltr'><strong>ipsa</strong></span> <span class='ocrx_word' id='word_1_356' title='bbox 779 2958 955 2990; x_wconf 69' lang='lat' dir='ltr'><strong>effictarum</strong></span> <span class='ocrx_word' id='word_1_357' title='bbox 982 2967 1112 2991; x_wconf 84' lang='lat' dir='ltr'><strong>causam</strong></span> <span class='ocrx_word' id='word_1_358' title='bbox 1134 2968 1171 2991; x_wconf 88' lang='lat' dir='ltr'><strong>ac</strong></span> <span class='ocrx_word' id='word_1_359' title='bbox 1189 2960 1391 3001; x_wconf 86' lang='lat' dir='ltr'><strong>principium.</strong></span> 
     </span>
     <span class='ocr_line' id='line_1_49' title="bbox 353 3015 1393 3060; baseline 0.003 -12"><span class='ocrx_word' id='word_1_360' title='bbox 353 3016 519 3055; x_wconf 86' lang='lat' dir='ltr'><strong>Quomodo</strong></span> <span class='ocrx_word' id='word_1_361' title='bbox 533 3015 627 3056; x_wconf 86' lang='lat' dir='ltr'><strong>igitur</strong></span> <span class='ocrx_word' id='word_1_362' title='bbox 642 3016 782 3056; x_wconf 77' lang='lat' dir='ltr'><strong>singulas</strong></span> <span class='ocrx_word' id='word_1_363' title='bbox 794 3016 880 3049; x_wconf 87' lang='lat' dir='ltr'><strong>ideas</strong></span> <span class='ocrx_word' id='word_1_364' title='bbox 894 3018 984 3058; x_wconf 81' lang='lat' dir='ltr'><strong>quasi</strong></span> <span class='ocrx_word' id='word_1_365' title='bbox 1000 3017 1210 3059; x_wconf 81' lang='lat' dir='ltr'><strong>praecursoria</strong></span> <span class='ocrx_word' id='word_1_366' title='bbox 1224 3027 1393 3060; x_wconf 80' lang='lat' dir='ltr'><strong>corporum</strong></span> 
     </span>
     <span class='ocr_line' id='line_1_50' title="bbox 352 3074 1396 3117; baseline 0.001 -10"><span class='ocrx_word' id='word_1_367' title='bbox 352 3083 463 3107; x_wconf 83' lang='lat' dir='ltr'><strong>sensus</strong></span> <span class='ocrx_word' id='word_1_368' title='bbox 476 3074 672 3106; x_wconf 86' lang='lat' dir='ltr'><strong>moventium</strong></span> <span class='ocrx_word' id='word_1_369' title='bbox 686 3074 881 3114; x_wconf 80' lang='lat' dir='ltr'><strong>exemplaria</strong></span> <span class='ocrx_word' id='word_1_370' title='bbox 891 3084 962 3107; x_wconf 87' lang='lat' dir='ltr'><strong>esse</strong></span> <span class='ocrx_word' id='word_1_371' title='bbox 976 3076 1142 3108; x_wconf 86' lang='lat' dir='ltr'><strong>convenit:</strong></span> <span class='ocrx_word' id='word_1_372' title='bbox 1160 3075 1205 3108; x_wconf 85' lang='lat' dir='ltr'>sic</span> <span class='ocrx_word' id='word_1_373' title='bbox 1221 3077 1396 3117; x_wconf 83' lang='lat' dir='ltr'><strong>pulcherri-</strong></span> 
     </span>
     <span class='ocr_line' id='line_1_51' title="bbox 353 3130 1396 3174; baseline 0 -8"><span class='ocrx_word' id='word_1_374' title='bbox 353 3142 438 3166; x_wconf 87' lang='lat' dir='ltr'>mam</span> <span class='ocrx_word' id='word_1_375' title='bbox 447 3132 533 3165; x_wconf 84' lang='lat' dir='ltr'><strong>illam</strong></span> <span class='ocrx_word' id='word_1_376' title='bbox 547 3137 578 3165; x_wconf 84' lang='lat' dir='ltr'>et</span> <span class='ocrx_word' id='word_1_377' title='bbox 590 3132 849 3174; x_wconf 76' lang='lat' dir='ltr'>perfectissimam</span> <span class='ocrx_word' id='word_1_378' title='bbox 864 3134 1022 3174; x_wconf 84' lang='lat' dir='ltr'><strong>naturam,</strong></span> <span class='ocrx_word' id='word_1_379' title='bbox 1035 3142 1108 3174; x_wconf 82' lang='lat' dir='ltr'>quoe</span> <span class='ocrx_word' id='word_1_380' title='bbox 1120 3130 1252 3166; x_wconf 78' lang='lat' dir='ltr'><strong>cune&#39;tas</strong></span> <span class='ocrx_word' id='word_1_381' title='bbox 1267 3137 1396 3167; x_wconf 86' lang='lat' dir='ltr'><strong>naturas</strong></span> 
     </span>
     <span class='ocr_line' id='line_1_52' title="bbox 353 3183 1396 3233; baseline 0.001 -9"><span class='ocrx_word' id='word_1_382' title='bbox 353 3200 411 3224; x_wconf 86' lang='lat' dir='ltr'>suo</span> <span class='ocrx_word' id='word_1_383' title='bbox 424 3192 495 3224; x_wconf 89' lang='lat' dir='ltr'><strong>sinu</strong></span> <span class='ocrx_word' id='word_1_384' title='bbox 505 3191 747 3232; x_wconf 78' lang='lat' dir='ltr'><strong>complectatur,</strong></span> <span class='ocrx_word' id='word_1_385' title='bbox 761 3190 855 3231; x_wconf 82' lang='lat' dir='ltr'><strong>hujus</strong></span> <span class='ocrx_word' id='word_1_386' title='bbox 868 3192 978 3223; x_wconf 88' lang='lat' dir='ltr'><strong>mundi</strong></span> <span class='ocrx_word' id='word_1_387' title='bbox 992 3201 1060 3223; x_wconf 80' lang='lat' dir='ltr'><strong>esse</strong></span> <span class='ocrx_word' id='word_1_388' title='bbox 1073 3193 1257 3232; x_wconf 80' lang='lat' dir='ltr'><strong>exemplum</strong></span> <span class='ocrx_word' id='word_1_389' title='bbox 1268 3204 1275 3232; x_wconf 92' lang='lat'>;</span> <span class='ocrx_word' id='word_1_390' title='bbox 1287 3183 1341 3233; x_wconf 84' lang='lat' dir='ltr'>qui</span> <span class='ocrx_word' id='word_1_391' title='bbox 1356 3193 1396 3225; x_wconf 83' lang='lat' dir='ltr'>ad</span> 
     </span>
     <span class='ocr_line' id='line_1_53' title="bbox 354 3248 1394 3290; baseline 0 -8"><span class='ocrx_word' id='word_1_392' title='bbox 354 3251 446 3283; x_wconf 83' lang='lat' dir='ltr'><strong>istius</strong></span> <span class='ocrx_word' id='word_1_393' title='bbox 466 3250 577 3282; x_wconf 78' lang='lat' dir='ltr'><strong>sormae</strong></span> <span class='ocrx_word' id='word_1_394' title='bbox 589 3248 828 3281; x_wconf 90' lang='lat' dir='ltr'><strong>similitudinem</strong></span> <span class='ocrx_word' id='word_1_395' title='bbox 846 3257 953 3281; x_wconf 88' lang='lat' dir='ltr'><strong>rerum</strong></span> <span class='ocrx_word' id='word_1_396' title='bbox 973 3249 1110 3288; x_wconf 79' lang='lat' dir='ltr'><strong>parentis</strong></span> <span class='ocrx_word' id='word_1_397' title='bbox 1125 3249 1175 3282; x_wconf 87' lang='lat' dir='ltr'>doi</span> <span class='ocrx_word' id='word_1_398' title='bbox 1195 3250 1394 3290; x_wconf 82' lang='lat' dir='ltr'><strong>providentia</strong></span> 
     </span>
     <span class='ocr_line' id='line_1_54' title="bbox 356 3306 1395 3343; baseline -0.001 -3"><span class='ocrx_word' id='word_1_399' title='bbox 356 3317 395 3340; x_wconf 83' lang='lat' dir='ltr'>ex</span> <span class='ocrx_word' id='word_1_400' title='bbox 415 3308 502 3340; x_wconf 88' lang='lat' dir='ltr'><strong>omni</strong></span> <span class='ocrx_word' id='word_1_401' title='bbox 520 3307 651 3340; x_wconf 86' lang='lat' dir='ltr'><strong>materia</strong></span> <span class='ocrx_word' id='word_1_402' title='bbox 669 3307 802 3339; x_wconf 77' lang='lat' dir='ltr'><strong>effectus</strong></span> <span class='ocrx_word' id='word_1_403' title='bbox 820 3306 873 3338; x_wconf 79' lang='lat' dir='ltr'><strong>sit.</strong></span> <span class='ocrx_word' id='word_1_404' title='bbox 919 3306 1076 3343; x_wconf 82' lang='lat' dir='ltr'>Quocirca</span> <span class='ocrx_word' id='word_1_405' title='bbox 1096 3307 1193 3338; x_wconf 85' lang='lat' dir='ltr'><strong>ctiam</strong></span> <span class='ocrx_word' id='word_1_406' title='bbox 1215 3307 1246 3338; x_wconf 88' lang='lat' dir='ltr'>in</span> <span class='ocrx_word' id='word_1_407' title='bbox 1271 3309 1395 3340; x_wconf 75' lang='lat' dir='ltr'><strong>Parme-</strong></span> 
     </span>
     <span class='ocr_line' id='line_1_55' title="bbox 358 3364 1397 3405; baseline -0.001 -7"><span class='ocrx_word' id='word_1_408' title='bbox 358 3367 432 3399; x_wconf 89' lang='lat' dir='ltr'><strong>nide</strong></span> <span class='ocrx_word' id='word_1_409' title='bbox 453 3367 499 3399; x_wconf 90' lang='lat' dir='ltr'>sic</span> <span class='ocrx_word' id='word_1_410' title='bbox 514 3366 558 3398; x_wconf 88' lang='lat' dir='ltr'>ait</span> <span class='ocrx_word' id='word_1_411' title='bbox 575 3379 584 3399; x_wconf 66' lang='grc' dir='ltr'>ι</span> <span class='ocrx_word' id='word_1_412' title='bbox 609 3379 626 3395; x_wconf 75' lang='grc' dir='ltr'>«ι</span> <span class='ocrx_word' id='word_1_413' title='bbox 644 3365 706 3399; x_wconf 86' lang='lat' dir='ltr'>Sed</span> <span class='ocrx_word' id='word_1_414' title='bbox 719 3389 728 3405; x_wconf 86' lang='lat'>‚</span> <span class='ocrx_word' id='word_1_415' title='bbox 743 3374 762 3397; x_wconf 94' lang='lat' dir='ltr'><strong>o</strong></span> <span class='ocrx_word' id='word_1_416' title='bbox 776 3364 999 3405; x_wconf 84' lang='lat' dir='ltr'><strong>Parmenides,</strong></span> <span class='ocrx_word' id='word_1_417' title='bbox 1020 3365 1063 3396; x_wconf 82' lang='lat' dir='ltr'>ila</span> <span class='ocrx_word' id='word_1_418' title='bbox 1090 3365 1230 3397; x_wconf 82' lang='lat' dir='ltr'><strong>maxime</strong></span> <span class='ocrx_word' id='word_1_419' title='bbox 1254 3366 1330 3397; x_wconf 77' lang='lat' dir='ltr'><strong>mihi</strong></span> <span class='ocrx_word' id='word_1_420' title='bbox 1349 3366 1397 3397; x_wconf 86' lang='lat' dir='ltr'>vi·</span> 
     </span>
     <span class='ocr_line' id='line_1_56' title="bbox 357 3424 1397 3466; baseline -0.001 -9"><span class='ocrx_word' id='word_1_421' title='bbox 357 3425 448 3457; x_wconf 85' lang='lat' dir='ltr'><strong>detur</strong></span> <span class='ocrx_word' id='word_1_422' title='bbox 463 3434 513 3457; x_wconf 87' lang='lat' dir='ltr'>res</span> <span class='ocrx_word' id='word_1_423' title='bbox 538 3434 572 3457; x_wconf 81' lang='lat' dir='ltr'>se</span> <span class='ocrx_word' id='word_1_424' title='bbox 587 3424 703 3457; x_wconf 89' lang='lat' dir='ltr'><strong>habere</strong></span> <span class='ocrx_word' id='word_1_425' title='bbox 715 3448 724 3464; x_wconf 91' lang='lat'><strong>‚</strong></span> <span class='ocrx_word' id='word_1_426' title='bbox 743 3424 800 3457; x_wconf 77' lang='lat' dir='ltr'><strong>hae</strong></span> <span class='ocrx_word' id='word_1_427' title='bbox 817 3424 947 3465; x_wconf 84' lang='lat' dir='ltr'><strong>quidem</strong></span> <span class='ocrx_word' id='word_1_428' title='bbox 964 3424 1085 3465; x_wconf 82' lang='lat' dir='ltr'><strong>species</strong></span> <span class='ocrx_word' id='word_1_429' title='bbox 1108 3426 1262 3466; x_wconf 81' lang='lat' dir='ltr'><strong>tanquam</strong></span> <span class='ocrx_word' id='word_1_430' title='bbox 1287 3434 1397 3458; x_wconf 82' lang='lat' dir='ltr'><strong>exem·</strong></span> 
     </span>
     <span class='ocr_line' id='line_1_57' title="bbox 357 3482 1392 3524; baseline 0 -10"><span class='ocrx_word' id='word_1_431' title='bbox 357 3483 455 3524; x_wconf 73' lang='lat' dir='ltr'><strong>plan-ia</strong></span> <span class='ocrx_word' id='word_1_432' title='bbox 478 3482 510 3515; x_wconf 90' lang='lat' dir='ltr'>in</span> <span class='ocrx_word' id='word_1_433' title='bbox 527 3491 632 3516; x_wconf 84' lang='lat' dir='ltr'><strong>rerum</strong></span> <span class='ocrx_word' id='word_1_434' title='bbox 651 3484 761 3515; x_wconf 82' lang='lat' dir='ltr'><strong>natura</strong></span> <span class='ocrx_word' id='word_1_435' title='bbox 786 3482 978 3522; x_wconf 80' lang='lat' dir='ltr'><strong>consistere,</strong></span> <span class='ocrx_word' id='word_1_436' title='bbox 1001 3484 1106 3515; x_wconf 82' lang='lat' dir='ltr'><strong>cetera</strong></span> <span class='ocrx_word' id='word_1_437' title='bbox 1132 3490 1206 3515; x_wconf 84' lang='lat' dir='ltr'><strong>vero</strong></span> <span class='ocrx_word' id='word_1_438' title='bbox 1223 3482 1262 3515; x_wconf 91' lang='lat' dir='ltr'>ad</span> <span class='ocrx_word' id='word_1_439' title='bbox 1284 3491 1392 3515; x_wconf 84' lang='lat' dir='ltr'><strong>earum</strong></span> 
     </span>
    </p>
   </div>
   <div class='ocr_carea' id='block_1_14' title="bbox 1194 2451 1408 2456">
    <p class='ocr_par' dir='ltr' id='par_1_15' title="bbox 1194 2451 1408 2456">
     <span class='ocr_line' id='line_1_58' title="bbox 1194 2451 1408 2456; baseline 0 0"><span class='ocrx_word' id='word_1_440' title='bbox 1194 2451 1408 2456; x_wconf 95' lang='lat' dir='ltr'> </span> 
     </span>
    </p>
   </div>
   <div class='ocr_carea' id='block_1_15' title="bbox 1564 549 2334 592">
    <p class='ocr_par' dir='ltr' id='par_1_16' title="bbox 1564 549 2334 592">
     <span class='ocr_line' id='line_1_59' title="bbox 1564 549 2334 592; baseline -0.001 0"><span class='ocrx_word' id='word_1_441' title='bbox 1564 551 1798 592; x_wconf 87' lang='grc' dir='ltr'>ΕΥΡΥΣΟΥ</span> <span class='ocrx_word' id='word_1_442' title='bbox 1829 551 1927 591; x_wconf 87' lang='grc' dir='ltr'>ΤΟΥ</span> <span class='ocrx_word' id='word_1_443' title='bbox 1956 549 2334 591; x_wconf 82' lang='grc' dir='ltr'><strong>ΠΥΘΑΓΟΡΕΙΟΥ.</strong></span> 
     </span>
    </p>
   </div>
   <div class='ocr_carea' id='block_1_16' title="bbox 1432 657 2505 2427">
    <p class='ocr_par' dir='ltr' id='par_1_17' title="bbox 1432 657 2478 900">
     <span class='ocr_line' id='line_1_60' title="bbox 1490 657 2477 717; baseline -0.008 -7"><span class='ocrx_word' id='word_1_444' title='bbox 1490 683 1518 709; x_wconf 89' lang='lat'>1.</span> <span class='ocrx_word' id='word_1_445' title='bbox 1549 671 1582 710; x_wconf 88' lang='lat' dir='ltr'>T</span> <span class='ocrx_word' id='word_1_446' title='bbox 1583 668 1603 709; x_wconf 81' lang='grc' dir='ltr'>ὸ</span> <span class='ocrx_word' id='word_1_447' title='bbox 1630 668 1667 708; x_wconf 81' lang='grc' dir='ltr'>δὲ</span> <span class='ocrx_word' id='word_1_448' title='bbox 1688 674 1815 713; x_wconf 81' lang='grc' dir='ltr'>σκᾶνος</span> <span class='ocrx_word' id='word_1_449' title='bbox 1833 673 1905 713; x_wconf 86' lang='grc' dir='ltr'>τοῖς</span> <span class='ocrx_word' id='word_1_450' title='bbox 1931 667 2066 711; x_wconf 86' lang='grc' dir='ltr'>λοιποῖς</span> <span class='ocrx_word' id='word_1_451' title='bbox 2095 664 2237 717; x_wconf 82' lang='grc' dir='ltr'>ὅμοιον,</span> <span class='ocrx_word' id='word_1_452' title='bbox 2255 657 2312 704; x_wconf 76' lang='grc' dir='ltr'>οἶα</span> <span class='ocrx_word' id='word_1_453' title='bbox 2338 663 2477 716; x_wconf 82' lang='grc' dir='ltr'>γεγονὸς</span> 
     </span>
     <span class='ocr_line' id='line_1_61' title="bbox 1434 722 2475 779; baseline -0.004 -12"><span class='ocrx_word' id='word_1_454' title='bbox 1434 730 1474 767; x_wconf 83' lang='grc' dir='ltr'>ἐκ</span> <span class='ocrx_word' id='word_1_455' title='bbox 1488 734 1550 774; x_wconf 81' lang='grc' dir='ltr'>τᾶς</span> <span class='ocrx_word' id='word_1_456' title='bbox 1566 729 1672 773; x_wconf 74' lang='grc' dir='ltr'>αὐτᾶς</span> <span class='ocrx_word' id='word_1_457' title='bbox 1696 727 1802 775; x_wconf 77' lang='grc' dir='ltr'>ὕλας,</span> <span class='ocrx_word' id='word_1_458' title='bbox 1822 726 1891 766; x_wconf 72' lang='grc' dir='ltr'>ὑπὸ</span> <span class='ocrx_word' id='word_1_459' title='bbox 1917 726 2061 779; x_wconf 87' lang='grc' dir='ltr'>τεχνίτα</span> <span class='ocrx_word' id='word_1_460' title='bbox 2089 724 2127 764; x_wconf 74' lang='grc' dir='ltr'>δὲ</span> <span class='ocrx_word' id='word_1_461' title='bbox 2145 722 2376 776; x_wconf 82' lang='grc' dir='ltr'>εἰργασμένον</span> <span class='ocrx_word' id='word_1_462' title='bbox 2398 722 2475 763; x_wconf 81' lang='grc' dir='ltr'>λώ-</span> 
     </span>
     <span class='ocr_line' id='line_1_62' title="bbox 1436 780 2478 840; baseline -0.006 -13"><span class='ocrx_word' id='word_1_463' title='bbox 1436 803 1509 827; x_wconf 86' lang='grc' dir='ltr'>στω</span> <span class='ocrx_word' id='word_1_464' title='bbox 1523 787 1553 836; x_wconf 83' lang='lat'>¹,</span> <span class='ocrx_word' id='word_1_465' title='bbox 1588 787 1624 833; x_wconf 87' lang='grc' dir='ltr'>ὃς</span> <span class='ocrx_word' id='word_1_466' title='bbox 1651 787 1886 840; x_wconf 78' lang='grc' dir='ltr'>ἕτεχνίτευσεν</span> <span class='ocrx_word' id='word_1_467' title='bbox 1918 786 2005 825; x_wconf 77' lang='grc' dir='ltr'>αὐτὸ</span> <span class='ocrx_word' id='word_1_468' title='bbox 2022 784 2040 809; x_wconf 76' lang='lat'>²</span> <span class='ocrx_word' id='word_1_469' title='bbox 2080 783 2268 837; x_wconf 80' lang='grc' dir='ltr'>ἀρχετύπῳ</span> <span class='ocrx_word' id='word_1_470' title='bbox 2297 780 2478 837; x_wconf 84' lang='grc' dir='ltr'>χρώμενος</span> 
     </span>
     <span class='ocr_line' id='line_1_63' title="bbox 1432 848 1561 900; baseline 0.008 -13"><span class='ocrx_word' id='word_1_471' title='bbox 1432 848 1561 900; x_wconf 77' lang='grc' dir='ltr'>ἑαυτῷ.</span> 
     </span>
    </p>

    <p class='ocr_par' dir='ltr' id='par_1_18' title="bbox 1436 899 2488 1547">
     <span class='ocr_line' id='line_1_64' title="bbox 1491 899 2481 959; baseline -0.007 -14"><span class='ocrx_word' id='word_1_472' title='bbox 1491 906 1689 959; x_wconf 81' lang='lat' dir='ltr'><strong>(Clemens</strong></span> <span class='ocrx_word' id='word_1_473' title='bbox 1708 903 1998 943; x_wconf 79' lang='lat' dir='ltr'><strong>Alexandrinus</strong></span> <span class='ocrx_word' id='word_1_474' title='bbox 2025 906 2171 942; x_wconf 83' lang='lat' dir='ltr'><strong>Strom.</strong></span> <span class='ocrx_word' id='word_1_475' title='bbox 2192 901 2264 942; x_wconf 89' lang='lat' dir='ltr'><strong>lib.</strong></span> <span class='ocrx_word' id='word_1_476' title='bbox 2283 899 2316 939; x_wconf 83' lang='lat' dir='ltr'>V</span> <span class='ocrx_word' id='word_1_477' title='bbox 2335 914 2376 952; x_wconf 87' lang='lat' dir='ltr'>p.</span> <span class='ocrx_word' id='word_1_478' title='bbox 2402 899 2481 951; x_wconf 81' lang='lat'>559</span> 
     </span>
     <span class='ocr_line' id='line_1_65' title="bbox 1436 959 2480 1017; baseline -0.008 -12"><span class='ocrx_word' id='word_1_479' title='bbox 1436 966 1498 1005; x_wconf 89' lang='lat' dir='ltr'>ed.</span> <span class='ocrx_word' id='word_1_480' title='bbox 1521 965 1725 1017; x_wconf 84' lang='lat' dir='ltr'><strong>Sylburg.:</strong></span> <span class='ocrx_word' id='word_1_481' title='bbox 1747 964 1804 1002; x_wconf 82' lang='grc' dir='ltr'>ναὶ</span> <span class='ocrx_word' id='word_1_482' title='bbox 1824 962 1892 1012; x_wconf 85' lang='grc' dir='ltr'>μὴν</span> <span class='ocrx_word' id='word_1_483' title='bbox 1912 962 2080 1013; x_wconf 82' lang='grc' dir='ltr'>λεγούσης</span> <span class='ocrx_word' id='word_1_484' title='bbox 2099 964 2163 1006; x_wconf 77' lang='grc' dir='ltr'>τῆς</span> <span class='ocrx_word' id='word_1_485' title='bbox 2180 962 2316 1014; x_wconf 75' lang='grc' dir='ltr'>γραφῆς</span> <span class='ocrx_word' id='word_1_486' title='bbox 2331 960 2353 1007; x_wconf 85' lang='grc'>,’</span> <span class='ocrx_word' id='word_1_487' title='bbox 2368 959 2480 1005; x_wconf 83' lang='grc' dir='ltr'>Ποιή-</span> 
     </span>
     <span class='ocr_line' id='line_1_66' title="bbox 1437 1017 2478 1077; baseline -0.008 -13"><span class='ocrx_word' id='word_1_488' title='bbox 1437 1041 1553 1077; x_wconf 86' lang='grc' dir='ltr'>σωμεν</span> <span class='ocrx_word' id='word_1_489' title='bbox 1575 1024 1754 1076; x_wconf 82' lang='grc' dir='ltr'>ἄνθρωπον</span> <span class='ocrx_word' id='word_1_490' title='bbox 1773 1023 1851 1062; x_wconf 87' lang='grc' dir='ltr'>κατ’</span> <span class='ocrx_word' id='word_1_491' title='bbox 1867 1021 1983 1061; x_wconf 81' lang='grc' dir='ltr'>εἰκόνα</span> <span class='ocrx_word' id='word_1_492' title='bbox 2005 1021 2065 1060; x_wconf 77' lang='grc' dir='ltr'>καὶ</span> <span class='ocrx_word' id='word_1_493' title='bbox 2084 1019 2251 1072; x_wconf 83' lang='grc' dir='ltr'>ὁμοίωσιν</span> <span class='ocrx_word' id='word_1_494' title='bbox 2275 1017 2451 1071; x_wconf 79' lang='grc' dir='ltr'>ἡμετέραν</span> <span class='ocrx_word' id='word_1_495' title='bbox 2466 1049 2478 1068; x_wconf 86' lang='grc'><strong>,</strong></span> 
     </span>
     <span class='ocr_line' id='line_1_67' title="bbox 1438 1076 2484 1135; baseline -0.008 -12"><span class='ocrx_word' id='word_1_496' title='bbox 1438 1083 1529 1129; x_wconf 78' lang='grc' dir='ltr'>ἄξιον</span> <span class='ocrx_word' id='word_1_497' title='bbox 1555 1085 1711 1135; x_wconf 77' lang='grc' dir='ltr'>ἡγοῦμαι</span> <span class='ocrx_word' id='word_1_498' title='bbox 1727 1081 1787 1120; x_wconf 82' lang='grc' dir='ltr'>καὶ</span> <span class='ocrx_word' id='word_1_499' title='bbox 1806 1078 1870 1127; x_wconf 84' lang='grc' dir='ltr'>τὴν</span> <span class='ocrx_word' id='word_1_500' title='bbox 1896 1079 2057 1132; x_wconf 81' lang='grc' dir='ltr'>Εὗρύσου</span> <span class='ocrx_word' id='word_1_501' title='bbox 2071 1082 2130 1117; x_wconf 81' lang='grc' dir='ltr'>τοῦ</span> <span class='ocrx_word' id='word_1_502' title='bbox 2153 1076 2391 1130; x_wconf 81' lang='grc' dir='ltr'>Πυθαγορείου</span> <span class='ocrx_word' id='word_1_503' title='bbox 2410 1091 2484 1116; x_wconf 81' lang='grc' dir='ltr'>πα-</span> 
     </span>
     <span class='ocr_line' id='line_1_68' title="bbox 1441 1134 2486 1197; baseline -0.009 -15"><span class='ocrx_word' id='word_1_504' title='bbox 1441 1142 1605 1197; x_wconf 83' lang='grc' dir='ltr'>ραθέσθαι</span> <span class='ocrx_word' id='word_1_505' title='bbox 1621 1140 1737 1195; x_wconf 80' lang='grc' dir='ltr'>φωνήν</span> <span class='ocrx_word' id='word_1_506' title='bbox 1752 1170 1762 1188; x_wconf 90' lang='grc'><em>,</em></span> <span class='ocrx_word' id='word_1_507' title='bbox 1779 1139 1887 1184; x_wconf 74' lang='grc' dir='ltr'>οὕτως</span> <span class='ocrx_word' id='word_1_508' title='bbox 1906 1138 2071 1191; x_wconf 84' lang='grc' dir='ltr'>ἔχουσαν·</span> <span class='ocrx_word' id='word_1_509' title='bbox 2088 1138 2124 1182; x_wconf 84' lang='grc' dir='ltr'>ὃς</span> <span class='ocrx_word' id='word_1_510' title='bbox 2140 1140 2175 1178; x_wconf 80' lang='grc' dir='ltr'>ἐν</span> <span class='ocrx_word' id='word_1_511' title='bbox 2195 1140 2246 1190; x_wconf 80' lang='grc' dir='ltr'>τῷ</span> <span class='ocrx_word' id='word_1_512' title='bbox 2265 1135 2357 1189; x_wconf 78' lang='grc' dir='ltr'>Περὶ</span> <span class='ocrx_word' id='word_1_513' title='bbox 2374 1134 2486 1189; x_wconf 87' lang='grc' dir='ltr'>τύχας</span> 
     </span>
     <span class='ocr_line' id='line_1_69' title="bbox 1440 1193 2486 1252; baseline -0.007 -12"><span class='ocrx_word' id='word_1_514' title='bbox 1440 1201 1497 1241; x_wconf 82' lang='grc' dir='ltr'>τὸν</span> <span class='ocrx_word' id='word_1_515' title='bbox 1521 1199 1730 1252; x_wconf 84' lang='grc' dir='ltr'>δημιουργὸν</span> <span class='ocrx_word' id='word_1_516' title='bbox 1760 1198 1874 1252; x_wconf 75' lang='grc' dir='ltr'>φήσας</span> <span class='ocrx_word' id='word_1_517' title='bbox 1899 1199 1995 1251; x_wconf 72' lang='grc' dir='ltr'>αὑτῷ</span> <span class='ocrx_word' id='word_1_518' title='bbox 2023 1195 2205 1250; x_wconf 83' lang='grc' dir='ltr'>χρώμενον</span> <span class='ocrx_word' id='word_1_519' title='bbox 2224 1193 2486 1248; x_wconf 85' lang='grc' dir='ltr'>παραδείγματι</span> 
     </span>
     <span class='ocr_line' id='line_1_70' title="bbox 1439 1253 2481 1311; baseline -0.003 -13"><span class='ocrx_word' id='word_1_520' title='bbox 1439 1262 1586 1307; x_wconf 74' lang='grc' dir='ltr'>ποιῆσαι</span> <span class='ocrx_word' id='word_1_521' title='bbox 1608 1257 1665 1297; x_wconf 83' lang='grc' dir='ltr'>τὸν</span> <span class='ocrx_word' id='word_1_522' title='bbox 1688 1257 1890 1311; x_wconf 89' lang='grc' dir='ltr'>ἄνθρωπον,</span> <span class='ocrx_word' id='word_1_523' title='bbox 1908 1257 2099 1308; x_wconf 85' lang='grc' dir='ltr'>ἐπήγαγεν·</span> <span class='ocrx_word' id='word_1_524' title='bbox 2135 1253 2188 1295; x_wconf 74' lang='grc' dir='ltr'>Τὸ</span> <span class='ocrx_word' id='word_1_525' title='bbox 2204 1254 2242 1294; x_wconf 80' lang='grc' dir='ltr'>δὲ</span> <span class='ocrx_word' id='word_1_526' title='bbox 2261 1259 2386 1298; x_wconf 74' lang='grc' dir='ltr'>σκᾶνος</span> <span class='ocrx_word' id='word_1_527' title='bbox 2403 1254 2481 1295; x_wconf 72' lang='grc' dir='ltr'>κτλ.</span> 
     </span>
     <span class='ocr_line' id='line_1_71' title="bbox 1442 1312 2487 1371; baseline -0.007 -12"><span class='ocrx_word' id='word_1_528' title='bbox 1442 1319 1613 1371; x_wconf 85' lang='lat' dir='ltr'><strong>Reposui</strong></span> <span class='ocrx_word' id='word_1_529' title='bbox 1644 1333 1652 1356; x_wconf 75' lang='grc' dir='ltr'>ε</span> <span class='ocrx_word' id='word_1_530' title='bbox 1685 1317 1694 1340; x_wconf 83' lang='lat'>¹</span> <span class='ocrx_word' id='word_1_531' title='bbox 1737 1317 1802 1356; x_wconf 77' lang='grc' dir='ltr'>ὑπὸ</span> <span class='ocrx_word' id='word_1_532' title='bbox 1840 1316 1982 1370; x_wconf 86' lang='grc' dir='ltr'>τεχνίτα</span> <span class='ocrx_word' id='word_1_533' title='bbox 2016 1315 2052 1354; x_wconf 86' lang='grc' dir='ltr'>δὲ</span> <span class='ocrx_word' id='word_1_534' title='bbox 2086 1313 2315 1369; x_wconf 83' lang='grc' dir='ltr'>εἰργασμένον</span> <span class='ocrx_word' id='word_1_535' title='bbox 2342 1312 2487 1369; x_wconf 78' lang='grc' dir='ltr'>λώοτω,</span> 
     </span>
     <span class='ocr_line' id='line_1_72' title="bbox 1444 1373 2488 1429; baseline -0.006 -11"><span class='ocrx_word' id='word_1_536' title='bbox 1444 1379 1559 1419; x_wconf 88' lang='lat' dir='ltr'><strong>codd.</strong></span> <span class='ocrx_word' id='word_1_537' title='bbox 1581 1377 1648 1416; x_wconf 74' lang='grc' dir='ltr'>ὕπὸ</span> <span class='ocrx_word' id='word_1_538' title='bbox 1668 1377 1807 1429; x_wconf 78' lang='grc' dir='ltr'>τεχνίτᾳ</span> <span class='ocrx_word' id='word_1_539' title='bbox 1833 1376 1869 1415; x_wconf 82' lang='grc' dir='ltr'>δὲ</span> <span class='ocrx_word' id='word_1_540' title='bbox 1903 1375 2129 1429; x_wconf 79' lang='grc' dir='ltr'>εἰργασμένον</span> <span class='ocrx_word' id='word_1_541' title='bbox 2160 1373 2287 1427; x_wconf 78' lang='grc' dir='ltr'>λώστῳ</span> <span class='ocrx_word' id='word_1_542' title='bbox 2318 1373 2426 1426; x_wconf 87' lang='lat' dir='ltr'><strong>quod</strong></span> <span class='ocrx_word' id='word_1_543' title='bbox 2445 1373 2488 1412; x_wconf 86' lang='lat' dir='ltr'><strong>in</strong></span> 
     </span>
     <span class='ocr_line' id='line_1_73' title="bbox 1441 1431 2488 1482; baseline -0.005 -6"><span class='ocrx_word' id='word_1_544' title='bbox 1441 1438 1568 1477; x_wconf 84' lang='lat' dir='ltr'><strong>soluta</strong></span> <span class='ocrx_word' id='word_1_545' title='bbox 1595 1437 1770 1475; x_wconf 78' lang='lat' dir='ltr'><strong>oratione</strong></span> <span class='ocrx_word' id='word_1_546' title='bbox 1789 1449 1869 1474; x_wconf 90' lang='lat' dir='ltr'>non</span> <span class='ocrx_word' id='word_1_547' title='bbox 1902 1435 2118 1475; x_wconf 84' lang='lat' dir='ltr'><strong>ferendum.</strong></span> <span class='ocrx_word' id='word_1_548' title='bbox 2149 1431 2237 1464; x_wconf 80' lang='lat'>-¹</span> <span class='ocrx_word' id='word_1_549' title='bbox 2253 1431 2364 1482; x_wconf 67' lang='grc' dir='ltr'>αὐτὸς</span> <span class='ocrx_word' id='word_1_550' title='bbox 2390 1431 2488 1472; x_wconf 73' lang='lat' dir='ltr'><strong>libri</strong></span> 
     </span>
     <span class='ocr_line' id='line_1_74' title="bbox 1443 1495 1577 1547; baseline 0.015 -13"><span class='ocrx_word' id='word_1_551' title='bbox 1443 1495 1577 1547; x_wconf 77' lang='grc' dir='ltr'>αὐτὸν.)</span> 
     </span>
    </p>

    <p class='ocr_par' dir='ltr' id='par_1_19' title="bbox 1442 1549 2505 2427">
     <span class='ocr_line' id='line_1_75' title="bbox 1494 1549 2487 1606; baseline -0.005 -12"><span class='ocrx_word' id='word_1_552' title='bbox 1494 1568 1524 1594; x_wconf 81' lang='lat'>2.</span> <span class='ocrx_word' id='word_1_553' title='bbox 1558 1554 1663 1594; x_wconf 81' lang='grc' dir='ltr'>Δοκεῖ</span> <span class='ocrx_word' id='word_1_554' title='bbox 1697 1553 1733 1592; x_wconf 83' lang='grc' dir='ltr'>δέ</span> <span class='ocrx_word' id='word_1_555' title='bbox 1759 1569 1818 1603; x_wconf 92' lang='grc' dir='ltr'>μοι</span> <span class='ocrx_word' id='word_1_556' title='bbox 1844 1552 1937 1606; x_wconf 89' lang='grc' dir='ltr'>τύχα</span> <span class='ocrx_word' id='word_1_557' title='bbox 1963 1551 2024 1591; x_wconf 74' lang='grc' dir='ltr'>καὶ</span> <span class='ocrx_word' id='word_1_558' title='bbox 2042 1551 2082 1591; x_wconf 83' lang='grc' dir='ltr'>τὸ</span> <span class='ocrx_word' id='word_1_559' title='bbox 2107 1551 2176 1591; x_wconf 79' lang='grc' dir='ltr'>ἀπὸ</span> <span class='ocrx_word' id='word_1_560' title='bbox 2203 1557 2266 1597; x_wconf 79' lang='grc' dir='ltr'>τᾶς</span> <span class='ocrx_word' id='word_1_561' title='bbox 2293 1549 2402 1604; x_wconf 81' lang='grc' dir='ltr'>τύχας</span> <span class='ocrx_word' id='word_1_562' title='bbox 2431 1564 2487 1601; x_wconf 85' lang='grc' dir='ltr'>γι-</span> 
     </span>
     <span class='ocr_line' id='line_1_76' title="bbox 1442 1607 2490 1664; baseline -0.005 -12"><span class='ocrx_word' id='word_1_563' title='bbox 1442 1612 1584 1664; x_wconf 86' lang='grc' dir='ltr'>νόμενον</span> <span class='ocrx_word' id='word_1_564' title='bbox 1622 1618 1690 1650; x_wconf 78' lang='grc' dir='ltr'>πᾶν</span> <span class='ocrx_word' id='word_1_565' title='bbox 1723 1614 1789 1664; x_wconf 85' lang='grc' dir='ltr'>οὐχ</span> <span class='ocrx_word' id='word_1_566' title='bbox 1819 1614 1866 1657; x_wconf 83' lang='grc' dir='ltr'>ὡς</span> <span class='ocrx_word' id='word_1_567' title='bbox 1905 1610 1972 1650; x_wconf 78' lang='grc' dir='ltr'>ὑπό</span> <span class='ocrx_word' id='word_1_568' title='bbox 2007 1626 2097 1655; x_wconf 87' lang='grc' dir='ltr'>τινος</span> <span class='ocrx_word' id='word_1_569' title='bbox 2131 1609 2244 1654; x_wconf 79' lang='grc' dir='ltr'>αἰτίας</span> <span class='ocrx_word' id='word_1_570' title='bbox 2280 1607 2490 1664; x_wconf 80' lang='grc' dir='ltr'>ἀφωρισμέ-</span> 
     </span>
     <span class='ocr_line' id='line_1_77' title="bbox 1443 1669 2490 1722; baseline -0.002 -13"><span class='ocrx_word' id='word_1_571' title='bbox 1443 1686 1502 1715; x_wconf 90' lang='grc' dir='ltr'>νας</span> <span class='ocrx_word' id='word_1_572' title='bbox 1539 1670 1600 1710; x_wconf 78' lang='grc' dir='ltr'>καὶ</span> <span class='ocrx_word' id='word_1_573' title='bbox 1636 1672 1682 1714; x_wconf 80' lang='grc' dir='ltr'>ὡς</span> <span class='ocrx_word' id='word_1_574' title='bbox 1719 1669 1951 1721; x_wconf 77' lang='grc' dir='ltr'>ὑποκειμένας</span> <span class='ocrx_word' id='word_1_575' title='bbox 1993 1669 2167 1722; x_wconf 87' lang='grc' dir='ltr'>γίνεσθαι,</span> <span class='ocrx_word' id='word_1_576' title='bbox 2207 1669 2286 1708; x_wconf 78' lang='grc' dir='ltr'>ἀλλ’</span> <span class='ocrx_word' id='word_1_577' title='bbox 2325 1670 2372 1713; x_wconf 80' lang='grc' dir='ltr'>ὥς</span> <span class='ocrx_word' id='word_1_578' title='bbox 2409 1670 2490 1708; x_wconf 81' lang='grc' dir='ltr'>ἐπι·</span> 
     </span>
     <span class='ocr_line' id='line_1_78' title="bbox 1443 1727 2485 1782; baseline 0.001 -14"><span class='ocrx_word' id='word_1_579' title='bbox 1443 1729 1633 1780; x_wconf 74' lang='grc' dir='ltr'>συμὸαῖνον</span> <span class='ocrx_word' id='word_1_580' title='bbox 1656 1729 1716 1767; x_wconf 80' lang='grc' dir='ltr'>καὶ</span> <span class='ocrx_word' id='word_1_581' title='bbox 1735 1729 2045 1779; x_wconf 87' lang='grc' dir='ltr'>ἐπισυνιστάμενον</span> <span class='ocrx_word' id='word_1_582' title='bbox 2065 1728 2206 1782; x_wconf 85' lang='grc' dir='ltr'>ἁτέραις</span> <span class='ocrx_word' id='word_1_583' title='bbox 2227 1728 2317 1768; x_wconf 76' lang='grc' dir='ltr'>τισὶν</span> <span class='ocrx_word' id='word_1_584' title='bbox 2343 1727 2485 1772; x_wconf 80' lang='grc' dir='ltr'>αἰτίαις.</span> 
     </span>
     <span class='ocr_line' id='line_1_79' title="bbox 1443 1780 2491 1840; baseline -0.001 -13"><span class='ocrx_word' id='word_1_585' title='bbox 1443 1786 1478 1827; x_wconf 83' lang='grc' dir='ltr'><strong>Ἄ</strong></span> <span class='ocrx_word' id='word_1_586' title='bbox 1500 1787 1592 1840; x_wconf 90' lang='grc' dir='ltr'>τύχα</span> <span class='ocrx_word' id='word_1_587' title='bbox 1621 1780 1670 1827; x_wconf 72' lang='grc' dir='ltr'>ῶν</span> <span class='ocrx_word' id='word_1_588' title='bbox 1688 1788 1748 1826; x_wconf 85' lang='grc' dir='ltr'>καὶ</span> <span class='ocrx_word' id='word_1_589' title='bbox 1775 1788 1816 1827; x_wconf 84' lang='grc' dir='ltr'>τὸ</span> <span class='ocrx_word' id='word_1_590' title='bbox 1837 1787 1908 1826; x_wconf 81' lang='grc' dir='ltr'>ἀπὸ</span> <span class='ocrx_word' id='word_1_591' title='bbox 1937 1788 2046 1840; x_wconf 86' lang='grc' dir='ltr'>τύχας</span> <span class='ocrx_word' id='word_1_592' title='bbox 2068 1787 2245 1837; x_wconf 87' lang='grc' dir='ltr'>γινόμενον</span> <span class='ocrx_word' id='word_1_593' title='bbox 2270 1786 2341 1826; x_wconf 84' lang='grc' dir='ltr'>οὔθ’</span> <span class='ocrx_word' id='word_1_594' title='bbox 2361 1788 2410 1832; x_wconf 81' lang='grc' dir='ltr'>ὣς</span> <span class='ocrx_word' id='word_1_595' title='bbox 2427 1785 2491 1840; x_wconf 79' lang='grc' dir='ltr'>φύ-</span> 
     </span>
     <span class='ocr_line' id='line_1_80' title="bbox 1446 1843 2492 1898; baseline 0.001 -15"><span class='ocrx_word' id='word_1_596' title='bbox 1446 1859 1500 1889; x_wconf 87' lang='grc' dir='ltr'>σις</span> <span class='ocrx_word' id='word_1_597' title='bbox 1525 1844 1594 1882; x_wconf 80' lang='grc' dir='ltr'>ἐντὶ</span> <span class='ocrx_word' id='word_1_598' title='bbox 1626 1844 1693 1883; x_wconf 83' lang='grc' dir='ltr'>ὑπὸ</span> <span class='ocrx_word' id='word_1_599' title='bbox 1721 1844 1839 1898; x_wconf 80' lang='grc' dir='ltr'>φύσιός</span> <span class='ocrx_word' id='word_1_600' title='bbox 1870 1861 1906 1884; x_wconf 86' lang='grc' dir='ltr'>τε</span> <span class='ocrx_word' id='word_1_601' title='bbox 1930 1845 2110 1897; x_wconf 89' lang='grc' dir='ltr'>γινόμενον</span> <span class='ocrx_word' id='word_1_602' title='bbox 2139 1843 2210 1883; x_wconf 83' lang='grc' dir='ltr'>οὗθ’</span> <span class='ocrx_word' id='word_1_603' title='bbox 2237 1846 2284 1889; x_wconf 82' lang='grc' dir='ltr'>ὥς</span> <span class='ocrx_word' id='word_1_604' title='bbox 2303 1843 2413 1898; x_wconf 76' lang='grc' dir='ltr'>τέχνα</span> <span class='ocrx_word' id='word_1_605' title='bbox 2431 1844 2492 1884; x_wconf 84' lang='grc' dir='ltr'>καὶ</span> 
     </span>
     <span class='ocr_line' id='line_1_81' title="bbox 1447 1902 2493 1957; baseline 0.001 -15"><span class='ocrx_word' id='word_1_606' title='bbox 1447 1903 1610 1956; x_wconf 79' lang='grc' dir='ltr'>φρόνασίς</span> <span class='ocrx_word' id='word_1_607' title='bbox 1647 1919 1697 1948; x_wconf 84' lang='grc' dir='ltr'>τις</span> <span class='ocrx_word' id='word_1_608' title='bbox 1737 1904 1935 1957; x_wconf 87' lang='grc' dir='ltr'>ἀνθρωπίνα</span> <span class='ocrx_word' id='word_1_609' title='bbox 1985 1903 2045 1942; x_wconf 71' lang='grc' dir='ltr'>καὶ</span> <span class='ocrx_word' id='word_1_610' title='bbox 2081 1903 2157 1942; x_wconf 85' lang='grc' dir='ltr'>θεία</span> <span class='ocrx_word' id='word_1_611' title='bbox 2172 1933 2184 1952; x_wconf 86' lang='grc'>,</span> <span class='ocrx_word' id='word_1_612' title='bbox 2214 1902 2306 1942; x_wconf 72' lang='grc' dir='ltr'>ἀλλὰ</span> <span class='ocrx_word' id='word_1_613' title='bbox 2342 1905 2384 1943; x_wconf 87' lang='grc' dir='ltr'>τὸ</span> <span class='ocrx_word' id='word_1_614' title='bbox 2414 1905 2493 1943; x_wconf 73' lang='grc' dir='ltr'>ἐπι-</span> 
     </span>
     <span class='ocr_line' id='line_1_82' title="bbox 1448 1962 2490 2015; baseline 0 -13"><span class='ocrx_word' id='word_1_615' title='bbox 1448 1963 1640 2014; x_wconf 74' lang='grc' dir='ltr'>συμὸαἲνον</span> <span class='ocrx_word' id='word_1_616' title='bbox 1670 1964 1879 2015; x_wconf 88' lang='grc' dir='ltr'>παραλόγως</span> <span class='ocrx_word' id='word_1_617' title='bbox 1911 1979 1950 2002; x_wconf 89' lang='grc' dir='ltr'>τε</span> <span class='ocrx_word' id='word_1_618' title='bbox 1969 1963 2028 2001; x_wconf 80' lang='grc' dir='ltr'>καὶ</span> <span class='ocrx_word' id='word_1_619' title='bbox 2052 1962 2318 2015; x_wconf 87' lang='grc' dir='ltr'>ἀπροαισθήτως</span> <span class='ocrx_word' id='word_1_620' title='bbox 2345 1962 2490 2008; x_wconf 82' lang='grc' dir='ltr'>τούτοις.</span> 
     </span>
     <span class='ocr_line' id='line_1_83' title="bbox 1448 2020 2496 2075; baseline -0.001 -14"><span class='ocrx_word' id='word_1_621' title='bbox 1448 2021 1552 2062; x_wconf 83' lang='grc' dir='ltr'>Ἐπεὶ</span> <span class='ocrx_word' id='word_1_622' title='bbox 1583 2022 1650 2075; x_wconf 82' lang='grc' dir='ltr'>γὰρ</span> <span class='ocrx_word' id='word_1_623' title='bbox 1683 2020 1743 2060; x_wconf 86' lang='grc' dir='ltr'>δύο</span> <span class='ocrx_word' id='word_1_624' title='bbox 1763 2021 1881 2075; x_wconf 78' lang='grc' dir='ltr'>φύσιες</span> <span class='ocrx_word' id='word_1_625' title='bbox 1901 2022 1935 2059; x_wconf 85' lang='grc' dir='ltr'>ἐν</span> <span class='ocrx_word' id='word_1_626' title='bbox 1957 2024 2007 2074; x_wconf 76' lang='grc' dir='ltr'>τῷ</span> <span class='ocrx_word' id='word_1_627' title='bbox 2031 2020 2102 2074; x_wconf 77' lang='grc' dir='ltr'>ὅλῳ</span> <span class='ocrx_word' id='word_1_628' title='bbox 2122 2022 2211 2074; x_wconf 82' lang='grc' dir='ltr'>τῷδε</span> <span class='ocrx_word' id='word_1_629' title='bbox 2237 2021 2300 2061; x_wconf 82' lang='grc' dir='ltr'>καὶ</span> <span class='ocrx_word' id='word_1_630' title='bbox 2317 2023 2368 2074; x_wconf 77' lang='grc' dir='ltr'>τῷ</span> <span class='ocrx_word' id='word_1_631' title='bbox 2387 2021 2496 2062; x_wconf 80' lang='grc' dir='ltr'>παντὶ</span> 
     </span>
     <span class='ocr_line' id='line_1_84' title="bbox 1447 2079 2491 2133; baseline -0.002 -13"><span class='ocrx_word' id='word_1_632' title='bbox 1447 2079 1675 2133; x_wconf 82' lang='grc' dir='ltr'>ἐνυπάρχοντι</span> <span class='ocrx_word' id='word_1_633' title='bbox 1705 2080 1856 2118; x_wconf 83' lang='grc' dir='ltr'>ἐναντίαι</span> <span class='ocrx_word' id='word_1_634' title='bbox 1887 2079 2080 2128; x_wconf 80' lang='grc' dir='ltr'>ἀλλάλαις,</span> <span class='ocrx_word' id='word_1_635' title='bbox 2101 2080 2161 2118; x_wconf 84' lang='grc' dir='ltr'>καὶ</span> <span class='ocrx_word' id='word_1_636' title='bbox 2189 2085 2320 2119; x_wconf 73' lang='grc' dir='ltr'>ταυτᾶν</span> <span class='ocrx_word' id='word_1_637' title='bbox 2335 2079 2347 2103; x_wconf 81' lang='lat'>¹</span> <span class='ocrx_word' id='word_1_638' title='bbox 2369 2079 2393 2118; x_wconf 79' lang='grc' dir='ltr'><strong><em>ἃ</em></strong></span> <span class='ocrx_word' id='word_1_639' title='bbox 2425 2081 2491 2131; x_wconf 77' lang='grc' dir='ltr'>μέν</span> 
     </span>
     <span class='ocr_line' id='line_1_85' title="bbox 1451 2136 2497 2191; baseline -0.001 -14"><span class='ocrx_word' id='word_1_640' title='bbox 1451 2141 1521 2177; x_wconf 86' lang='grc' dir='ltr'>ἐντι</span> <span class='ocrx_word' id='word_1_641' title='bbox 1557 2138 1646 2191; x_wconf 81' lang='grc' dir='ltr'>ῥητὰ</span> <span class='ocrx_word' id='word_1_642' title='bbox 1673 2138 1736 2190; x_wconf 80' lang='grc' dir='ltr'>καὶ</span> <span class='ocrx_word' id='word_1_643' title='bbox 1758 2136 1955 2190; x_wconf 85' lang='grc' dir='ltr'>τεταγμένα</span> <span class='ocrx_word' id='word_1_644' title='bbox 1987 2137 2048 2176; x_wconf 75' lang='grc' dir='ltr'>καὶ</span> <span class='ocrx_word' id='word_1_645' title='bbox 2087 2136 2188 2190; x_wconf 92' lang='grc' dir='ltr'>λόγον</span> <span class='ocrx_word' id='word_1_646' title='bbox 2216 2137 2378 2190; x_wconf 69' lang='grc' dir='ltr'>ἔχουσα2</span> <span class='ocrx_word' id='word_1_647' title='bbox 2413 2137 2497 2176; x_wconf 74' lang='grc' dir='ltr'>ποτὶ</span> 
     </span>
     <span class='ocr_line' id='line_1_86' title="bbox 1449 2196 2496 2253; baseline -0.004 -14"><span class='ocrx_word' id='word_1_648' title='bbox 1449 2200 1564 2239; x_wconf 87' lang='grc' dir='ltr'>πάντα</span> <span class='ocrx_word' id='word_1_649' title='bbox 1582 2229 1592 2249; x_wconf 88' lang='lat'>,</span> <span class='ocrx_word' id='word_1_650' title='bbox 1611 2199 1634 2236; x_wconf 81' lang='grc' dir='ltr'>ἇ</span> <span class='ocrx_word' id='word_1_651' title='bbox 1660 2198 1688 2237; x_wconf 86' lang='grc' dir='ltr'>δ’</span> <span class='ocrx_word' id='word_1_652' title='bbox 1710 2198 1856 2253; x_wconf 80' lang='grc' dir='ltr'>ἅῤῥητος</span> <span class='ocrx_word' id='word_1_653' title='bbox 1872 2198 1931 2237; x_wconf 83' lang='grc' dir='ltr'>καὶ</span> <span class='ocrx_word' id='word_1_654' title='bbox 1953 2197 2102 2241; x_wconf 80' lang='grc' dir='ltr'>ἄτακτος</span> <span class='ocrx_word' id='word_1_655' title='bbox 2126 2196 2188 2236; x_wconf 79' lang='grc' dir='ltr'>καὶ</span> <span class='ocrx_word' id='word_1_656' title='bbox 2209 2197 2335 2249; x_wconf 88' lang='grc' dir='ltr'>ἄλογος</span> <span class='ocrx_word' id='word_1_657' title='bbox 2353 2196 2414 2236; x_wconf 77' lang='grc' dir='ltr'>καὶ</span> <span class='ocrx_word' id='word_1_658' title='bbox 2434 2198 2496 2236; x_wconf 82' lang='grc' dir='ltr'>οὖ-</span> 
     </span>
     <span class='ocr_line' id='line_1_87' title="bbox 1454 2254 2505 2310; baseline -0.004 -13"><span class='ocrx_word' id='word_1_659' title='bbox 1454 2258 1576 2309; x_wconf 80' lang='grc' dir='ltr'>δεμίαν</span> <span class='ocrx_word' id='word_1_660' title='bbox 1598 2257 1757 2302; x_wconf 80' lang='grc' dir='ltr'>σύνταξιν</span> <span class='ocrx_word' id='word_1_661' title='bbox 1783 2257 1934 2310; x_wconf 82' lang='grc' dir='ltr'>ἔχουσα,</span> <span class='ocrx_word' id='word_1_662' title='bbox 1973 2255 2180 2295; x_wconf 86' lang='grc' dir='ltr'>αὖταυτόθεν</span> <span class='ocrx_word' id='word_1_663' title='bbox 2210 2255 2356 2308; x_wconf 75' lang='grc' dir='ltr'>φανερὸν</span> <span class='ocrx_word' id='word_1_664' title='bbox 2374 2255 2432 2295; x_wconf 80' lang='grc' dir='ltr'>ὅτι</span> <span class='ocrx_word' id='word_1_665' title='bbox 2454 2254 2505 2294; x_wconf 66' lang='grc' dir='ltr'>τὸ</span> 
     </span>
     <span class='ocr_line' id='line_1_88' title="bbox 1451 2313 2497 2370; baseline -0.005 -13"><span class='ocrx_word' id='word_1_666' title='bbox 1451 2317 1514 2369; x_wconf 84' lang='grc' dir='ltr'>μὲν</span> <span class='ocrx_word' id='word_1_667' title='bbox 1550 2317 1619 2356; x_wconf 81' lang='grc' dir='ltr'>ἀπὸ</span> <span class='ocrx_word' id='word_1_668' title='bbox 1646 2318 1755 2370; x_wconf 86' lang='grc' dir='ltr'>τύχας</span> <span class='ocrx_word' id='word_1_669' title='bbox 1774 2317 1834 2356; x_wconf 82' lang='grc' dir='ltr'>καὶ</span> <span class='ocrx_word' id='word_1_670' title='bbox 1861 2318 1912 2355; x_wconf 88' lang='grc' dir='ltr'>τῶ</span> <span class='ocrx_word' id='word_1_671' title='bbox 1946 2314 2134 2365; x_wconf 83' lang='grc' dir='ltr'>αὖτομάτω</span> <span class='ocrx_word' id='word_1_672' title='bbox 2157 2314 2337 2365; x_wconf 87' lang='grc' dir='ltr'>γινόμενον</span> <span class='ocrx_word' id='word_1_673' title='bbox 2362 2313 2497 2366; x_wconf 86' lang='grc' dir='ltr'>γίνεται</span> 
     </span>
     <span class='ocr_line' id='line_1_89' title="bbox 1453 2372 2497 2427; baseline -0.002 -13"><span class='ocrx_word' id='word_1_674' title='bbox 1453 2375 1673 2427; x_wconf 84' lang='grc' dir='ltr'>ἐμπεσούσας</span> <span class='ocrx_word' id='word_1_675' title='bbox 1692 2382 1753 2419; x_wconf 85' lang='grc' dir='ltr'>τᾶς</span> <span class='ocrx_word' id='word_1_676' title='bbox 1774 2375 1891 2426; x_wconf 87' lang='grc' dir='ltr'>ἀλόγω</span> <span class='ocrx_word' id='word_1_677' title='bbox 1910 2374 1970 2413; x_wconf 72' lang='grc' dir='ltr'>καὶ</span> <span class='ocrx_word' id='word_1_678' title='bbox 1989 2373 2131 2413; x_wconf 83' lang='grc' dir='ltr'>ἀτάκτω</span> <span class='ocrx_word' id='word_1_679' title='bbox 2153 2373 2272 2427; x_wconf 81' lang='grc' dir='ltr'>φύσιος</span> <span class='ocrx_word' id='word_1_680' title='bbox 2289 2374 2323 2418; x_wconf 81' lang='grc' dir='ltr'>ἐς</span> <span class='ocrx_word' id='word_1_681' title='bbox 2340 2373 2386 2413; x_wconf 80' lang='grc' dir='ltr'>τὰ</span> <span class='ocrx_word' id='word_1_682' title='bbox 2403 2372 2497 2427; x_wconf 77' lang='grc' dir='ltr'>πρά-</span> 
     </span>
    </p>
   </div>
   <div class='ocr_carea' id='block_1_17' title="bbox 1515 2450 1610 2454">
    <p class='ocr_par' dir='ltr' id='par_1_20' title="bbox 1515 2450 1610 2454">
     <span class='ocr_line' id='line_1_90' title="bbox 1515 2450 1610 2454; baseline 0 0"><span class='ocrx_word' id='word_1_683' title='bbox 1515 2450 1610 2454; x_wconf 95' lang='lat' dir='ltr'> </span> 
     </span>
    </p>
   </div>
   <div class='ocr_carea' id='block_1_18' title="bbox 1450 2484 2500 2586">
    <p class='ocr_par' dir='ltr' id='par_1_21' title="bbox 1450 2484 2500 2586">
     <span class='ocr_line' id='line_1_91' title="bbox 1450 2484 2500 2527; baseline -0.001 -8"><span class='ocrx_word' id='word_1_684' title='bbox 1450 2486 1688 2520; x_wconf 77' lang='lat' dir='ltr'><strong>similitudinem</strong></span> <span class='ocrx_word' id='word_1_685' title='bbox 1705 2485 1855 2518; x_wconf 76' lang='lat' dir='ltr'><strong>accedere</strong></span> <span class='ocrx_word' id='word_1_686' title='bbox 1873 2485 1977 2526; x_wconf 84' lang='lat' dir='ltr'><strong>iisque</strong></span> <span class='ocrx_word' id='word_1_687' title='bbox 1993 2484 2109 2517; x_wconf 79' lang='lat' dir='ltr'><strong>similia</strong></span> <span class='ocrx_word' id='word_1_688' title='bbox 2120 2493 2191 2518; x_wconf 74' lang='lat' dir='ltr'><strong>esse</strong></span> <span class='ocrx_word' id='word_1_689' title='bbox 2206 2484 2380 2518; x_wconf 83' lang='lat' dir='ltr'><strong>simulacra</strong></span> <span class='ocrx_word' id='word_1_690' title='bbox 2391 2493 2500 2527; x_wconf 78' lang='lat' dir='ltr'><strong>nequo</strong></span> 
     </span>
     <span class='ocr_line' id='line_1_92' title="bbox 1450 2544 2498 2586; baseline 0 -7"><span class='ocrx_word' id='word_1_691' title='bbox 1450 2546 1544 2579; x_wconf 82' lang='lat' dir='ltr'><strong>aliam</strong></span> <span class='ocrx_word' id='word_1_692' title='bbox 1565 2546 1648 2578; x_wconf 87' lang='lat' dir='ltr'><strong>inter</strong></span> <span class='ocrx_word' id='word_1_693' title='bbox 1662 2546 1722 2578; x_wconf 81' lang='lat' dir='ltr'><strong>ista</strong></span> <span class='ocrx_word' id='word_1_694' title='bbox 1739 2545 1915 2577; x_wconf 77' lang='lat' dir='ltr'><strong>formarum</strong></span> <span class='ocrx_word' id='word_1_695' title='bbox 1932 2552 2002 2577; x_wconf 79' lang='lat' dir='ltr'><strong>esse</strong></span> <span class='ocrx_word' id='word_1_696' title='bbox 2015 2544 2289 2585; x_wconf 83' lang='lat' dir='ltr'><strong>communionem,</strong></span> <span class='ocrx_word' id='word_1_697' title='bbox 2309 2552 2407 2586; x_wconf 84' lang='lat' dir='ltr'><strong>quam</strong></span> <span class='ocrx_word' id='word_1_698' title='bbox 2421 2552 2498 2579; x_wconf 77' lang='lat' dir='ltr'><strong>con-</strong></span> 
     </span>
    </p>
   </div>
   <div class='ocr_carea' id='block_1_19' title="bbox 1442 2604 1957 2638">
    <p class='ocr_par' dir='ltr' id='par_1_22' title="bbox 1442 2604 1957 2638">
     <span class='ocr_line' id='line_1_93' title="bbox 1442 2604 1957 2638; baseline -0.012 0"><span class='ocrx_word' id='word_1_699' title='bbox 1442 2605 1672 2638; x_wconf 58' lang='lat' dir='ltr'><strong>&gt;formationem</strong></span> <span class='ocrx_word' id='word_1_700' title='bbox 1691 2604 1755 2636; x_wconf 89' lang='lat' dir='ltr'><strong>illis</strong></span> <span class='ocrx_word' id='word_1_701' title='bbox 1772 2604 1925 2637; x_wconf 87' lang='lat' dir='ltr'><strong>similem.</strong></span> <span class='ocrx_word' id='word_1_702' title='bbox 1940 2616 1957 2632; x_wconf 83' lang='lat'>»</span> 
     </span>
    </p>
   </div>
   <div class='ocr_carea' id='block_1_20' title="bbox 1774 2680 2176 2713">
    <p class='ocr_par' dir='ltr' id='par_1_23' title="bbox 1774 2680 2176 2713">
     <span class='ocr_line' id='line_1_94' title="bbox 1774 2680 2176 2713; baseline -0.002 0"><span class='ocrx_word' id='word_1_703' title='bbox 1774 2681 1949 2713; x_wconf 77' lang='lat' dir='ltr'><strong>monom</strong></span> <span class='ocrx_word' id='word_1_704' title='bbox 1972 2680 2176 2713; x_wconf 76' lang='lat' dir='ltr'><strong>ASPENDH.</strong></span> 
     </span>
    </p>
   </div>
   <div class='ocr_carea' id='block_1_21' title="bbox 1451 2748 2498 2853">
    <p class='ocr_par' dir='ltr' id='par_1_24' title="bbox 1451 2748 2498 2853">
     <span class='ocr_line' id='line_1_95' title="bbox 1493 2748 2498 2794; baseline -0.004 -9"><span class='ocrx_word' id='word_1_705' title='bbox 1493 2753 1632 2792; x_wconf 79' lang='lat' dir='ltr'><strong>Quidam</strong></span> <span class='ocrx_word' id='word_1_706' title='bbox 1650 2753 1779 2794; x_wconf 80' lang='lat' dir='ltr'><strong>propter</strong></span> <span class='ocrx_word' id='word_1_707' title='bbox 1802 2751 1901 2784; x_wconf 87' lang='lat' dir='ltr'><strong>animi</strong></span> <span class='ocrx_word' id='word_1_708' title='bbox 1922 2751 1987 2783; x_wconf 79' lang='lat' dir='ltr'>vim</span> <span class='ocrx_word' id='word_1_709' title='bbox 2013 2759 2087 2792; x_wconf 71' lang='lat' dir='ltr'><strong>quae</strong></span> <span class='ocrx_word' id='word_1_710' title='bbox 2103 2749 2274 2782; x_wconf 80' lang='lat' dir='ltr'><strong>oculorum</strong></span> <span class='ocrx_word' id='word_1_711' title='bbox 2299 2749 2401 2782; x_wconf 80' lang='lat' dir='ltr'><strong>aciem</strong></span> <span class='ocrx_word' id='word_1_712' title='bbox 2418 2748 2498 2792; x_wconf 70' lang='lat' dir='ltr'><strong>rugit</strong></span> 
     </span>
     <span class='ocr_line' id='line_1_96' title="bbox 1451 2809 2446 2853; baseline -0.003 -8"><span class='ocrx_word' id='word_1_713' title='bbox 1451 2812 1492 2845; x_wconf 88' lang='lat' dir='ltr'>ad</span> <span class='ocrx_word' id='word_1_714' title='bbox 1511 2812 1681 2853; x_wconf 83' lang='lat' dir='ltr'><strong>imaginem</strong></span> <span class='ocrx_word' id='word_1_715' title='bbox 1697 2811 1747 2844; x_wconf 89' lang='lat' dir='ltr'>dei</span> <span class='ocrx_word' id='word_1_716' title='bbox 1764 2810 1930 2843; x_wconf 85' lang='lat' dir='ltr'><strong>hominem</strong></span> <span class='ocrx_word' id='word_1_717' title='bbox 1946 2812 2089 2842; x_wconf 86' lang='lat' dir='ltr'><strong>creatum</strong></span> <span class='ocrx_word' id='word_1_718' title='bbox 2108 2818 2178 2843; x_wconf 80' lang='lat' dir='ltr'><strong>esse</strong></span> <span class='ocrx_word' id='word_1_719' title='bbox 2194 2809 2337 2842; x_wconf 84' lang='lat' dir='ltr'><strong>arbitrati</strong></span> <span class='ocrx_word' id='word_1_720' title='bbox 2356 2810 2446 2843; x_wconf 85' lang='lat' dir='ltr'><strong>suut.</strong></span> 
     </span>
    </p>
   </div>
   <div class='ocr_carea' id='block_1_22' title="bbox 1738 2887 2210 2921">
    <p class='ocr_par' dir='ltr' id='par_1_25' title="bbox 1738 2887 2210 2921">
     <span class='ocr_line' id='line_1_97' title="bbox 1738 2887 2210 2921; baseline -0.004 0"><span class='ocrx_word' id='word_1_721' title='bbox 1738 2888 1893 2921; x_wconf 83' lang='lat' dir='ltr'>EURYSI</span> <span class='ocrx_word' id='word_1_722' title='bbox 1924 2887 2210 2920; x_wconf 75' lang='lat' dir='ltr'><strong>PYTHAGOREI.</strong></span> 
     </span>
    </p>
   </div>
   <div class='ocr_carea' id='block_1_23' title="bbox 1455 2956 2503 3526">
    <p class='ocr_par' dir='ltr' id='par_1_26' title="bbox 1455 2956 2501 3117">
     <span class='ocr_line' id='line_1_98' title="bbox 1499 2956 2498 3000; baseline -0.002 -8"><span class='ocrx_word' id='word_1_723' title='bbox 1499 2962 1526 2992; x_wconf 81' lang='lat'>1.</span> <span class='ocrx_word' id='word_1_724' title='bbox 1543 2960 1585 2991; x_wconf 81' lang='lat' dir='ltr'>At</span> <span class='ocrx_word' id='word_1_725' title='bbox 1603 2967 1719 3000; x_wconf 83' lang='lat' dir='ltr'><strong>corpus</strong></span> <span class='ocrx_word' id='word_1_726' title='bbox 1736 2957 1865 2999; x_wconf 78' lang='lat' dir='ltr'><strong>reliquis</strong></span> <span class='ocrx_word' id='word_1_727' title='bbox 1882 2957 1985 2990; x_wconf 86' lang='lat' dir='ltr'><strong>simile</strong></span> <span class='ocrx_word' id='word_1_728' title='bbox 2008 2957 2076 2997; x_wconf 58' lang='lat' dir='ltr'><strong>esf,</strong></span> <span class='ocrx_word' id='word_1_729' title='bbox 2097 2957 2133 2989; x_wconf 88' lang='lat' dir='ltr'>ut</span> <span class='ocrx_word' id='word_1_730' title='bbox 2157 2956 2244 2997; x_wconf 87' lang='lat' dir='ltr'><strong>quod</strong></span> <span class='ocrx_word' id='word_1_731' title='bbox 2268 2957 2388 2990; x_wconf 81' lang='lat' dir='ltr'><strong>factum</strong></span> <span class='ocrx_word' id='word_1_732' title='bbox 2402 2956 2446 2990; x_wconf 72' lang='lat' dir='ltr'><strong>sit</strong></span> <span class='ocrx_word' id='word_1_733' title='bbox 2456 2965 2498 2990; x_wconf 79' lang='lat' dir='ltr'>ex</span> 
     </span>
     <span class='ocr_line' id='line_1_99' title="bbox 1455 3015 2501 3056; baseline -0.002 -6"><span class='ocrx_word' id='word_1_734' title='bbox 1455 3017 1568 3050; x_wconf 85' lang='lat' dir='ltr'><strong>eadem</strong></span> <span class='ocrx_word' id='word_1_735' title='bbox 1588 3016 1719 3049; x_wconf 83' lang='lat' dir='ltr'><strong>materia</strong></span> <span class='ocrx_word' id='word_1_736' title='bbox 1733 3019 1765 3048; x_wconf 87' lang='lat' dir='ltr'>et</span> <span class='ocrx_word' id='word_1_737' title='bbox 1784 3015 1913 3056; x_wconf 82' lang='lat' dir='ltr'><strong>quidem</strong></span> <span class='ocrx_word' id='word_1_738' title='bbox 1931 3023 1950 3047; x_wconf 90' lang='lat' dir='ltr'><strong>a</strong></span> <span class='ocrx_word' id='word_1_739' title='bbox 1973 3015 2236 3056; x_wconf 81' lang='lat' dir='ltr'><strong>praestantissimo</strong></span> <span class='ocrx_word' id='word_1_740' title='bbox 2252 3015 2406 3048; x_wconf 75' lang='lat' dir='ltr'><strong>effectum</strong></span> <span class='ocrx_word' id='word_1_741' title='bbox 2420 3015 2501 3048; x_wconf 74' lang='lat' dir='ltr'><strong>arti·</strong></span> 
     </span>
     <span class='ocr_line' id='line_1_100' title="bbox 1456 3073 2409 3117; baseline -0.003 -8"><span class='ocrx_word' id='word_1_742' title='bbox 1456 3077 1529 3117; x_wconf 74' lang='lat' dir='ltr'><strong>tice,</strong></span> <span class='ocrx_word' id='word_1_743' title='bbox 1551 3076 1607 3117; x_wconf 81' lang='lat' dir='ltr'><strong>qui</strong></span> <span class='ocrx_word' id='word_1_744' title='bbox 1620 3075 1697 3108; x_wconf 90' lang='lat' dir='ltr'><strong>illud</strong></span> <span class='ocrx_word' id='word_1_745' title='bbox 1715 3076 1764 3107; x_wconf 85' lang='lat' dir='ltr'>est</span> <span class='ocrx_word' id='word_1_746' title='bbox 1786 3073 1957 3106; x_wconf 77' lang='lat' dir='ltr'><strong>fabricatus</strong></span> <span class='ocrx_word' id='word_1_747' title='bbox 1978 3082 2013 3106; x_wconf 89' lang='lat' dir='ltr'>se</span> <span class='ocrx_word' id='word_1_748' title='bbox 2029 3074 2103 3114; x_wconf 72' lang='lat' dir='ltr'><strong>ipso</strong></span> <span class='ocrx_word' id='word_1_749' title='bbox 2124 3082 2204 3106; x_wconf 87' lang='lat' dir='ltr'><strong>usus</strong></span> <span class='ocrx_word' id='word_1_750' title='bbox 2221 3074 2409 3115; x_wconf 78' lang='lat' dir='ltr'><strong>exemplari.</strong></span> 
     </span>
    </p>

    <p class='ocr_par' dir='ltr' id='par_1_27' title="bbox 1457 3131 2503 3526">
     <span class='ocr_line' id='line_1_101' title="bbox 1501 3131 2501 3173; baseline -0.002 -7"><span class='ocrx_word' id='word_1_751' title='bbox 1501 3139 1531 3166; x_wconf 79' lang='lat'>2.</span> <span class='ocrx_word' id='word_1_752' title='bbox 1548 3133 1683 3166; x_wconf 86' lang='lat' dir='ltr'><strong>Videtur</strong></span> <span class='ocrx_word' id='word_1_753' title='bbox 1697 3134 1805 3166; x_wconf 86' lang='lat' dir='ltr'><strong>autem</strong></span> <span class='ocrx_word' id='word_1_754' title='bbox 1816 3131 1894 3164; x_wconf 79' lang='lat' dir='ltr'><strong>milii</strong></span> <span class='ocrx_word' id='word_1_755' title='bbox 1910 3131 2036 3164; x_wconf 76' lang='lat' dir='ltr'><strong>fortuna</strong></span> <span class='ocrx_word' id='word_1_756' title='bbox 2052 3132 2086 3164; x_wconf 88' lang='lat' dir='ltr'>et</span> <span class='ocrx_word' id='word_1_757' title='bbox 2097 3131 2252 3173; x_wconf 86' lang='lat' dir='ltr'><strong>quidquid</strong></span> <span class='ocrx_word' id='word_1_758' title='bbox 2270 3131 2438 3164; x_wconf 77' lang='lat' dir='ltr'><strong>fortuitum</strong></span> <span class='ocrx_word' id='word_1_759' title='bbox 2450 3134 2501 3164; x_wconf 73' lang='lat' dir='ltr'>ost</span> 
     </span>
     <span class='ocr_line' id='line_1_102' title="bbox 1457 3189 2500 3233; baseline -0.002 -9"><span class='ocrx_word' id='word_1_760' title='bbox 1457 3201 1520 3224; x_wconf 89' lang='lat' dir='ltr'>uon</span> <span class='ocrx_word' id='word_1_761' title='bbox 1539 3202 1577 3225; x_wconf 86' lang='lat' dir='ltr'>ex</span> <span class='ocrx_word' id='word_1_762' title='bbox 1601 3195 1688 3225; x_wconf 87' lang='lat' dir='ltr'><strong>certa</strong></span> <span class='ocrx_word' id='word_1_763' title='bbox 1709 3192 1816 3233; x_wconf 84' lang='lat' dir='ltr'><strong>aliqua</strong></span> <span class='ocrx_word' id='word_1_764' title='bbox 1837 3199 1934 3224; x_wconf 82' lang='lat' dir='ltr'><strong>causa</strong></span> <span class='ocrx_word' id='word_1_765' title='bbox 1954 3199 1992 3222; x_wconf 73' lang='lat' dir='ltr'><strong>ac</strong></span> <span class='ocrx_word' id='word_1_766' title='bbox 2017 3189 2201 3230; x_wconf 83' lang='lat' dir='ltr'><strong>subjacente</strong></span> <span class='ocrx_word' id='word_1_767' title='bbox 2223 3190 2330 3230; x_wconf 78' lang='lat' dir='ltr'><strong>nasci,</strong></span> <span class='ocrx_word' id='word_1_768' title='bbox 2349 3189 2407 3222; x_wconf 75' lang='lat' dir='ltr'>sed</span> <span class='ocrx_word' id='word_1_769' title='bbox 2427 3191 2500 3223; x_wconf 74' lang='lat' dir='ltr'><strong>tan·</strong></span> 
     </span>
     <span class='ocr_line' id='line_1_103' title="bbox 1458 3248 2500 3292; baseline -0.002 -10"><span class='ocrx_word' id='word_1_770' title='bbox 1458 3260 1555 3291; x_wconf 90' lang='lat' dir='ltr'><strong>quam</strong></span> <span class='ocrx_word' id='word_1_771' title='bbox 1577 3251 1804 3292; x_wconf 73' lang='lat' dir='ltr'><strong>superveniens</strong></span> <span class='ocrx_word' id='word_1_772' title='bbox 1825 3249 1945 3290; x_wconf 83' lang='lat' dir='ltr'><strong>aliquid</strong></span> <span class='ocrx_word' id='word_1_773' title='bbox 1966 3251 2064 3289; x_wconf 84' lang='lat' dir='ltr'><strong>atque</strong></span> <span class='ocrx_word' id='word_1_774' title='bbox 2092 3248 2133 3280; x_wconf 91' lang='lat' dir='ltr'>ad</span> <span class='ocrx_word' id='word_1_775' title='bbox 2157 3248 2297 3289; x_wconf 83' lang='lat' dir='ltr'><strong>reliquas</strong></span> <span class='ocrx_word' id='word_1_776' title='bbox 2312 3256 2428 3280; x_wconf 76' lang='lat' dir='ltr'><strong>causas</strong></span> <span class='ocrx_word' id='word_1_777' title='bbox 2445 3257 2500 3280; x_wconf 81' lang='lat' dir='ltr'><strong>ac-</strong></span> 
     </span>
     <span class='ocr_line' id='line_1_104' title="bbox 1457 3307 2502 3348; baseline -0.002 -8"><span class='ocrx_word' id='word_1_778' title='bbox 1457 3309 1570 3341; x_wconf 73' lang='lat' dir='ltr'><strong>cedens</strong></span> <span class='ocrx_word' id='word_1_779' title='bbox 1587 3319 1665 3342; x_wconf 82' lang='lat' dir='ltr'><strong>esse.</strong></span> <span class='ocrx_word' id='word_1_780' title='bbox 1711 3311 1852 3348; x_wconf 73' lang='lat' dir='ltr'><strong>Fortuna</strong></span> <span class='ocrx_word' id='word_1_781' title='bbox 1867 3308 1960 3348; x_wconf 82' lang='lat' dir='ltr'><strong>igitur</strong></span> <span class='ocrx_word' id='word_1_782' title='bbox 1973 3309 2005 3340; x_wconf 89' lang='lat' dir='ltr'>et</span> <span class='ocrx_word' id='word_1_783' title='bbox 2017 3315 2067 3340; x_wconf 90' lang='lat' dir='ltr'>res</span> <span class='ocrx_word' id='word_1_784' title='bbox 2080 3307 2209 3339; x_wconf 84' lang='lat' dir='ltr'><strong>fortuita</strong></span> <span class='ocrx_word' id='word_1_785' title='bbox 2225 3315 2328 3348; x_wconf 84' lang='lat' dir='ltr'><strong>neque</strong></span> <span class='ocrx_word' id='word_1_786' title='bbox 2338 3307 2502 3339; x_wconf 73' lang='lat' dir='ltr'><strong>umatum</strong></span> 
     </span>
     <span class='ocr_line' id='line_1_105' title="bbox 1458 3365 2503 3408; baseline -0.003 -8"><span class='ocrx_word' id='word_1_787' title='bbox 1458 3370 1505 3400; x_wconf 82' lang='lat' dir='ltr'>est</span> <span class='ocrx_word' id='word_1_788' title='bbox 1524 3370 1555 3400; x_wconf 86' lang='lat' dir='ltr'>et</span> <span class='ocrx_word' id='word_1_789' title='bbox 1572 3378 1622 3400; x_wconf 84' lang='lat' dir='ltr'>res</span> <span class='ocrx_word' id='word_1_790' title='bbox 1635 3369 1806 3408; x_wconf 73' lang='lat' dir='ltr'><strong>naturalis,</strong></span> <span class='ocrx_word' id='word_1_791' title='bbox 1823 3375 1926 3408; x_wconf 83' lang='lat' dir='ltr'><strong>neque</strong></span> <span class='ocrx_word' id='word_1_792' title='bbox 1944 3369 1980 3398; x_wconf 79' lang='lat' dir='ltr'>ut</span> <span class='ocrx_word' id='word_1_793' title='bbox 1997 3375 2051 3398; x_wconf 80' lang='lat' dir='ltr'>ars</span> <span class='ocrx_word' id='word_1_794' title='bbox 2065 3365 2114 3398; x_wconf 88' lang='lat' dir='ltr'>vel</span> <span class='ocrx_word' id='word_1_795' title='bbox 2131 3366 2263 3398; x_wconf 83' lang='lat' dir='ltr'><strong>scientia</strong></span> <span class='ocrx_word' id='word_1_796' title='bbox 2279 3366 2347 3398; x_wconf 83' lang='lat' dir='ltr'><strong>sive</strong></span> <span class='ocrx_word' id='word_1_797' title='bbox 2361 3365 2503 3398; x_wconf 77' lang='lat' dir='ltr'><strong>humana</strong></span> 
     </span>
     <span class='ocr_line' id='line_1_106' title="bbox 1457 3410 2503 3466; baseline -0.002 -9"><span class='ocrx_word' id='word_1_798' title='bbox 1457 3426 1524 3458; x_wconf 80' lang='lat' dir='ltr'><strong>sive</strong></span> <span class='ocrx_word' id='word_1_799' title='bbox 1542 3426 1669 3466; x_wconf 81' lang='lat' dir='ltr'><strong>divina,</strong></span> <span class='ocrx_word' id='word_1_800' title='bbox 1690 3426 1746 3459; x_wconf 85' lang='lat' dir='ltr'>sed</span> <span class='ocrx_word' id='word_1_801' title='bbox 1765 3427 1802 3458; x_wconf 86' lang='lat' dir='ltr'>ut</span> <span class='ocrx_word' id='word_1_802' title='bbox 1817 3425 1973 3458; x_wconf 80' lang='lat' dir='ltr'><strong>accedens</strong></span> <span class='ocrx_word' id='word_1_803' title='bbox 1988 3424 2106 3466; x_wconf 80' lang='lat' dir='ltr'><strong>aliquid</strong></span> <span class='ocrx_word' id='word_1_804' title='bbox 2125 3423 2188 3456; x_wconf 83' lang='lat' dir='ltr'><strong>illis</strong></span> <span class='ocrx_word' id='word_1_805' title='bbox 2210 3423 2376 3465; x_wconf 80' lang='lat' dir='ltr'><strong>inopinato</strong></span> <span class='ocrx_word' id='word_1_806' title='bbox 2404 3410 2503 3465; x_wconf 68' lang='lat' dir='ltr'><strong>atque</strong></span> 
     </span>
     <span class='ocr_line' id='line_1_107' title="bbox 1459 3481 2501 3526; baseline -0.001 -11"><span class='ocrx_word' id='word_1_807' title='bbox 1459 3482 1645 3525; x_wconf 79' lang='lat' dir='ltr'><strong>improviso.</strong></span> <span class='ocrx_word' id='word_1_808' title='bbox 1691 3484 1816 3518; x_wconf 83' lang='lat' dir='ltr'><strong>Etenim</strong></span> <span class='ocrx_word' id='word_1_809' title='bbox 1842 3492 1943 3526; x_wconf 89' lang='lat' dir='ltr'><strong>quum</strong></span> <span class='ocrx_word' id='word_1_810' title='bbox 1964 3483 2037 3516; x_wconf 75' lang='lat' dir='ltr'>duoe</span> <span class='ocrx_word' id='word_1_811' title='bbox 2056 3482 2090 3516; x_wconf 88' lang='lat' dir='ltr'>in</span> <span class='ocrx_word' id='word_1_812' title='bbox 2117 3482 2177 3515; x_wconf 80' lang='lat' dir='ltr'><strong>hac</strong></span> <span class='ocrx_word' id='word_1_813' title='bbox 2192 3483 2259 3516; x_wconf 83' lang='lat' dir='ltr'><strong>tota</strong></span> <span class='ocrx_word' id='word_1_814' title='bbox 2276 3481 2391 3515; x_wconf 86' lang='lat' dir='ltr'><strong>mundi</strong></span> <span class='ocrx_word' id='word_1_815' title='bbox 2410 3489 2501 3515; x_wconf 85' lang='lat' dir='ltr'><strong>com·</strong></span> 
     </span>
    </p>
   </div>
  </div>
 </body>
</html>
