2606 3828
316 233 392 267 330

308 318 578 368 καταφρονοῦσι.
601 315 759 354 Τοιαῦτα
780 313 950 364 διελέγετο
966 312 1025 350 καὶ
1045 314 1152 350 ποιῶν
1174 311 1352 363 ἐφαίνετο,

309 374 414 418 ὄντως
433 374 589 425 νόμισμα
610 373 907 426 παραχαράττων,
931 371 1036 423 μηδὲν
1056 370 1146 408 οὕτω
1165 373 1235 413 τοῖς
1262 370 1354 408 κατὰ

309 433 414 484 νόμον
431 435 477 477 ὡς
493 438 563 477 τοῖς
582 432 674 471 κατὰ
691 433 790 485 φύσιν
811 431 932 474 διδούς·
947 429 1005 468 τὸν
1020 430 1122 468 αὐτὸν
1142 432 1354 481 χαρακτῆρα

308 495 367 530 τοῦ
389 492 464 544 βίου
490 491 599 542 λέγων
620 490 800 542 διεξάγειν,
816 488 918 542 ὅνπερ
945 488 1004 527 καὶ
1023 487 1225 541 Ἡρακλῆς,
1243 487 1352 540 μηδὲν

308 550 501 602 ἐλευθερίας
518 550 725 603 προκρίνων.

361 609 567 658 (Diogenes
587 609 760 646 Laertius
780 607 851 647 lib.
874 607 939 654 vl,
959 621 1022 655 71.
1048 606 1217 659 Reposui
1249 608 1354 658 μελε-

306 670 451 713 τηΟεῖσα
467 680 514 704 cx
533 667 649 703 Hem.
667 665 850 717 Stephani
865 665 1018 713 codice3
1040 666 1160 717 vngo
1185 668 1353 720 προμελεσ

306 730 449 774 τηθεϊσα
468 726 624 775 legitur.
647 725 837 763 Arrianus
857 724 929 764 lib.
950 724 965 762 I
985 739 1067 775 cap.
1091 732 1165 772 24:
1183 725 1223 765 τὸ
1243 725 1278 765 δὲ
1293 742 1353 778 γυ-

308 783 567 836 μνάσιονλέγει,
588 783 638 821 ὅτι
658 783 816 835 κρεῖσσόν
838 784 911 823 ἐστι
930 784 1046 832 πάσης
1061 785 1348 839 περιπορφύρου.
1339 785 1349 815 l

359 856 425 882 297.
459 844 511 881 Πε
499 842 546 894 ερὶ
567 845 627 880 τοῦ
647 842 776 913 νόμου,
796 840 862 880 ὅτι
875 842 984 895 χωρὶς
1004 845 1108 882 αὐτοῦ
1128 845 1194 896 οὐχ
1216 838 1286 883 οἶόν
1313 860 1350 883 τε

304 900 563 940 πολιτεύεσθαι·
583 901 621 939 οὗ
655 900 722 953 γάρ
756 916 861 952 φησιν
890 901 970 939 ἄνευ
1004 901 1139 947 πόλεως
1170 901 1289 955 ὄφελός
1316 919 1351 944 τι

305 966 391 999 εἰναι
411 958 570 998 ἀστείου·
593 959 728 998 ἀστεῖον
746 959 819 997 δὲ’
801 975 823 1006 η
844 959 924 999 πόλι
916 977 960 1004 ς·
978 960 1084 1010 νόμου
1105 960 1186 999 δὲ’
1164 977 1265 1013 ανευ,
1286 961 1350 1001 πό·

305 1022 389 1062 λεως
409 1017 482 1057 οὐδὲ
486 1034 503 1055 ν
523 1017 664 1071 ὄφελος·
682 1019 819 1056 ἀστεῖον
841 1018 909 1071 ἄρα
931 1022 948 1057 ὁ
970 1020 1086 1069 νόμος.
1110 1019 1333 1071 Εὐγενείας
1314 1020 1350 1059 οὲ

303 1077 361 1117 καὶ
376 1076 430 1116 δόῖ
416 1092 473 1122 ςας
485 1075 600 1116 καὶτὰ
610 1076 878 1117 τοιαῦταπάντα
886 1077 1052 1125 διέπαιζε,
1063 1079 1350 1131 προκοσμηματα

303 1137 428 1181 κακίας
445 1141 532 1176 εἰναι
548 1135 673 1188 λέγων,
691 1136 799 1187 μόνην
814 1137 850 1176 δὲ
869 1136 971 1190 ὀρθὴν
991 1137 1168 1177 πολιτείαν
1183 1141 1269 1177 εἰναι
1285 1138 1349 1187 τὴν

302 1198 337 1234 ἐν
354 1196 489 1248 κόσμῳ.

353 1254 561 1304 (Diogenes
583 1253 759 1293 Laertius
788 1255 860 1295 lib.
883 1255 948 1302 VI,
970 1270 1034 1304 72.
1059 1257 1249 1299 Similiter
1274 1259 1330 1297 Aa·
1330 1281 1349 1289 -

300 1313 515 1351 iianuslib.
542 1314 553 1352 1
577 1313 738 1354 Dissert.
763 1313 886 1352 Xle
906 1315 1011 1366 Λέγει
1034 1330 1042 1353 :
1064 1316 1310 1368 ὁΔιογένης)
1297 1316 1349 1356 ότι

300 1371 379 1416 ἀδοξ
383 1387 417 1409 ια
437 1371 544 1424 ψόφος
573 1370 647 1410 ἐστι
670 1371 890 1423 μαινομένων
913 1373 1120 1426 ἀνθρώπων.
1141 1375 1202 1414 Cf.
1230 1388 1348 1427 supra

302 1431 334 1468 Ιι·
337 1444 381 1480 ag
387 1443 434 1468 ιιι.
453 1444 543 1470 222.
548 1435 558 1480 )

351 1502 418 1528 258.
449 1488 498 1526 'il
500 1490 578 1539 λεγε
602 1487 637 1526 δὲ
657 1488 718 1528 καὶ
737 1489 854 1534 κοινὰς
873 1495 960 1530 εἰναι
981 1492 1050 1531 δεῖν
1071 1491 1134 1536 τὰς
1157 1495 1344 1542 γυναῖκας,

298 1546 412 1598 γάμον
445 1546 576 1597 μηδένα
611 1546 776 1599 νομίζων,
800 1549 891 1588 ἀλλὰ
913 1549 972 1587 τὸν
1001 1549 1172 1589 πείσαντα
1196 1555 1240 1603 τῆ
1262 1566 1347 1588 πει·

299 1609 358 1644 σ”1ε
363 1605 419 1657 ίση
458 1611 631 1656 συνεῖναι,
673 1606 807 1652 κοινοὺς
846 1607 881 1646 δὲ
925 1608 983 1648 διὰ
1028 1613 1129 1648 τοῦτο
1169 1609 1228 1650 καὶ
1267 1610 1347 1653 τοὺς

299 1665 331 1702 υἱ
335 1663 407 1707 ἔας.

352 1723 467 1772 (Diog
470 1735 560 1761 enes
579 1722 608 1760 1.
611 1736 675 1762 aei
680 1724 755 1762 tius
771 1724 842 1763 lib.
836 1725 931 1784 vl,
948 1727 1023 1776 72.)

351 1793 417 1820 299.
449 1780 570 1828 Μηδέν
599 1797 636 1819 τε
666 1782 794 1821 ἄτοπον
824 1786 912 1820 εἰναι
945 1782 1008 1828 ἐξ’
1000 1789 1090 1836 ιεροῧ
1114 1800 1147 1822 τι
1166 1783 1341 1831 λαδεῖν,
1323 1801 1345 1831 η

297 1893 385 1925 cilali
418 1901 483 1926 css
477 1896 523 1925 nt
551 1894 700 1926 libentius
726 1894 810 1935 ipsas
834 1895 1015 1933 voluptates
1045 1906 1207 1938 ψει-,ηοω
1254 1897 1345 1930 Talia

297 1952 344 1982 nis
347 1953 472 1984 §ciebit
504 1952 704 1994 faciebatque
731 1953 852 1994 palam,
883 1963 992 1987 revera
1021 1955 1188 1988 hominum
1221 1965 1343 1989 morem

298 2015 338 2042 ιιι
343 2021 358 2040 ιι
353 2020 381 2051 ιι·.
387 2019 448 2042 inm
468 2014 630 2043 monetam
650 2011 855 2052 adulteians,
873 2014 960 2054 quod
984 2014 1062 2046 nihil
1081 2015 1230 2055 legitimis
1247 2015 1292 2047 ita
1309 2016 1345 2048 ut

298 2069 351 2100 ιϊι.
345 2078 391 2100 us
410 2074 462 2100 ιιιιι
467 2079 498 2101 ιι.
499 2069 579 2102 ·aiib·
582 2079 608 2102 is
625 2070 832 2111 concederet,
847 2073 965 2113 quippe
981 2074 1036 2114 qui
1053 2073 1185 2106 eandem
1203 2074 1280 2107 vitae
1296 2083 1344 2107 ra-

299 2129 383 2160 lion(
386 2137 416 2159 ιιι
431 2137 504 2170 qum
518 2129 647 2161 Herculi
661 2129 736 2162 olim
749 2130 924 2171 placuisset
937 2132 1115 2174 suscepisse
1127 2141 1160 2166 se
1171 2133 1345 2167 affirmaret

297 2196 400 2228 noque
418 2187 595 2228 quidquam
610 2188 745 2221 libertati
762 2192 982 2231 anteponeret

341 2249 413 2277 797.
438 2248 486 2278 Dc
501 2246 571 2286 lege
590 2247 631 2279 ita
650 2248 820 2288 exposuit,
841 2249 929 2290 quod
954 2250 1024 2283 sine
1049 2259 1087 2285 ea
1113 2252 1342 2293 rempublicam

296 2306 508 2339 administrari
529 2315 623 2344 posse
642 2311 783 2348 neganet.
811 2310 946 2343 Nullum
970 2311 1077 2350 enim,
1099 2312 1226 2354 inquit,
1248 2323 1342 2347 usum

295 2365 362 2397 siue
388 2365 517 2398 civitate
536 2367 657 2406 praebet
680 2368 869 2402 urbanitas.
887 2370 977 2410 atqui
995 2370 1108 2403 civitas
1133 2372 1255 2405 urbana
1271 2374 1341 2414 est3

294 2431 318 2453 s:
323 2431 360 2453 ne
378 2422 444 2462 lege
459 2426 566 2456 autem
585 2424 698 2457 civitas
716 2426 794 2458 nihil
813 2428 958 2469 prodest3
973 2437 1047 2469 ergo
1066 2428 1118 2461 lex
1135 2431 1260 2463 urbana
1281 2434 1340 2465 est.

299 2481 500 2513 Nolulitatem
517 2491 594 2515 vero
619 2484 651 2515 et
677 2484 812 2523 gloriam
830 2486 863 2518 et
877 2488 993 2519 caetera
1011 2488 1167 2528 ejusmodi
1196 2490 1342 2531 ridebat,

298 2539 426 2571 militi-13
457 2544 646 2574 ornamenta
677 2552 747 2576 esse
781 2544 911 2586 dicens,
938 2547 1105 2588 solamque
1136 2557 1244 2581 veram
1274 2559 1343 2583 esse

297 2597 526 2637 rempublicam
544 2609 618 2640 quae
632 2602 743 2634 mundi
762 2603 908 2636 terminis
930 2606 1172 2648 circumscripta
1191 2609 1281 2642 foret.

342 2662 410 2690 298.
436 2659 570 2692 Dicebat
599 2664 632 2693 et
666 2662 818 2696 mulieres
854 2673 1042 2699 communes
1071 2676 1140 2700 esse
1173 2673 1341 2711 oportere,

296 2717 532 2750 uwtuimonium
548 2719 672 2752 nullum
693 2723 857 2764 statuens,
877 2723 934 2756 sed
954 2726 989 2757 ut
1006 2726 1143 2768 quisque
1162 2728 1252 2760 alleri
1268 2738 1339 2770 per-

301 2773 471 2814 suasisset,
491 2775 534 2807 ita
552 2776 659 2809 virum
674 2787 746 2810 cum
760 2780 875 2812 femina
893 2782 989 2822 coire,
1009 2792 1258 2827 communesque
1272 2787 1342 2820 ideo

297 2827 377 2859 filios
395 2829 502 2862 haberi
523 2831 649 2865 debere.

1073 221 1323 262 DIOGENIS
1352 222 1692 263 FRAGMENTA.

1414 314 1483 351 τῶν
1505 310 1601 365 ζῴοιν
1629 311 1717 356 τινὸς
1742 310 1955 364 γεύσασθαι·
1975 312 2058 363 μηδ’
2076 312 2211 353 ἀνόσιον
2231 307 2320 353 εἶναι
2345 313 2384 354 τὸ
2405 317 2468 359 καὶ

1414 372 1483 409 τῶν
1504 370 1728 424 ἀνθρωπείων
1743 373 1854 424 κρεῶν
1876 370 2051 424 ἅψασθαι,
2071 374 2118 416 ὡς
2133 374 2236 421 δῆλον
2253 374 2292 413 ἐκ
2309 375 2378 412 τῶν
2395 373 2463 413 ἀλ-

1413 428 1560 482 λοτρίων
1580 431 1679 468 ἐθῶν·
1695 429 1756 468 καὶ
1775 433 1826 468 τῶ
1847 431 1938 483 ὀρθῷ
1954 430 2047 484 λόγω
2062 430 2178 470 πάντα
2194 434 2229 471 ἐν
2248 438 2355 472 πᾶσιν
2373 425 2464 474 εἶναι

1413 488 1473 528 καὶ
1496 488 1553 527 διὰ
1581 488 1723 529 πάντων
1752 489 1840 528 ἱέναι
1861 489 1900 528 λέ
1902 504 1987 540 γ.ων
2048 489 2120 534 Καὶ
2140 489 2208 544 γὰρ
2230 493 2265 531 ἐν
2285 493 2336 545 τῷ
2368 491 2464 546 ἅρτῳ

1412 547 1515 600 κρέας
1545 540 1657 595 εἶναι,
1683 547 1743 586 καὶ
1775 549 1809 586 ἐν
1839 564 1889 600 τῳ
1918 547 2065 601 λαχᾶνω
2091 550 2212 602 ἄρτον,
2227 550 2288 590 καὶ
2309 550 2366 590 ἐπὶ
2392 553 2465 591 τῶν

1413 606 1589 656 σωμάτων
1602 608 1671 644 τῶν
1687 606 1851 644 λοιπῶν’
1836 621 1870 644 εν
1887 610 1976 644 πᾶσι
1996 606 2054 645 διοί
2069 622 2172 647 τινων
2189 609 2330 658 ἀδήλων
2344 609 2463 663 πόρων

1412 664 1525 717 ὄγκων
1543 664 1809 718 εἰσκρινομένων
1827 680 1887 703 και
1906 666 2223 716 συνατμιζομένων.

1467 726 1676 777 (Diogenes
1693 724 1870 764 Laertius
1886 724 1960 764 lib.
1975 725 2043 773 Vl,
2064 728 2144 778 73.)

1466 798 1532 825 309.
1565 786 1750 831 Μουσικῆς
1768 799 1807 823 τε
1826 800 1886 823 και
1906 788 2147 839 γεωμετρικῆς
2162 786 2223 826 καὶ
2239 787 2467 842 ἀστρολογίας

1411 844 1471 883 καὶ
1492 846 1560 883 τῶν
1580 843 1746 883 τοιούτων
1767 843 1913 894 ἠμέλει,
1934 845 1980 888 ὡς
1999 845 2187 899 ἀχρήστων
2204 861 2264 885 και
2281 846 2343 886 οὔκ
2358 846 2466 901 ἀναγι-
2487 845 2503 868 '²

1408 902 1535 942 καίων.

1467 962 1675 1016 (Diogenes
1695 962 1793 1000 lae1
1796 962 1872 1000 tius
1896 962 1967 1000 lib.
1991 962 2056 1010 VI,
2080 962 2160 1016 73.)

1464 1034 1532 1060 301.
1565 1020 1730 1071 Διογένης
1759 1023 1777 1058 ὁ
1798 1019 2001 1069 Σινωπεύς,
2030 1019 2088 1059 ὅτε
2117 1020 2237 1060 λοιπὸν
2268 1021 2378 1062 ἐνόσει
2404 1021 2464 1062 ἐπὶ

1410 1080 1560 1133 θανάτῳ,
1570 1079 1690 1118 ἑαυτὸν
1708 1079 1820 1132 φέρων
1836 1080 1935 1130 μόγις
1952 1080 2072 1133 ἔρριψε
2089 1085 2180 1119 κατά
2195 1096 2286 1126 τινος
2298 1082 2463 1136 γεφυρίου

1410 1138 1495 1190 πρὸς
1523 1136 1707 1190 γυμνασίω
1737 1138 1854 1186 ὄντος,
1876 1138 1936 1177 καὶ
1957 1138 2149 1192 προσέταξε
2173 1142 2224 1193 τῷ
2243 1141 2466 1196 παλαιστροα

1412 1196 1556 1252 φύλακι,
1574 1195 1714 1236 ἐπειδὰν
1730 1196 1895 1244 αἴσθηται
1913 1198 2207 1238 ἀποπεπνευκότα
2226 1198 2345 1248 αὖτόν,
2365 1202 2465 1254 ῥῖψαι

1410 1258 1456 1300 εἷς
1478 1256 1536 1295 τὸν
1558 1257 1723 1298 Ἰλισσόν.
1730 1255 1906 1302 Οὕτως”
1884 1273 1951 1311 αρα
1968 1256 2085 1311 ὀλίγον
2101 1257 2205 1309 ἔμελε
2224 1257 2383 1312 Διογένει
2402 1259 2464 1300 καὶ

1411 1314 1557 1354 θανάτου
1579 1332 1639 1355 και
1660 1319 1783 1370 ταφῆς.

1463 1373 1648 1424 (AElianus
1667 1375 1760 1415 Var.
1779 1375 1871 1414 hist.
1890 1375 1964 1416 lib.
1981 1375 2072 1416 VIII
2090 1391 2176 1430 cap.
2201 1381 2267 1423 14.
2288 1378 2464 1431 Reposui

1411 1431 1512 1485 μόγις
1547 1447 1620 1485 pro
1652 1434 1767 1473 codd.
1801 1435 1997 1486 scriptura
2027 1435 2143 1504 μόνον.
2176 1436 2228 1475 At
2266 1437 2465 1488 Diogenes

1410 1492 1586 1530 Laertius
1608 1492 1678 1532 lib.
1703 1493 1769 1541 vl,
1792 1508 1841 1543 79
1860 1495 1908 1532 de
1927 1503 2052 1533 morte
2080 1495 2166 1547 ejus
2188 1496 2273 1535 haec
2292 1496 2463 1537 scribit·

1410 1550 1492 1588 ἔνιοι
1529 1550 1566 1588 δέ
1603 1566 1712 1604 φασι,
1744 1551 1961 1590 τελευτῶντα
1999 1553 2104 1592 αὐτὸν
2141 1554 2199 1593 καὶ
2245 1555 2464 1595 ἐντείλασθαι

1410 1608 1543 1662 ἄταφον
1567 1612 1716 1664 ῥῖψαι,’
1698 1626 1744 1654 ως
1762 1616 1832 1649 πᾶν
1853 1611 1972 1663 θηρίον
1989 1613 2096 1651 αὐτοῦ
2117 1613 2300 1666 μετᾶσγοι·
2316 1613 2339 1662 ἢ
2360 1614 2408 1659 εἴς
2423 1629 2464 1666 γε

1414 1668 1537 1740 βόθρρν
1558 1685 1735 1719 συνωσαι,
1755 1669 1816 1709 καὶ
1846 1671 1966 1723 ὀλίγην
1994 1670 2089 1710 κόνιν
2116 1674 2320 1723 ἐπαμῆσαι·
2348 1674 2460 1725 οἶδε’,

1410 1730 1457 1771 εἷς
1476 1728 1534 1766 τὸν
1557 1728 1706 1767 Ἰλισσὸν
1735 1728 1955 1780 ἐμὸαλεῒν,“
1941 1746 1995 1768 ινα
2017 1736 2087 1774 τοῖς
2111 1732 2269 1786 ἀδελφοῖς
2288 1733 2463 1787 χρήσιμος
2487 1751 2489 1753 ’

1410 1785 1580 1837 γένηται.)

1451 1901 1526 1930 299.
1563 1899 1820 1941 Haudquaquam
1847 1900 2034 1934 indecorum
2058 1911 2130 1936 esse
2153 1903 2252 1940 dixit,
2275 1903 2316 1938 de
2339 1904 2463 1947 templo

1406 1956 1571 1997 quidpiam
1594 1957 1739 1998 auferre,
1755 1959 1806 1991 vel
1826 1958 1943 1992 animal
1965 1961 2074 1993 nescio
2089 1961 2176 2003 quod
2190 1963 2334 2004 gustare,
2351 1972 2459 2005 neque

1408 2015 1497 2047 nefas
1511 2024 1582 2048 esse
1600 2017 1725 2057 putavit
1744 2018 1884 2050 bumana
1906 2019 2002 2052 etiam
2019 2020 2104 2053 vesci
2124 2029 2240 2062 carne,
2258 2021 2346 2064 quod
2365 2024 2458 2056 exto
2510 2013 2514 2015 ¹

1409 2084 1518 2107 rarum
1534 2077 1702 2109 nationum
1721 2077 1866 2110 moribus
1888 2078 2118 2113 declararetur.
2138 2080 2202 2113 Sed
2227 2082 2314 2114 recta
2334 2081 2459 2115 ratione

1408 2134 1517 2166 omnia
1539 2134 1572 2167 in
1596 2135 1748 2168 omnibus
1776 2145 1849 2170 esse
1873 2138 1905 2171 et
1932 2138 2041 2171 omnia
2071 2139 2248 2180 pervadere
2278 2140 2457 2174 contendit.

1408 2194 1555 2226 Etenim·
1547 2203 1579 2226 ιιι
1595 2204 1677 2236 pane
1693 2204 1822 2229 carnem
1835 2205 1907 2230 esse
1925 2199 1957 2230 et
1972 2197 2007 2230 in
2024 2197 2110 2232 olere
2128 2207 2264 2240 panem,
2277 2200 2460 2240 eodemque

1406 2253 1524 2286 modo
1515 2263 1548 2286 ιιι
1563 2255 1695 2296 reliquis
1709 2257 1896 2298 οοιροιίιιιιε
1911 2266 1977 2290 rem
1990 2266 2026 2291 se
2041 2258 2179 2300 habere,
2189 2269 2291 2302 quum
2303 2262 2460 2298 omnibus

1405 2319 1460 2353 per
1479 2315 1621 2347 occultos
1648 2316 1804 2356 quosdam
1830 2319 1956 2350 meatus
1982 2319 2174 2359 corpuscula
2196 2319 2248 2353 vel
2266 2313 2453 2363 ingerantur

1405 2373 1456 2405 vel
1474 2382 1514 2405 ex
1531 2374 1570 2406 iis
1582 2378 1808 2416 evaporentur.

1445 2435 1517 2465 300.
1529 2433 1698 2475 Musicam,
1714 2435 1933 2477 geometriam,
1952 2436 2183 2470 astronomiam
2196 2438 2322 2483 aliaque
2338 2438 2453 2482 buius·

1401 2491 1487 2523 modi
1502 2492 1623 2535 studia,
1640 2493 1677 2525 ut
1693 2493 1819 2526 inutilia
1835 2503 1939 2536 neque
1950 2497 2132 2530 necessaria
2146 2498 2385 2534 contemnebat.

1446 2553 1519 2583 301.
1543 2553 1699 2593 Diogenes
1720 2553 1921 2596 Sinopensis,
1949 2565 2051 2597 quum
2069 2557 2111 2589 ad
2126 2559 2311 2592 extremum
2339 2559 2454 2594 morbo

1403 2609 1523 2642 exitiali
1536 2612 1701 2651 correptus
1714 2614 1816 2653 esset,
1831 2613 1884 2646 vix
1902 2614 2047 2647 membra
2060 2616 2223 2649 sustinens
2234 2617 2275 2651 de
2287 2617 2455 2659 ponticum

1403 2677 1501 2710 prope
1518 2670 1722 2710 gymnasium
1741 2671 1804 2705 sito
1820 2681 1855 2706 se
1875 2673 2009 2715 dejecit,
2024 2677 2120 2717 atque
2139 2676 2272 2718 insuper
2292 2676 2451 2720 paloestrae

1402 2728 1528 2760 custodi
1542 2729 1725 2767 mandavit,
1741 2732 1778 2764 ut
1798 2733 1969 2773 postquam
1982 2734 2162 2775 exspirasse
2175 2736 2282 2777 ipsum
2304 2736 2457 2770 animad-

1401 2788 1569 2829 vertisset,
1583 2788 1615 2820 in
1632 2789 1758 2822 llissum
1772 2790 1935 2832 abjiceret.
1976 2793 2066 2826 Adeo
2082 2794 2202 2828 seilicet
2219 2795 2332 2829 mortis
2347 2797 2380 2830 et
2399 2805 2453 2830 so-

1404 2847 1567 2887 pulturae‘
1559 2849 1739 2882 incuriosus
1754 2853 1823 2882 erat
1836 2850 2004 2892 Diogenes.
