2606 3828
318 285 393 320 374
1053 275 1351 315 CYNICORUM
1380 274 1713 323 FRAGMENTA.

316 368 378 422 μὲν
396 368 603 422 Σωκράτους
628 367 808 420 διατριὸἥς
826 365 886 405 καὶ
913 363 1113 417 φιλοσοφίας
1141 362 1333 402 ἐκπεσόντα
1347 393 1357 411 ,

316 429 422 469 εἰσέτι
442 428 478 467 δὲ
497 428 556 467 καὶ
577 431 636 466 νῦν
653 426 710 465 ἐπὶ
726 430 788 473 τῆς
813 423 964 474 θυμέλης
987 422 1286 476 τραγῳδούμενον·
1301 422 1361 461 καὶ

315 486 480 542 Ὅμηρον
499 488 556 526 ἐπὶ
572 486 722 534 τούτοις,
740 485 776 524 ὃν
791 487 808 523 ὁ
825 484 977 536 γενναῖος
994 483 1148 522 Πλάτων
1166 481 1284 527 ἐξωθεῖ
1299 484 1362 529 τῆς

316 551 440 588 ἑαυτοῦ
463 546 659 593 πολιτείας,
681 548 727 589 ὡς
747 546 831 583 κατ’
852 543 949 582 οὐδὲν
977 542 1170 595 ὠφέλιμον,
1189 541 1280 580 ἀλλὰ
1301 542 1361 581 καὶ

314 608 360 647 τὰ
385 608 518 661 ἔσχατα
538 606 614 649 τοὺς
640 605 733 648 νέους
764 602 1028 654 λυμαινομένων
1064 603 1177 654 λόγων
1212 603 1360 650 ποιητὴν

316 665 557 719 γεγενημένον.
615 664 694 716 Ἐφ’
715 658 762 707 οἷς
778 661 883 700 πάλιν
905 664 922 700 ὁ
941 662 1178 715 προδηλωθεὶς
1196 661 1253 700 τὸν
1270 677 1362 714 χρη-

316 724 454 778 σμῳδὸν
477 723 550 763 θεὸν
568 718 636 761 ὧδέ
655 738 728 766 πως
746 722 921 761 σκώπτει·

369 820 551 864 Ἀθάνατός
572 836 627 859 σοι
647 826 729 863 παῖς
749 818 808 858 καὶ
829 819 1007 868 ἀοίδιμος,
1021 811 1050 856 ῶ
1065 816 1288 862 Τελεσίκλεις
1302 822 1333 870 ³,

370 880 480 919 ἔσσετ’
501 881 535 918 ἐν
554 879 759 932 ἀνθρώποις.

315 981 361 1019 Ὁ
381 980 415 1018 δὲ
436 986 518 1023 παῖς
539 974 579 1027 ἦν
601 959 815 1032 Ἀρχίλοχος.

366 1081 500 1121 Ἔσται
522 1096 575 1119 σοι
596 1083 718 1133 κοῦρος
740 1080 997 1132 Μνησαρχίδη,
1015 1078 1132 1118 δ’ντινα
1155 1079 1282 1122 πάντες

368 1141 542 1193 ἄνθρωποι
560 1139 714 1188 τίσουσι,
731 1138 792 1178 καὶ
810 1141 843 1183 ἐς
862 1140 960 1182 κλέος
980 1137 1100 1177 ἐσθλὸν
1120 1139 1272 1189 ὀρούσει,

367 1200 424 1238 καὶ
443 1198 596 1252 στεφέων
610 1200 711 1250 ἱερῶν
723 1197 740 1221 b
753 1196 923 1250 γλυκερὴν
944 1197 1049 1250 χάριν
1066 1197 1334 1250 ἀμφιὸαλεῖται.

313 1299 359 1339 ‘O
379 1299 414 1338 δὲ
432 1302 553 1352 κοῦρος
569 1292 610 1346 ἦν
631 1297 836 1351 Εὐριπίδης.
891 1296 1056 1350 εΌμηρος
1078 1297 1136 1348 δέ,

369 1395 433 1434 Σοὶ
453 1397 523 1443 ζωὴ·
545 1394 638 1439 δοιὰς
658 1394 779 1447 μοίρας
794 1394 916 1446 λάχεν,
929 1397 951 1442 ἡ
974 1394 1037 1446 μὲν
1058 1396 1227 1447 ἀμαυρῶν

368 1455 493 1502 ἠελίων
515 1455 641 1492 δισσῶν
661 1459 689 1503 ⁰,
708 1458 730 1500 ἡ
751 1455 781 1492 δ’
798 1453 982 1498 ἀθανάτοις
1002 1453 1177 1507 ἰσόμοιρος
1195 1452 1225 1502 ⁶,

370 1515 434 1558 ζῶν
457 1513 516 1551 καὶ
534 1512 784 1566 ἀποφθίμενος.

316 1607 393 1647 Καὶ
413 1607 470 1646 διὰ
488 1610 598 1645 ταῦτα
616 1606 758 1654 ἤκουεν,

369 1699 499 1741 Ὀλὸιε
518 1702 577 1740 καὶ
598 1701 789 1754 δύσδαιμον
800 1706 830 1751 e,
849 1701 930 1756 ἔφυς
947 1701 1015 1755 γὰρ
1035 1701 1095 1740 ἐπ’
1109 1701 1348 1755 ἀμφοτέροισι.

317 1805 423 1856 Λέγει
453 1804 488 1844 δὲ
510 1804 572 1842 οὐκ
588 1803 786 1857 ἄνθρωπος,
803 1802 894 1841 ἀλλά
911 1818 963 1847 τις
983 1802 1239 1853 διατεινάμενός
1260 1819 1364 1854 ποτε,

262 1905 265 1909 ,
317 1863 370 1903 ὅτι
391 1862 492 1902 αὐτὸν
510 1863 547 1900 οὖ
568 1861 638 1915 χρὴ

374 1956 579 2009 Ἀνθρώπων
601 1955 675 1995 θεὸν
695 1955 777 1995 ὄντα
799 1955 1004 2003 δυηπαθέων
1022 1956 1203 2008 ἀλεγίζειν.

315 2055 398 2109 Ἄγε
418 2052 489 2107 οἷν,
504 2051 533 2097 ὦ
545 2058 619 2106 θεέ,
634 2058 682 2110 μὴ
700 2058 860 2111 περιίδῃς
878 2059 959 2110 μηδ’
977 2061 1082 2109 ἡμᾶς.
1101 2059 1366 2111 Ἐπιθυμοῧμεν

315 2249 383 2273 rem
400 2239 486 2272 utilis
502 2240 602 2281 foret,
619 2239 675 2272 sed
691 2240 787 2272 etiam
801 2240 890 2281 quod
906 2249 943 2273 ee
959 2241 1194 2281 composuisset
1206 2241 1362 2281 carmina,

314 2308 390 2341 quae
409 2299 564 2341 pernicies
580 2302 612 2331 et
628 2299 728 2340 pestis
747 2298 999 2332 adolescentium
1020 2300 1214 2333 viderentur.
1251 2301 1363 2342 ltaque

315 2358 480 2392 fatidicum
500 2358 592 2392 illum
614 2358 710 2391 deum
734 2360 919 2392 OEnomaus
933 2358 995 2391 hac
1019 2368 1131 2392 rursus
1157 2361 1280 2392 ratione
1295 2362 1362 2392 tra-

315 2417 404 2451 ducit
419 2431 428 2451 ε

357 2493 553 2528 Immortalis
563 2494 623 2527 erit
637 2494 693 2527 tibi
711 2494 792 2527 tilius
801 2519 811 2535 ‚
826 2503 846 2526 o
858 2494 1028 2527 Telesicles
1037 2518 1047 2535 ,

359 2555 581 2596 aeternumque
598 2554 668 2586 cani
684 2554 811 2594 dignus.

319 2630 420 2662 Filius
438 2630 499 2662 iste
518 2628 728 2661 Archilochus
745 2629 824 2661 erat.

362 2715 425 2754 Te,
442 2712 626 2745 Mnesarcho
639 2714 747 2744 manet
762 2719 888 2742 summo
901 2710 1103 2743 decorandus
1119 2711 1239 2744 honore
1249 2735 1259 2751 ‚

362 2772 464 2810 filius,
481 2779 519 2803 ac
533 2771 660 2802 meritae
678 2778 804 2802 summa
821 2769 862 2801 ad
879 2770 1003 2810 fastigia
1021 2770 1125 2802 laudis

362 2829 579 2862 conscendens
593 2829 682 2860 laetas
699 2837 790 2860 sacro
810 2836 851 2860 ex
868 2828 1042 2860 certamine
1061 2828 1183 2869 palmas

362 2888 494 2921 auferet.

321 2965 380 2999 llle
400 2967 507 2996 autem
525 2963 609 2995 filius
626 2962 792 3004 Euripides
809 2965 887 2996 erat.
933 2964 1091 2996 Homerus
1104 2973 1181 2998 vero
1204 2966 1250 3006 is,
1268 2975 1364 3007 quem

322 3025 369 3058 sic
387 3024 586 3066 alloquitur:

364 3107 423 3140 Est
438 3106 498 3140 tibi
512 3115 580 3138 sors
600 3106 673 3138 vitae
687 3106 804 3146 duplex
825 3117 833 3137 ε
853 3106 1014 3147 geminum
1032 3107 1130 3140 altera
1142 3108 1242 3141 solem
1293 3143 1296 3146 ,

365 3166 541 3198 obscurum
557 3165 663 3204 dabit,
681 3164 914 3196 immortalibus
931 3164 1029 3197 altera
1043 3165 1158 3207 jungit.

364 3224 488 3258 Vivens
504 3224 746 3264 exstinctusque
762 3223 870 3256 simul.

327 3307 430 3348 Atque
449 3307 531 3339 hanc
544 3306 587 3338 ob
599 3305 729 3338 causam
741 3314 783 3339 ex
798 3306 910 3339 eodem
929 3306 1051 3339 audivit
1071 3320 1080 3340 ε

368 3383 456 3416 Felix
474 3383 648 3424 infelixque
663 3383 777 3424 simul,
792 3371 848 3424 qui'
866 3385 961 3415 natus
978 3382 1122 3424 utrisque
1134 3393 1179 3416 es.

331 3472 489 3503 caeoerum
508 3480 572 3504 non
599 3472 664 3511 jam
693 3472 811 3513 homo,
829 3472 885 3504 sed
901 3472 981 3504 alius
998 3472 1157 3513 quispiam
1187 3475 1370 3506 constanter

1420 362 1508 416 γάρ,
1532 364 1560 402 εἰ
1582 362 1630 414 μή
1659 379 1693 401 τι
1714 363 1912 413 ἀδικοῦμεν,
1934 363 1966 401 οἱ
1986 361 2048 413 μὲν
2069 361 2190 408 κλέους
2210 363 2355 416 ἐσθλοῦ,
2376 363 2409 403 οἱ
2426 364 2464 404 δὲ

1421 421 1599 474 στεφάνων
1628 422 1746 475 ἱερῶν,
1774 422 1805 460 οἱ
1831 420 1867 460 δὲ
1896 420 1981 473 πρὸς
2008 420 2104 465 θεοὺς
2131 421 2343 475 ἰσομοιρίας,
2371 423 2404 462 οἱ
2426 422 2463 463 δὲ

1421 481 1528 527 αὐτῆς
1562 480 1765 525 ἀθανασίας.
1824 481 1871 520 Τί
1901 484 1978 519 ποτ’
1999 475 2058 519 οὗν
2087 474 2130 528 ἦν
2155 483 2279 532 τοῦτο,
2300 482 2345 520 δι’
2369 480 2392 521 ὅ
2411 497 2466 522 σοι

1421 539 1623 613 Ἀρχίλοχος
1645 539 1755 585 ἔδοξεν
1781 539 1871 585 ἄξιος
1899 534 1988 578 εἶναι
2014 544 2075 579 τοῦ
2104 540 2271 593 οὗρανοῧς
2289 539 2352 589 Μὴ
2378 544 2467 595 φθο-

1421 598 1528 651 νήσῃς
1540 629 1551 650 ,
1571 615 1600 638 ω
1620 599 1927 653 φιλανθρωπότατε
1962 600 2061 648 θεῶν,
2085 599 2166 651 μηδ’
2189 598 2307 644 ἄλλοις
2328 599 2467 654 ἀνθρώ-

1420 673 1498 702 ποις
1517 660 1578 706 τῆς
1599 659 1670 698 ἄνω
1693 659 1784 698 ὀδοῦ.
1839 658 1887 698 Τί
1912 658 2077 711 πράττειν
2097 658 2249 703 κελεύεις
2269 661 2387 711 ἡμᾶςς
2413 659 2464 701 Ἦ

1422 715 1556 763 δηλαδὴ
1582 715 1627 755 τὰ
1647 715 1876 770 Ἀρχιλόχου,
1899 719 1929 755 εἷ
1957 717 2145 768 μέλλοιμεν
2167 716 2255 762 ἄξιοι
2286 719 2468 769 φανεῖσθαι

1421 777 1485 826 τῆς
1503 774 1676 829 ὑμετέρας
1697 775 1839 827 ἑστίας,
1861 777 2076 829 Λοιδορῆσαι
2093 775 2155 828 μὲν
2176 777 2308 829 πικρῶς
2326 775 2389 821 τὰς
2405 777 2470 817 οὔκ

1423 833 1607 877 ἐθελούσας
1631 837 1717 884 ἡμῖν
1750 837 1960 886 γαμεῖσθαι,
1982 834 2137 887 ἅψασθαι
2169 835 2205 874 δὲ
2240 834 2301 874 καὶ
2327 837 2396 874 τῶν
2413 851 2470 875 κι-

1424 892 1566 941 ναίδων,
1586 894 1708 941 ἐπειδὴ
1729 895 1798 931 τῶν
1819 893 1934 932 ἄλλων
1953 896 2113 946 πονηρῶν
2134 894 2222 934 πολὺ
2243 893 2470 947 πονηρότεροί

1424 953 1490 990 εἰσι
1502 967 1511 976 ·
1530 952 1610 1004 οὐχὶ
1632 952 1715 1005 δίχα
1736 952 1862 1004 μέτρου
1874 982 1885 1000 ,
1906 952 1993 1000 αὕτη
2011 953 2079 1006 γὰρ
2095 953 2272 998 διάλεκτος
2289 952 2351 992 καὶ
2370 955 2470 1001 θεῶν,

1422 1010 1543 1063 ὥσπερ
1563 1004 1622 1050 οῧν
1642 1011 1703 1049 καὶ
1723 1010 1822 1049 θείων
1843 1011 1993 1064 ἀνδρῶν,
2010 1010 2130 1065 ὥσπερ
2153 1011 2372 1065 Ἀρχιλόχου.
2398 1012 2471 1052 Καὶ

1423 1069 1518 1108 οὐδὲν
1539 1069 1622 1114 ἴσως
1641 1069 1858 1120 θαυμαστόν.
1896 1069 1964 1110 Διὰ
1984 1069 2052 1124 γὰρ
2071 1069 2132 1118 τὴν
2155 1073 2190 1110 ἐν
2207 1070 2341 1114 τούτοις
2359 1073 2470 1123 ὓπερ-

1422 1128 1524 1182 οχήν,
1548 1123 1586 1167 εῧ
1607 1127 1670 1180 μὲν
1690 1123 1781 1173 οἶκος
1811 1129 1973 1178 οἰκεῖται,
1991 1123 2028 1168 εὖ
2057 1128 2094 1168 δὲ
2125 1129 2274 1178 ἰδιώτης·
2291 1129 2384 1181 βίος,
2401 1128 2471 1168 πό-

1421 1189 1492 1232 λεις
1522 1188 1558 1226 δὲ
1591 1187 1810 1242 ὁμοφρόνως,
1839 1187 1899 1226 καὶ
1933 1187 2015 1236 ἔθνη
2057 1188 2211 1240 εὐνόμως
2249 1194 2468 1230 συνεστᾶσιν.

1423 1248 1502 1286 Οὐκ
1521 1247 1713 1293 ἀπεικότως
1735 1247 1803 1300 ἄρα
1823 1263 1877 1287 σοι
1898 1247 1958 1287 καὶ
1979 1250 2132 1288 Μουσῶν
2151 1248 2311 1301 θεράπων
2327 1247 2341 1273 ¹
2359 1249 2470 1294 ἔδοξεν

1423 1299 1534 1357 εἶναι,
1562 1306 1624 1344 καὶ
1649 1304 1667 1344 δ
1693 1305 1815 1356 φονεὺς
1841 1307 1946 1345 αὑτοῦ
1977 1308 2039 1345 οὐκ
2066 1305 2158 1352 ἄξιος
2182 1300 2275 1346 εἶναι
2299 1309 2361 1355 τῆς
2383 1306 2468 1361 πρὸς

1406 1365 1512 1414 ,ὑμᾶς
1530 1365 1608 1410 τοὺς
1635 1364 1732 1410 θεοὺς
1751 1364 1905 1414 εἰσόδου,
1922 1364 2000 1404 οὐδὲ
2023 1367 2086 1413 τῆς
2102 1365 2186 1418 παρ’
2206 1367 2304 1414 ὑμῶν
2329 1368 2467 1420 φωνῆς,

1423 1423 1531 1475 ἄνδρα
1560 1423 1741 1477 φωνάεντα
1767 1423 1985 1468 ἀποκτείνας.
2041 1423 2180 1463 Οὔκουν
2201 1423 2319 1469 ἄδικος
2345 1427 2367 1473 ἡ
2388 1424 2472 1478 πρὸς

1423 1481 1481 1520 τὸν
1515 1482 1656 1535 Ἀρχίαν
1675 1486 1692 1516 8
1721 1482 1871 1532 ἀπειλή,
1902 1482 1973 1522 οὐδ’
1999 1482 2184 1536 ἄκαιροςὴ
2211 1483 2332 1524 Πυθία
2359 1499 2471 1535 τιμω-

1425 1544 1532 1593 ροῦσα
1557 1542 1753 1595 Ἀρχιλόχῳ
1779 1545 1830 1594 τῷ
1855 1541 1969 1581 πάλαι
1998 1545 2134 1596 νεκρῷ,
2158 1542 2219 1581 καὶ
2246 1542 2437 1584 κελεύουσα
2453 1541 2472 1568 ¹¹

1424 1598 1548 1643 ἐξιέναι
1576 1604 1636 1639 τοῦ
1662 1605 1747 1639 ναοῦ
1775 1600 1834 1639 τὸν
1854 1603 1974 1652 ἐναγῆ·
1995 1601 2173 1640 Μουσάων
2194 1599 2262 1654 γὰρ
2289 1600 2473 1641 ἀπέκτεινε

1424 1658 1633 1710 θεράποντα.
1700 1657 1838 1698 Οὔκουν
1870 1658 1981 1711 ἔμοιγ’
2013 1660 2162 1712 ἐφάνης,
2197 1659 2386 1711 ἐπαμύνων
2421 1662 2473 1713 τῷ

1424 1719 1573 1769 ποιητῇ,
1588 1716 1749 1770 ἀπρεπὴς
1766 1711 1854 1756 εἶναι
1866 1733 1875 1742 ·
1889 1717 2099 1769 ἐμεμνήμην
2111 1718 2180 1771 γὰρ
2196 1717 2256 1758 καὶ
2274 1721 2335 1758 τοῦ
2355 1718 2472 1771 ἑτέρου

1424 1779 1588 1824 ποιητοῦ,
1618 1777 1678 1815 καὶ
1709 1779 1779 1815 τῶν
1814 1779 1917 1830 ἱερῶν
1951 1781 2013 1816 τοῦ
2044 1777 2237 1830 Εὐριπίδου
2278 1778 2469 1831 στεφάνων·

1426 1834 1541 1874 καίτοι
1560 1837 1716 1887 ἀπορῶν,
1738 1835 1799 1874 καὶ
1819 1837 1968 1875 ἀκοῦσαι
1986 1837 2178 1887 ἐπιθυμῶν,
2200 1837 2266 1890 οὐχ
2293 1835 2348 1876 ὅτι
2375 1838 2474 1876 ἐστε-

1426 1893 1611 1940 φανοῦντο,
1628 1888 1719 1927 ἀλλὰ
1739 1891 1813 1932 πῶς
1829 1883 1871 1936 ἧν
1892 1889 1935 1927 τὰ
1956 1889 2064 1941 στέφη
2082 1893 2193 1928 ταῦτα
2213 1889 2292 1941 ἱερά
2305 1902 2316 1912 ·
2335 1889 2407 1929 οὔδ’
2419 1889 2472 1929 ὅτι

1426 1947 1527 1990 αὐτὸς
1547 1948 1594 1991 εἰς
1617 1946 1715 1991 κλέος
1745 1947 1886 1999 ὄρουσεν
1900 1946 1921 1994 ¹,
1941 1948 2032 1987 ἀλλὰ
2051 1950 2128 1992 πῶς
2150 1948 2271 1992 ἐσθλὸν
2291 1942 2333 1996 ἧν
2351 1952 2468 1991 τοῦτο.

1425 2004 1691 2056 Ἐκροταλίζετο
1718 2005 1780 2055 μὲν
1801 2004 1869 2058 γὰρ
1894 2008 1928 2044 ἐν
1955 2010 2026 2050 τοῖς
2054 2005 2188 2058 ὄχλοις,
2211 1999 2310 2046 οἶδα·
2329 2007 2390 2046 καὶ
2411 2022 2472 2046 τυ-

1427 2062 1559 2115 ράννοις
1579 2062 1720 2116 ἤρεσκε,
1741 2063 1801 2101 καὶ
1820 2067 1922 2102 τοῦτο
1941 2057 2037 2102 οἶδα·
2055 2065 2118 2103 καὶ
2134 2063 2234 2117 ἔργον
2251 2064 2470 2114 ἐπετήδευεν,

1427 2243 1608 2282 asseverat,
1627 2244 1733 2283 ipsum
1753 2242 1807 2283 qui
1832 2242 1911 2274 deus
1934 2241 1976 2274 sit
1991 2241 2127 2274 miseros
2145 2241 2292 2275 homines
2314 2242 2474 2284 negligere

1426 2301 1560 2335 dehere.

1468 2361 1556 2392 Cave
1576 2359 1685 2400 igitur,
1702 2359 1794 2400 deus,
1813 2368 1854 2392 ne
1883 2359 1932 2392 vel
1955 2368 2014 2392 nos
2042 2360 2239 2392 contemnas,
2283 2360 2472 2402 Expetimus

1427 2419 1531 2459 enim,
1549 2418 1646 2450 modo
1664 2426 1704 2450 ne
1718 2417 1797 2459 quid
1814 2425 2000 2459 peccemus,
2013 2417 2066 2450 alii
2085 2426 2245 2450 summam
2258 2418 2404 2459 gloriam,
2416 2418 2472 2451 alii

1427 2486 1562 2510 coronas
1580 2486 1688 2510 sacras
1700 2500 1709 2517 ‚
1728 2477 1782 2509 alii
1799 2476 1934 2509 deorum
1951 2477 2224 2510 conversationem
2236 2501 2247 2518 ,
2260 2477 2313 2510 alii
2336 2477 2475 2520 denique

1428 2536 1529 2577 ipsam
1559 2536 1843 2568 immortalitatem.
1890 2535 1976 2574 Quid
2000 2535 2095 2575 igitur
2122 2535 2254 2569 taudem
2279 2535 2359 2568 illud
2384 2537 2474 2576 erat,

1427 2595 1639 2636 quamobrem
1655 2594 1882 2627 Archilochum
1897 2594 1977 2626 ooelo
1990 2594 2120 2635 dignum
2137 2595 2290 2635 putares?
2301 2595 2386 2635 Noli,
2396 2595 2472 2628 deo·

1428 2662 1501 2684 rum
1529 2652 1778 2693 humanissime,
1805 2661 1846 2684 nc
1881 2652 2004 2684 caeteris
2036 2651 2167 2693 quidem
2200 2651 2383 2684 hominihus
2413 2651 2475 2684 hoc

1428 2711 1461 2743 in
1481 2711 1600 2756 coelum
1616 2712 1676 2744 iter
1692 2711 1845 2743 invidere.
1861 2710 1946 2748 Quid
1962 2719 2021 2742 uos
2038 2710 2141 2743 facere
2151 2709 2326 2750 jubesi'Au
2340 2711 2472 2752 quidem

1428 2771 1563 2803 dubium
1582 2774 1648 2810 est,
1663 2771 1741 2812 quin
1757 2759 1816 2802 nos
1837 2769 2018 2802 Archilochi
2037 2769 2181 2810 vestigiis
2196 2769 2345 2802 insistere
2366 2769 2470 2811 velis,

1429 2829 1454 2860 si
1477 2829 1541 2862 tuis
1561 2829 1647 2870 digni
1670 2829 1838 2870 penatibus
1853 2828 1956 2861 videri
1977 2828 2158 2869 cupiamus.
2202 2828 2334 2861 Acerbis
2358 2837 2474 2870 nempe

1430 2887 1554 2927 probris
1578 2887 1735 2920 vexandae
1749 2887 1842 2919 nobis
1866 2885 2013 2918 mulieres
2023 2909 2032 2925 ‚
2046 2894 2120 2927 quae
2133 2885 2314 2926 conjugium
2326 2889 2474 2919 nostrum

1429 2946 1646 2987 repudiarint:
1670 2944 1838 2978 mordendi
1875 2953 2005 2986 quoque
2035 2944 2126 2985 pueri
2164 2943 2338 2984 meritorii,
2371 2953 2472 2986 quum

1428 3006 1522 3047 longe
1538 3005 1701 3047 improbos
1728 3013 1839 3037 omnes
1858 3004 1983 3045 flagitiis
1999 3004 2160 3045 superent.
2183 3006 2304 3036 Verum
2316 3002 2349 3035 id
2361 3003 2474 3045 utique

1431 3065 1626 3097 carminibus
1641 3062 1825 3096 faciendum
1842 3063 1920 3103 erit,
1935 3062 2020 3103 quod
2041 3071 2078 3094 ea
2101 3062 2142 3095 sit
2159 3063 2229 3094 tum
2250 3061 2384 3099 deorum
2402 3064 2472 3094 tum

1429 3123 1611 3155 divinorum
1635 3123 1803 3154 homiuum
1816 3146 1825 3162 ‚
1839 3121 1942 3163 qualis
1959 3121 2172 3154 Archilochus
2189 3120 2265 3161 suit,
2279 3120 2376 3154 dictio
2398 3130 2473 3162 pto·

1431 3182 1499 3223 pria
1518 3184 1551 3214 et
1572 3182 1755 3223 peculiaris.
1798 3183 1908 3222 Neque
1931 3180 1964 3212 id
1998 3180 2132 3213 sortasse
2158 3180 2287 3212 mirum.
2328 3173 2411 3213 Nam
2440 3181 2474 3214 et

1431 3240 1622 3272 familiarum
1650 3240 1737 3272 salus
1764 3240 1797 3272 et
1825 3239 1956 3280 privatae
1981 3239 2057 3271 vitae
2076 3238 2279 3270 incolumitas
2305 3239 2338 3270 et
2361 3247 2470 3274 rerum

1432 3299 1629 3339 publicarum
1641 3298 1809 3331 concordia
1820 3298 1952 3330 ethonis
1963 3298 2084 3339 legibus
2096 3297 2268 3330 constituta
2280 3297 2472 3338 populorum

1430 3358 1593 3399 integritas
1620 3357 1717 3399 hujus
1744 3358 1944 3399 potissimum
1973 3357 2052 3390 artis
2068 3356 2256 3389 excellentia
2276 3356 2470 3390 continetur.

1432 3418 1544 3456 ltaque
1561 3425 1620 3449 nec
1633 3416 1723 3448 illum
1741 3417 1810 3449 siue
1825 3425 1921 3448 causa
1935 3425 1992 3456 pro
2007 3418 2168 3448 Musarum
2182 3415 2304 3447 cultore
2319 3414 2484 3455 habuisti,

1431 3475 1464 3506 et
1490 3474 1559 3514 ejus
1586 3474 1820 3506 interfectorem
1842 3475 1967 3514 vestro,
1987 3474 2046 3506 hoc
2073 3474 2123 3505 est
2151 3471 2279 3512 divino,
2296 3480 2469 3513 congressu

2583 0 2598 117 ‚mm-...n

2588 490 2603 542 122³.-
2587 357 2603 485 sumzu-,sw-
2588 337 2601 362 1“.·
2592 315 2601 333 ..Υ
2593 306 2595 308 ·
2586 239 2601 300 amas·-
2591 227 2595 231 -
2585 183 2599 218 μ..
2586 126 2606 177 ,εἱ-’ψ
