2638 3840
329 267 378 301 74

325 335 589 392 ἀξιώμασιν,ᾗ’
618 338 902 414 συγκαταθέσεις.
963 337 1118 377 Ἐπειδ’
1151 338 1186 376 ἐν
1218 338 1300 375 εἴδει
1329 337 1369 376 τὸ

323 401 435 445 πάθος
451 404 514 448 τῆς
532 402 643 454 δρμῆς
665 401 738 438 ε’στι
752 397 938 448 ,λέγωμεν
958 396 1036 443 ἑξῆς
1054 396 1135 449 περὶ
1154 398 1289 437 παθων.

377 460 496 504 Πάθος
524 457 573 483 ¹⁵³
596 459 626 497 δ’
646 453 737 498 εἶναί
765 473 867 511 φασιν
898 456 1010 508 ὁρμὴν
1032 456 1290 502 πλεονάζουσαν
1311 455 1372 496 καὶ

323 520 449 566 ἀπειθῆ
463 535 513 571 τῳ
529 520 680 570 αἱροῦντι
691 517 784 568 λόγῳ
798 514 846 543 ¹⁵⁴
851 514 898 563 ,ἢ
910 515 1045 563 κίνησιν
1059 519 1173 569 ψυχῆς
1190 516 1287 568 παρὰ
1304 516 1370 569 φύ-

323 595 389 626 σιν,
403 572 502 633 (εἶναι
522 577 557 616 δὲ
567 577 660 625 πάθη
675 576 804 625 πάντα,
820 592 871 614 τω
881 575 986 626 γενει,
1003 577 1064 622 τῆς
1079 578 1224 628 ψυχῆς,)
1239 575 1290 615 διὸ
1310 575 1371 615 καὶ

321 643 440 676 πᾶσαν
455 637 578 675 πτοίαν
595 637 702 679 πάθος
713 639 814 682 εἰναι,
830 633 891 673 καὶ
908 632 1015 671 πάλιν
1029 634 1140 678 πάθος
1150 635 1291 675 πτοίαν.
1297 637 1370 675 Τοῦ

322 696 358 734 δὲ
378 695 508 739 πάθους
531 694 683 733 τοιούτου
700 692 813 740 ὄντος,
835 692 1079 741 υποληπτέον,
1095 692 1141 732 τὰ
1166 692 1229 745 μὲν
1248 710 1372 747 πρωτα

321 748 410 794 ειναι
429 754 488 793 καὶ
507 752 678 827 ἀρξχηγά,
686 752 731 790 τὰ
745 752 774 789 δ’
791 752 840 795 εἷς
859 753 972 790 ταῦτα
989 750 1053 799 τὴν
1073 750 1248 806 ἀναφορὰν
1265 751 1371 805 ἔχειν.

322 815 454 866 Πρῶτα
481 812 509 850 δ’
526 815 613 851 εἰναι
632 813 681 863 τῷ
695 810 786 862 γένει
802 814 914 849 ταῦτα
932 809 978 848 τὰ
991 808 1146 862 τέσσαρα
1165 811 1227 860 ¹⁵⁵,
1248 811 1368 850 ἐπιθυ-

322 871 419 922 μίαν,
439 871 561 923 φόὸον,
591 869 718 918 λύπην,
738 869 880 917 ἡδονήν.
898 868 1112 920 Ἐπιθυμίαν
1143 869 1205 921 μὲν
1230 863 1290 908 ουν
1308 870 1370 910 καὶ

323 930 427 984 φόῦον
438 932 677 982 προηγεῖσθαι,
691 927 755 976 τὴν
774 927 837 979 μὲν
853 927 938 981 πρὸς
952 926 992 966 τὸ
1003 926 1209 979 φαινόμενον
1226 928 1369 980 ἀγαθόν,

320 989 383 1036 τὴν
393 989 428 1027 δὲ
439 989 524 1040 πρὸς
531 988 570 1027 τὸ
581 1003 643 1041 φαι
635 987 712 1039 νόυ.
715 1003 788 1026 ενον
797 986 916 1027 κακόν.
925 985 1188 1039 Ἐπιγίγνεσθαι
1198 985 1233 1025 δὲ
1220 986 1374 1032 =ro6rotq

319 1046 448 1095 ἡδονὴν
477 1061 536 1085 και
555 1046 689 1094 λύπην,
712 1045 840 1093 ἡδονὴν
859 1061 902 1096 με
889 1044 936 1091 ’ν,
962 1044 1045 1084 οταν
1068 1045 1300 1098 τυγχάνωμεν
1324 1050 1372 1084 ὢν

320 1103 614 1155 ἐπιθυμοῦμεν,““
595 1121 617 1151 η
639 1102 846 1156 ἐκφύγοιμεν
875 1102 897 1140 ἃ
918 1102 1152 1156 ἐφοὸούμεθα·
1175 1103 1290 1151 λύπην
1318 1103 1369 1152 δέ,

318 1163 401 1202 ὅταν
422 1162 726 1215 ἀποτυγχάνωμεν
748 1157 796 1201 ὧν
814 1161 1107 1213 ἐπιθυμοῦμεν,ἢ
1127 1163 1372 1216 περιπέσωμεν

319 1225 368 1266 οἷς
381 1221 614 1275 ε’φοὸούμεθα.
633 1221 720 1263 Ἐπὶ
737 1219 880 1259 πάντων
901 1219 936 1259 δὲ
957 1222 1025 1259 τῶν
1041 1224 1103 1268 τ’ἧς
1117 1224 1233 1274 ψυχης
1252 1225 1372 1261 παθῶν

320 1281 380 1320 ἐπὶ
397 1279 498 1326 δόξας
520 1278 571 1303 ¹⁵⁶
592 1278 683 1318 αὐτὰ
706 1279 869 1330 λέγουσιν
899 1272 1000 1318 εἶναι·
1027 1280 1373 1333 παραλαμβάνεσθαι

321 1340 384 1389 τὴν
406 1339 507 1386 δόξαν
527 1340 605 1379 ἀντὶ
622 1342 685 1387 τῆς
713 1340 876 1383 ἀσθενους
895 1338 1054 1392 ὕποληψε
1059 1354 1116 1383 ως·
1143 1339 1183 1378 τὸ
1210 1340 1247 1378 δὲ
1263 1340 1371 1394 πρόσ-

321 1414 428 1452 φατον
449 1398 526 1437 ἀντὶ
551 1401 613 1437 τοῦ
639 1401 817 1451 κινητικοῦ
853 1398 1024 1444 συστολῆς
1058 1397 1184 1450 ἀλόγου
1215 1397 1238 1445 ἢ
1262 1400 1372 1452 ἐπάρ-

322 1473 422 1502 σεως.
444 1457 497 1497 Τὸ
514 1457 549 1495 δὲ
567 1456 692 1509 ἄλογον
710 1456 770 1495 καὶ
789 1456 828 1495 τὸ
844 1455 942 1509 παρὰ
962 1456 1063 1510 φύσιν
1078 1458 1115 1495 οὗ
1131 1459 1264 1506 κοινῶς,
1283 1458 1374 1497 ἀλλὰ

321 1516 445 1567 τὸμὲν
475 1515 604 1567 ἄλογον
625 1515 704 1554 ὅσον
733 1514 773 1554 τὸ
798 1517 948 1559 ἀπειθῶς
980 1518 1030 1567 τῷ
1061 1515 1172 1569 λόγῳ.
1204 1518 1283 1556 Πᾶν
1304 1517 1372 1571 γὰρ

322 1575 430 1618 πάθος
449 1573 631 1627 βιαστικόν
654 1576 760 1622 ἐστιν,
782 1576 828 1618 ὡς
851 1573 911 1612 καὶ
932 1573 1103 1618 πολλάκις
1123 1577 1275 1628 ὁρῶντας
1292 1575 1370 1620 τοὺς

322 1636 356 1673 ἓν
373 1634 444 1677 τοῖς
464 1632 606 1671 πάθεσιν
624 1631 724 1677 ὄντας
743 1631 795 1671 ὅτι
815 1631 985 1686 συμφέρει
1003 1631 1081 1671 τόδε
1102 1633 1140 1670 οὗ
1162 1638 1287 1682 ποιεῖν,
1306 1634 1372 1673 ὑπὸ

323 1696 385 1740 τῆς
416 1691 648 1745 σφοδρότητος
679 1689 964 1744 ’ἓκφερομένουῃ
996 1691 1155 1743 καθάπερ
1184 1692 1252 1731 ὑπό
1283 1709 1373 1738 τινος

324 1750 484 1795 ἀπειθοῧς
502 1750 631 1800 ἵππου,
653 1751 842 1802 ἀνάγεσθαι
855 1749 942 1802 πρὸς
961 1749 1000 1787 τὸ
1021 1753 1130 1788 ποιεῖν
1153 1750 1256 1801 αὐτό,
1279 1754 1369 1805 παρ’

323 1811 341 1849 ὃ
362 1812 422 1849 καὶ
437 1810 606 1854 πολλάκις
619 1810 715 1855 τινὰς
736 1810 1016 1861 ἐξομολογεῖσθαι
1035 1807 1198 1862 λέγοντας
1212 1810 1251 1849 τὸ
1268 1813 1371 1864 θρυλ-

322 1869 487 1920 λούμενον
507 1873 621 1919 τοῦτο,

406 1960 537 2001 Γνώμην
550 1960 577 1991 δ’
597 1956 709 2001 ἔχοντά
728 1959 759 2001 μ’
777 1961 796 1998 ἡ
810 1959 897 2000 φύσις
914 1959 1051 2001 βιάζεται
1068 1961 1123 1983 1⁵⁷·

323 2037 468 2090 γνώμην
485 2035 553 2089 γὰρ
572 2035 668 2088 λέγει
686 2039 747 2075 νῦν
768 2036 832 2084 τὴν
851 2035 983 2085 εἴδησιν
1005 2036 1065 2075 καὶ
1076 2038 1204 2088 γνῶσιν
1221 2039 1290 2076 τῶν
1312 2039 1372 2092 ὀρ-

1170 255 1450 295 PYTHAGOR
1458 254 1636 295 EORUM

1433 339 1500 376 θῶν
1521 338 1755 391 πραγμάτων.
1822 335 1893 376 Καὶ
1908 336 1948 375 τὸ
1970 335 2068 389 παρὰ
2090 334 2191 391 φύσιν
2215 337 2245 375 δ’
2266 334 2405 389 εἴρηται
2426 335 2476 361 ¹⁵⁸

1433 398 1468 436 ἐν
1493 399 1536 450 τῇ
1555 413 1616 436 του
1641 396 1772 441 πάθους
1798 398 2005 463 ὑπογραφῇ,
2033 397 2082 440 ὥς
2102 395 2356 448 συμὸαίνοντος
2376 395 2476 449 παρὰ

1433 450 1491 489 τὸν
1511 450 1609 503 ὀρθον
1630 466 1689 488 και
1714 449 1806 489 κατὰ
1830 449 1930 502 φύσιν
1949 449 2065 501 λόγον.
2085 450 2223 494 Πάντες
2249 451 2280 488 δ’
2299 451 2330 488 οἱ
2351 450 2388 488 ἐν
2409 454 2479 495 τοῖς

1434 509 1583 548 πάθεσιν
1613 509 1709 553 ὄντες
1726 508 2005 562 ἀποστρέφονται
2024 524 2081 547 τον
2098 508 2212 560 λόγον,
2231 510 2270 548 οὗ
2289 510 2479 562 παραπλη·

1434 567 1516 613 σίως
1531 568 1566 607 δὲ
1585 574 1655 613 τοῖς
1670 567 1944 618 ἐξηπατημένοις
1956 569 1991 606 ἐν
2007 569 2152 620 ὁτῳοῦν,
2165 569 2244 607 ἀλλ’
2262 568 2476 614 ἰδιαζόντως.

1434 629 1481 666 Οἱ
1500 627 1562 677 μὲν
1574 627 1642 680 γὰρ
1658 627 1894 678 ἠπατημένοι,
1910 626 2015 679 λόγου
2032 626 2137 680 χάριν
2154 627 2236 681 περὶ
2249 626 2311 671 τὰς
2329 627 2480 680 ἀτόμους

1435 686 1545 739 ἀρχὰς
1563 681 1666 738 εἶναι,
1684 686 1902 739 διδαχθέντες
1922 684 1975 724 ὅτι
1991 687 2055 726 οὐκ
2071 685 2174 735 εἰσίν,
2196 685 2404 740 ἀφίστανται
2416 690 2479 735 τῆς

1434 745 1591 797 κρίσεως·
1613 746 1677 785 οἱ
1659 747 1687 784 ο’
1706 747 1739 784 ἐν
1754 751 1824 789 τοῖς
1843 745 2021 784 πάθεσιν”
2002 761 2095 790 οντες
2109 775 2119 795 ,
2145 745 2210 784 κᾶν
2232 745 2389 797 μάθωσι,
2414 745 2480 786 κᾶν

1435 804 1777 856 μεταδιδαχθῶσιν
1764 803 1818 843 ότι
1838 806 1877 843 οὐ
1898 805 1951 843 δεῖ
1978 806 2169 844 λυπεῖσθαι
2189 804 2212 853 ἢ
2235 805 2430 881 φοὸεῖσθαξ,
2457 805 2480 854 ἢ

1434 863 1557 906 ὅλως’
1542 879 1576 901 εν
1597 868 1667 908 τοῖς
1683 862 1828 902 πάθεσιν
1849 856 1938 903 εἶναι
1960 866 2021 911 τῆς
2046 866 2183 917 ψυχῆς,
2206 863 2301 916 ὅμως
2317 867 2378 905 οὐκ
2401 865 2481 920 ἀφί-

1435 937 1581 960 στανται
1598 921 1743 970 τούτων,
1764 922 1842 960 ἀλλ’
1865 922 2010 974 ἄγονται
2039 923 2105 962 ὑπὸ
2124 926 2193 962 τῶν
2215 926 2344 967 παθῶν
2362 926 2410 968 εἷς
2440 925 2481 964 τὸ

1435 980 1582 1029 ὑπὸτῆς
1599 981 1730 1019 τούτων
1757 981 1960 1034 κρατεῖσθαι
1987 982 2201 1035 τυραννίδος.
2229 983 2308 1031 Τὴν
2328 968 2394 1035 μὲν
2423 977 2483 1023 οὖν

1442 1039 1628 1091 ἐπιθυμίαν
1648 1038 1700 1071 ¹⁵9
1722 1039 1884 1091 λέγουσιν
1910 1041 2018 1094 ὄρεξιν
2041 1037 2131 1080 εἶναι
2150 1044 2277 1091 ἀπειθη
2292 1043 2400 1096 λόγῳ·
2423 1042 2483 1082 αἵ·

1434 1115 1505 1138 τιον
1524 1099 1552 1137 δ’
1574 1101 1678 1146 αὔτης
1696 1098 1734 1137 τὸ
1754 1098 1906 1144 δοξάζειν
1930 1101 2059 1152 ἀγαθον
2089 1101 2327 1176 ἐπιφέρεσθαι,
2349 1097 2388 1142 οὗ
2407 1119 2480 1141 πα-

1437 1156 1551 1212 ρόντος
1578 1173 1614 1196 ευ
1639 1157 1908 1209 ἀπαλλάξομεν,
1934 1162 1996 1206 τῆς
2016 1158 2116 1207 δόξης
2140 1162 2247 1207 αὐτῆς
2268 1160 2416 1213 ἐχούσης
2443 1162 2485 1201 τὸ

1437 1217 1596 1261 ἀτάκτως
1623 1215 1798 1264 κινητικὸν
1830 1233 1891 1256 και
1919 1217 2140 1272 πρόσφατον.
2177 1219 2299 1260 Φόὸον
2333 1221 2363 1258 δ
2394 1214 2484 1260 εἶναι

1436 1276 1591 1315 ἔκκλισιν
1608 1278 1733 1323 ἀπειθῆ
1747 1276 1854 1329 λόγῳ,
1875 1276 1987 1316 αἴτιον
2007 1278 2036 1316 δ’
2056 1281 2161 1318 αὐτοῦ
2182 1278 2225 1316 τὸ
2247 1278 2398 1325 δοξάζειν
2417 1295 2484 1320 κα-

1436 1351 1498 1374 κον
1513 1334 1762 1409 ἐπιφέρεσθαι,
1786 1352 1848 1382 της
1868 1335 1968 1384 δόξης
1984 1337 2024 1376 τὸ
2041 1337 2218 1386 κινητικὸν
2238 1338 2300 1378 καὶ
2317 1338 2485 1393 πρόσφα-

1435 1408 1494 1431 τον
1515 1393 1662 1446 ἐχούσης
1687 1409 1747 1432 του
1767 1391 1874 1437 ὄντως
1893 1394 1978 1433 αὐτο
2001 1395 2147 1449 φευκτὸν
2172 1400 2277 1437 εἰναι.
2303 1397 2432 1447 Λύπην
2452 1399 2482 1438 δ’

1437 1455 1525 1490 εἶναι
1539 1451 1711 1499 συστολὴν
1727 1453 1842 1506 ψυχῆς
1861 1453 1988 1500 ἀπειθῆ
2004 1452 2114 1507 λόγῳ,
2134 1454 2244 1494 αἴτιον
2263 1456 2294 1494 δ’
2315 1456 2422 1504 αὗτῆς
2446 1456 2486 1496 τὸ

1437 1510 1586 1556 δοξάζειν
1606 1509 1820 1564 πρόσφατον
1849 1511 1958 1551 κακὸν
1986 1520 2171 1567 παρεῖναι,
2207 1515 2260 1567 ἐφ’
2279 1508 2309 1568 ᾧ
2338 1514 2484 1563 καθήκει

1437 1568 1701 1609 συστέλλεσθαι.
1739 1569 1889 1617 Ἡδονὴν
1907 1571 1937 1608 δ’
1955 1565 2078 1609 εἶναι’
2060 1587 2207 1624 επαρσιν
2223 1574 2339 1626 ψυχῆς
2358 1575 2486 1621 ἀπειθη

1435 1627 1554 1680 λόγῳ,
1577 1627 1685 1667 αἴτιον
1708 1630 1738 1667 δ’
1765 1632 1873 1676 αὐτης
1891 1628 1931 1668 τὸ
1951 1628 2102 1676 δοξάζειν
2131 1630 2333 1685 πρόσφατον
2355 1632 2484 1684 ἀγαθον

1436 1692 1625 1739 παρεῖναι,
1658 1689 1709 1741 ἐφ’
1729 1682 1758 1742 ᾧ
1786 1687 1932 1736 καθήκει
1963 1689 2181 1742 ἐπαίρεσθαι.
2213 1690 2308 1730 “Υπο
2339 1691 2404 1742 μὲν
2426 1685 2486 1731 ουν

1438 1745 1502 1792 την
1522 1747 1578 1784 ἐπ·
1581 1747 1741 1799 θυμίανε
1728 1748 1903 1800 υπάγεται
1919 1747 1970 1771 ¹⁶⁰
1990 1748 2035 1788 τὰ
2057 1765 2215 1789 τοιαυτα·
2243 1749 2329 1804 ὀργὴ
2354 1751 2416 1790 καὶ
2441 1751 2487 1791 τὰ

1437 1803 1511 1851 εἴδη
1533 1806 1658 1854 αὐτῆς,
1679 1805 1823 1858 (θυμός,
1844 1807 1904 1846 καὶ
1929 1807 2033 1860 χόλος
2054 1808 2116 1847 και
2143 1812 2267 1860 μ’ῆνις,
2285 1810 2346 1850 καὶ
2365 1811 2486 1862 κότος,

1436 1878 1495 1901 και
1520 1862 1680 1916 πικρίαι,
1700 1864 1761 1903 καὶ
1790 1865 1835 1903 τὰ
1862 1881 2008 1905 τοιαυτα
2019 1866 2052 1918 ,)
2088 1865 2214 1920 ἔρωτες
2246 1869 2406 1922 σφοδροί,
2427 1870 2488 1910 καὶ

1437 1921 1561 1974 πόθοι,
1575 1923 1636 1961 καὶ
1653 1922 1714 1974 ῗμε
1699 1939 1795 1977 por,
1815 1935 1875 1964 και
1896 1925 2117 1978 φιληδονίαι,
2135 1942 2196 1965 και
2217 1928 2485 1980 φιλοπλουσίαι,

1437 1980 1498 2020 καὶ
1527 1981 1736 2034 φιλοδοξίαι,
1757 1984 1818 2023 καὶ
1842 1984 1886 2024 τὰ
1915 1983 2032 2036 ὅμοια·
2057 1985 2125 2024 ὑπὸ
2149 1985 2186 2024 δὲ
2205 1985 2269 2035 τὴν
2290 1984 2416 2035 ἡδονὴν
2438 1987 2485 2012 ¹⁶¹

1440 2042 1740 2096 ἐπιχαιρεκακίαι,
1756 2044 1817 2083 καὶ
1834 2044 2047 2096 ἀσμενισμοί
2057 2075 2068 2094 ,
2085 2046 2147 2085 καὶ
2164 2050 2345 2099 γοητεῖαι,
2365 2046 2426 2087 καὶ
2444 2048 2489 2088 τὰ

326 2149 485 2190 quatenus
500 2148 575 2180 sunt
592 2147 786 2180 assensionis
800 2156 917 2180 causae.
938 2147 1097 2186 Quoniam
1116 2149 1224 2181 autem
1240 2150 1378 2183 affectus

314 2207 475 2249 'quaedam
500 2208 550 2240 est
568 2207 727 2248 appetitus
745 2206 869 2248 species
881 2230 891 2247 ,
909 2205 1060 2247 deinceps
1081 2206 1120 2239 de
1140 2207 1308 2241 affectibus
1328 2209 1378 2241 di-

325 2275 450 2298 camus.
790 2292 794 2296 .

386 2323 562 2368 Affectum
594 2324 740 2365 judicant
774 2324 1001 2365 appetitionem
1045 2324 1177 2357 nimiam
1223 2335 1283 2358 nec
1325 2337 1372 2360 ra-

326 2385 406 2417 tioni
431 2384 507 2416 duci
525 2384 821 2425 obtemperantem;
846 2384 904 2416 aut
920 2383 1019 2415 animi
1042 2385 1168 2416 motum
1186 2389 1312 2418 naturae
1328 2395 1379 2419 re-

327 2428 535 2485 pugnantem,
564 2443 653 2483 (esse
681 2443 791 2475 autem
811 2450 925 2474 ornnes
951 2441 1093 2474 affectus
1123 2442 1157 2475 in
1188 2445 1378 2478 universum

328 2501 466 2543 animi;)
492 2501 630 2542 ideoque
649 2509 779 2533 omnem
799 2500 898 2532 etiam
924 2500 1202 2541 perturbationem
1226 2503 1378 2536 affectum

328 2569 396 2593 esse
410 2563 441 2592 et
460 2569 591 2592 omnem
611 2560 764 2592 affectum
783 2558 1074 2600 perturbationem.
1104 2561 1184 2599 Quae
1209 2570 1311 2602 quum
1336 2563 1380 2594 ita

329 2619 410 2659 sint,
427 2617 676 2650 existimandum
694 2619 754 2658 est,
778 2617 856 2649 alios
872 2617 1008 2649 affectus
1025 2617 1147 2659 primos
1162 2627 1200 2650 ac
1222 2619 1379 2665 principes

330 2687 412 2718 esse,
429 2678 508 2710 alios
524 2677 564 2709 ad
581 2677 639 2709 hos
661 2677 782 2709 referri.
863 2677 987 2710 Primos
1010 2686 1125 2719 genere
1138 2686 1209 2710 esse
1227 2682 1378 2720 quatuor,

330 2736 549 2778 cupiditatem,
571 2738 705 2775 metum,
719 2735 860 2768 dolorem
872 2760 882 2777 ,
900 2736 1111 2777 voluptatem.
1158 2737 1377 2779 Cupiditatem

331 2795 425 2835 igitur
442 2795 475 2826 et
487 2796 610 2825 metum
627 2793 825 2834 antecedere,
841 2793 929 2826 illam
946 2801 1059 2827 versus
1072 2794 1192 2827 bonum
1210 2804 1380 2836 apparens,

333 2855 419 2887 hunc
433 2862 544 2886 versus
571 2853 695 2886 malum
714 2863 881 2895 apparens.
919 2854 1077 2896 subsequi
1096 2858 1208 2888 autem
1230 2857 1380 2898 volupta-

333 2916 399 2947 tem
428 2916 461 2946 et
483 2913 626 2945 dolorem
644 2937 653 2953 ,
671 2913 872 2953 voluptatem
890 2913 1042 2954 quidem,
1066 2914 1094 2946 si
1125 2923 1162 2946 ea
1184 2916 1384 2956 assequimur

334 2981 409 3014 quae
426 2971 597 3012 cupimus,
622 2970 675 3003 vel
700 2970 840 3003 vitamus
864 2980 938 3012 quae
965 2972 1208 3014 metuebamus3
1240 2973 1383 3007 dolorem

335 3040 427 3071 vero,
444 3038 545 3071 quum
563 3029 615 3061 vel
641 3029 768 3070 sperata
795 3037 861 3061 non
876 3030 1089 3071 assequimur,
1112 3032 1165 3063 vel
1178 3032 1211 3064 in
1230 3033 1384 3065 formido-

337 3095 406 3128 losa
424 3094 607 3127 incidimus.
624 3094 664 3125 In
688 3091 839 3124 omnibus
857 3101 934 3125 vero
961 3092 1060 3135 animi
1076 3093 1301 3126 affectionibus
1318 3095 1386 3136 opi-

339 3154 424 3187 nioni
449 3154 557 3186 locum
579 3151 785 3192 relinquunt,
813 3150 994 3190 opinionem
1018 3161 1077 3193 pro
1099 3151 1258 3184 imbecilla
1280 3154 1386 3194 opina-

339 3214 424 3247 tione
440 3211 541 3253 accipi
561 3211 726 3249 volentes,
755 3211 915 3242 recentem
933 3211 1042 3242 autem
1068 3210 1251 3252 opinionem
1269 3221 1325 3252 pro
1352 3221 1387 3245 re

339 3281 413 3314 quae
431 3270 547 3310 animi,
568 3269 758 3302 adversante
774 3268 910 3309 ratione,
929 3268 982 3300 vel
1000 3269 1251 3302 contractionem
1271 3270 1388 3303 efficiat

341 3333 391 3365 vel
413 3331 593 3364 elationem.
617 3330 717 3361 Porro
740 3337 759 3360 a
781 3329 868 3360 recta
897 3328 1019 3360 ratione
1043 3337 1188 3361 aversam
1211 3331 1244 3362 et
1264 3335 1387 3362 naun-m

342 3391 571 3432 repugnantem
585 3396 650 3420 non
671 3387 704 3419 in
725 3387 909 3420 universum
930 3388 1066 3428 vocant,
1084 3387 1138 3420 sed
1156 3388 1384 3429 irrationalem,

342 3451 501 3491 quatenus
529 3446 642 3480 rationi
669 3455 734 3478 non
765 3448 868 3488 paret.
920 3446 1036 3479 Omnis
1062 3446 1148 3479 enim
1168 3446 1295 3479 affectio
1321 3447 1387 3480 vim

345 3508 451 3548 affert,
471 3508 515 3540 ita
532 3507 568 3539 ut
584 3514 806 3547 saepeuumero
830 3505 927 3539 etiam
941 3505 1087 3538 homines
1102 3505 1271 3538 affectibus
1287 3515 1383 3538 occu-

1439 2154 1522 2194 pati,
1547 2155 1699 2196 quamvis
1715 2155 1846 2189 videant
1863 2157 1962 2190 satius
1984 2166 2052 2190 esse
2067 2157 2130 2190 hoc
2149 2166 2212 2190 non
2231 2158 2355 2200 facere,
2380 2161 2489 2194 tamen

1437 2214 1613 2246 affectuum
1643 2215 1794 2248 violentia
1825 2214 1960 2258 abrepti,
1992 2218 2086 2258 quasi
2110 2217 2152 2249 ab
2178 2226 2264 2259 equo
2284 2221 2468 2254 contumaci
2477 2246 2488 2262 ,

1437 2273 1608 2305 transversi
1636 2275 1771 2315 agantur
1789 2278 1886 2316 atque
1903 2275 1940 2317 jd
1966 2275 2072 2317 ipsum
2099 2275 2394 2320 faciant‚ideoque
2423 2281 2488 2313 fre·

1438 2335 1574 2373 quenter
1600 2333 1744 2366 nonnulli
1762 2333 1802 2366 de
1828 2335 1958 2376 peccato
1972 2335 2159 2368 confitentes
2177 2336 2343 2377 vulgatum
2358 2338 2436 2371 illud
2453 2339 2489 2372 in

1439 2400 1494 2424 ore
1509 2391 1649 2424 habeant
1667 2405 1675 2425 ε

1512 2480 1564 2509 sed
1577 2482 1688 2510 natura
1707 2480 1781 2509 mihi
1799 2480 1861 2510 alta
1880 2482 1982 2510 mente
2001 2480 2132 2518 praedito
2145 2480 2208 2511 vim
2221 2480 2315 2512 infert
2336 2492 2345 2511 ε

1440 2564 1580 2596 mentem
1600 2564 1684 2597 enim
1703 2565 1797 2597 vocat
1824 2565 1990 2598 scientiam
2010 2567 2041 2599 et
2068 2567 2284 2607 cognitionem
2308 2567 2377 2609 ejus
2397 2569 2487 2610 quod

1441 2624 1565 2654 rectum
1585 2624 1645 2655 est.
1664 2623 1750 2661 Quin
1769 2623 1864 2656 etiam
1882 2624 1960 2656 illud
1981 2627 2097 2666 praeter
2115 2627 2267 2658 naturam
2291 2627 2324 2660 in
2350 2627 2490 2660 affectus

1441 2681 1655 2723 descriptione
1680 2681 1802 2714 dictum
1830 2684 1892 2722 est,
1913 2684 1998 2724 quod
2027 2684 2163 2717 affectus
2190 2687 2316 2726 ejurata
2334 2688 2423 2719 recta
2442 2696 2490 2720 ra·

1441 2740 1528 2772 tione
1555 2741 1588 2773 et
1611 2749 1687 2772 cum
1727 2741 1842 2773 natura
1884 2742 2094 2775 conveniente
2121 2743 2257 2777 accidat.
2331 2745 2489 2778 Nimirum

1442 2810 1553 2834 omnes
1573 2801 1841 2834 commotionibus
1867 2802 1976 2843 agitati
2004 2807 2193 2836 aversantur
2218 2804 2389 2845 rationem,
2420 2815 2484 2838 non

1442 2869 1555 2894 eorum
1585 2860 1717 2901 quidem
1732 2860 1834 2893 instar
1848 2861 1904 2902 qui
1925 2861 2050 2903 decepti
2072 2862 2105 2894 in
2126 2871 2318 2904 quacunque
2337 2872 2370 2896 re
2388 2866 2485 2900 sunt,

1442 2919 1499 2952 sed
1526 2919 1679 2961 peculiari
1704 2919 1813 2952 modo.
1834 2921 1961 2953 Etenim
1986 2920 2132 2962 decepti,
2151 2923 2206 2963 qui
2233 2923 2322 2955 verbi
2341 2931 2437 2956 causa
2459 2933 2489 2956 a-

1444 2981 1550 3012 tomos
1569 2987 1674 3011 retum
1692 2978 1847 3020 principia
1863 2988 1931 3011 esse
1945 2979 2128 3021 opinantur,
2144 2981 2275 3014 meliora
2288 2981 2394 3015 edocti
2409 2991 2485 3015 sen-

1445 3038 1578 3071 tentiam
1605 3038 1753 3079 mutant;
1771 3037 1827 3079 qui
1847 3038 1956 3070 autem
1982 3038 2152 3071 affectibus
2179 3039 2344 3080 laborant,
2364 3041 2489 3073 etiamsi

1446 3097 1578 3130 meliore
1593 3096 1739 3129 doctrina
1765 3097 1913 3141 percepta
1929 3095 2073 3138 discant,
2091 3106 2151 3129 nec
2176 3097 2350 3130 dolendum
2371 3107 2431 3131 uec
2449 3100 2489 3132 ti·

1446 3156 1613 3197 mendum,
1634 3163 1741 3197 neque
1755 3155 1885 3187 omnino
1904 3155 2001 3186 animi
2021 3155 2246 3187 affectionibus
2260 3156 2490 3197 indulgendum
2531 3173 2541 3186 2

1445 3223 1539 3255 esse,
1571 3219 1678 3248 tamen
1704 3214 1746 3247 ab
1774 3214 1813 3246 iis
1833 3222 1897 3260 non
1927 3213 2101 3252 desistunt,
2137 3214 2193 3246 sed
2220 3214 2290 3247 istis
2319 3215 2491 3248 affectibus

1446 3274 1570 3315 abrepti
1589 3274 1651 3306 sub
1669 3282 1782 3306 eorum
1799 3272 1890 3314 quasi
1911 3272 2024 3314 jugum
2045 3273 2230 3306 mittuntur.
2274 3274 2490 3314 Cupiditatem
2545 3303 2553 3309 .

1446 3333 1543 3373 igitur
1565 3333 1677 3365 dicunt
1693 3332 1869 3374 appetitum
1888 3340 1958 3364 esse
1972 3332 2087 3364 rationi
2114 3341 2178 3364 non
2202 3332 2489 3374 obtemperantem,

1448 3391 1519 3430 ejus
1545 3392 1653 3422 autem
1680 3398 1809 3422 causam
1825 3389 1936 3422 haberi
1956 3390 2138 3431 opinionem
2158 3391 2200 3423 de
2225 3391 2309 3423 bono
2332 3401 2487 3424 consecu-

1446 3450 1538 3488 turo,
1559 3458 1624 3490 quo
1649 3450 1806 3490 praesente
1826 3448 1933 3480 felices
1948 3449 2069 3480 erimus
2083 3473 2092 3489 ,
2116 3449 2181 3489 ipsa
2198 3451 2346 3490 opinione
2370 3452 2485 3484 mirum

1448 3511 1606 3548 quantum
1637 3508 1675 3540 ad
1703 3506 1913 3549 appetendam
1941 3516 2048 3540 rerum
2083 3508 2261 3542 novitatem
2290 3509 2485 3552 impellente.
