2606 3828
394 270 468 303 364

388 369 451 397 τις.
521 353 549 391 Ε
554 354 564 391 ἶ
585 351 613 390 δ’
633 353 695 404 οὐχ
716 351 781 389 ὑπὸ
801 349 937 398 ἀγνοίας
954 350 1029 387 ἀλλ
1050 348 1118 387 ὑπὸ
1131 352 1268 423 τρυφῆς
1283 351 1343 388 καὶ
1361 368 1424 391 πο-

387 412 506 461 νηρίας
537 412 677 460 ἔπαιζε,
708 410 815 461 βαὸαὶ
837 403 891 447 οἶα
921 407 965 445 τὰ
983 411 1057 446 θεῖα
1075 407 1221 460 παίγνιά
1247 410 1353 449 ἐστιν.
1380 411 1443 450 Et'

388 473 418 510 δ’
438 471 514 509 οὐδὲ
528 474 643 520 τοῦτο,
656 471 733 507 ἀλλ’
751 467 802 507 ὅτι
822 470 926 520 ἐχρῆν
941 466 1031 506 οὕτω
1047 467 1256 517 γενέσθαι,’
1237 468 1424 521 ανιερώτα-

387 545 441 573 τος
462 528 523 580 μὲν
542 524 638 571 οὗτος
658 529 767 579 λόγων
788 528 1007 580 σοφιστικῶν·
1034 526 1067 564 τί
1083 527 1113 564 δ’
1130 526 1245 578 ὅμως,
1268 529 1296 565 εἷ
1313 527 1420 573 οὕτως

387 591 493 641 ἐχρῆν
513 589 687 641 γενέσθαι,
709 586 749 625 σὺ
771 588 788 624 ὁ
807 585 972 633 δύστηνος
1001 587 1035 624 ἐν
1058 587 1204 639 Δελφοῖς
1228 587 1356 640 καθέζῃ
1381 590 1425 627 τὰ

387 648 470 687 κενὰ
504 649 562 686 καὶ
597 647 731 697 μάταια
765 645 876 698 ᾅδων;
908 645 942 683 τί
974 645 1009 684 δέ
1035 661 1097 683 σου
1123 645 1245 698 ὄφελος
1265 649 1369 696 ἡμῖν;
1389 647 1423 686 τί

387 707 423 745 δὲ
444 707 635 757 μαινόμεθα
667 707 698 743 οἱ
717 703 935 755 πανταχόθεν
966 707 1028 751 τῆς
1048 706 1111 755 γ’ῆς
1142 705 1198 744 ἐπὶ
1221 705 1258 743 σὲ
1282 705 1425 745 διώκον-

385 781 461 817 τες,
483 767 517 805 τί
541 766 577 803 δέ
597 781 651 803 σοι
669 764 789 811 κνίσης
807 764 858 801 δεῖ
875 766 909 811 ⁰3

439 824 647 875 (Eusebius
666 824 836 874 Praepar.
858 822 1003 872 Evang.
1024 821 1096 861 lib.
1114 821 1145 858 V
1163 835 1246 873 cap.
1278 837 1418 873 20-21‚

385 897 470 935 pag.
506 897 579 920 212
608 885 636 918 B
668 895 751 932 seq.
784 881 846 921 ed.
879 880 1007 931 Viger.
1041 879 1151 933 [vol.
1187 881 1316 932 Ipag.
1350 883 1424 927 450

384 957 464 992 seq.
490 942 551 980 ed.
588 940 804 991 Gaisford]
843 941 988 992 Scripsi
1012 953 1021 979 ε
1051 943 1066 961 ¹³
1093 939 1272 991 ἐπιστήμη
1305 941 1424 994 ἐστίν;

383 1002 495 1040 codd.
534 999 719 1051 ἐπίστημοί
748 1002 855 1038 ἐστιν.
878 1021 926 1029 —--
950 998 966 1022 ¹³
989 998 1109 1052 ἀφέντι
1145 1013 1233 1036 ουιιι
1253 999 1419 1050 Vigero;

382 1060 491 1100 codd.
519 1059 662 1113 ἀφέντα.
683 1082 736 1088 -
760 1064 774 1082 ⁰
792 1060 829 1097 οὗ
851 1058 890 1097 τὸ
908 1061 992 1106 τῆς;
1025 1058 1117 1097 libri
1137 1057 1247 1106 οὕτω,
1277 1062 1352 1106 τῆς,
1371 1082 1425 1090 --

381 1119 396 1143 ‘¹
416 1119 506 1158 ἀλλὰ
525 1119 585 1166 τὸ,
617 1119 730 1157 codd.
759 1118 898 1159 ἄλλοτε.
920 1141 974 1149 -
987 1121 1002 1140 ⁰
1018 1117 1052 1156 τί
1069 1117 1106 1156 δέ
1123 1134 1176 1157 σοι
1199 1118 1318 1166 κνίσης
1350 1121 1421 1168 δεῖ;

384 1179 493 1218 codd.
514 1177 548 1216 τί
568 1178 603 1216 δὲ
626 1176 667 1215 σὺ
686 1177 877 1229 κνηφίας;)

430 1249 462 1276 4.
493 1238 647 1275 Τοιαῦτα
675 1239 736 1283 τ’ἧς
758 1235 944 1285 Οἰνομάου
978 1234 1176 1289 παρρησίας
1196 1234 1240 1273 τὰ
1271 1238 1332 1281 τ’ῆς
1353 1238 1421 1274 τῶν

377 1296 521 1343 Γοήτων
548 1297 683 1349 φώρας,
716 1298 858 1342 κυνικῆς
884 1297 947 1334 οὔκ
975 1295 1233 1345 ἀπηλλαγμένα
1265 1296 1419 1347 πικρίας.

378 1356 468 1395 Οὐδὲ
488 1355 554 1408 γὰρ
576 1356 756 1406 δαίμονος,
777 1357 825 1407 μὴ
842 1355 895 1394 ὅτι
914 1358 1007 1404 θεοῦ,
1022 1354 1101 1398 τοὺς
1117 1354 1214 1406 παρὰ
1233 1359 1302 1397 τοῖς
1321 1356 1423 1392 Παν-

377 1415 500 1462 έλλησι
522 1415 806 1466 θαυμαζομένους
831 1413 1010 1467 χρησμους
1027 1418 1114 1453 εἰναι
1136 1414 1316 1466 βούλεται,
1336 1413 1420 1465 γοή-

376 1490 445 1512 των
469 1475 498 1512 δ’
519 1475 651 1526 ἀνδρῶν
671 1473 807 1517 πλοίνας
826 1474 886 1511 καὶ
906 1474 1118 1546 σοφίσματα
1140 1473 1197 1510 ἐπι
1215 1473 1333 1523 ἀπάτῃ
1352 1489 1420 1511 των

376 1535 544 1571 πολλῶν’
529 1533 810 1585 εσκευωρημένα”
829 1536 877 1571 ὡν
901 1533 1045 1584 ἐπείπερ
1067 1531 1160 1576 ἅπαξ
1181 1531 1416 1582 ἐμνήσθημεν,

377 1592 473 1630 οὐδὲν
505 1591 545 1630 ἂν
579 1592 713 1643 γένοιτο
737 1591 900 1642 ἐμποδὼν
929 1595 989 1630 τοῦ
1018 1591 1078 1630 καὶ
1106 1590 1233 1643 ἑτέρων
1265 1591 1419 1642 ἐλέγχων

376 1652 585 1689 ἐπακοῦσαι.
645 1650 718 1690 Καὶ
755 1650 895 1702 πρώτου
927 1666 967 1702 γε
1001 1651 1045 1688 δι’
1061 1645 1100 1687 οἷ
1131 1666 1234 1702 φησιν
1270 1652 1288 1687 ὁ
1319 1650 1420 1693 αὐτὸς

373 1708 494 1747 ἑαυτὸν
514 1709 579 1748 ὑπὸ
597 1713 658 1747 τοῦ
681 1710 835 1761 Κλαρίου
855 1709 1070 1752 ’Λπόλλωνος
1089 1711 1313 1756 ἠπατῆσθαι,
1333 1708 1418 1759 γροί-

372 1783 445 1820 φων
471 1764 550 1806 ῶδε·
584 1767 689 1807 Ἀλλὰ
708 1768 750 1815 δὴ
785 1768 852 1806 ἔδει
877 1784 911 1806 τι
941 1768 1000 1806 καὶ
1026 1771 1121 1818 ἡμᾶς
1142 1771 1203 1815 τῆς
1227 1768 1416 1820 κωμῳδίας

373 1832 584 1880 μετασχεῖν,
618 1826 677 1866 καὶ
707 1826 756 1877 μὴ
783 1826 1010 1876 σεμνύνεσθαι
1035 1829 1081 1870 ὡς
1107 1829 1169 1864 οὐκ
1199 1826 1415 1876 ἐμπεσόντας

371 1886 418 1928 εἷς
432 1884 494 1933 τὴν
510 1885 628 1932 κοινὴν
643 1885 912 1938 παραπληξίαν,
934 1885 992 1923 καὶ
1012 1885 1074 1932 τὴν
1095 1885 1268 1935 ἐμπορίαν
1287 1886 1412 1934 εἰπεῖν,

369 2035 441 2068 dem
455 2034 654 2067 Semimedus
670 2036 726 2066 aut
738 2035 916 2075 Semipersa
934 2034 1000 2066 sive
1015 2034 1042 2066 is
1059 2035 1113 2075 qui
1126 2034 1159 2066 in
1172 2035 1232 2066 lioc
1247 2035 1416 2075 aenigmate

369 2095 446 2127 muli
477 2095 604 2127 nomine
635 2094 845 2127 adumbratus
876 2095 1021 2127 materno
1056 2103 1171 2134 genere
1205 2096 1415 2135 tyrannorum

370 2155 535 2194 progenies
547 2178 556 2194 ‚
577 2154 710 2194 paterno
724 2153 773 2185 vir
791 2154 936 2194 privatus
950 2157 1041 2192 erat,
1055 2162 1120 2185 non
1139 2152 1237 2185 modo
1253 2152 1412 2185 tumidam

367 2211 488 2244 indicat
505 2214 629 2244 Musam
641 2235 650 2250 ,
673 2211 729 2244 sed
750 2212 845 2244 etiam
871 2212 1100 2244 divinationem
1122 2211 1229 2244 futura
1246 2220 1310 2243 non
1329 2220 1414 2251 prae·

366 2270 541 2309 videntem,
561 2270 588 2302 si
611 2270 742 2311 quidem
764 2272 854 2302 vates
872 2270 937 2302 vim
964 2270 1144 2311 aenigmatis
1162 2270 1203 2302 ab
1219 2271 1280 2308 isto
1297 2271 1414 2312 percipi

366 2338 429 2361 non
445 2338 539 2370 posse
553 2329 730 2369 ignorabat.
775 2329 829 2361 Sin
853 2331 962 2361 antem
982 2339 1044 2360 non
1063 2338 1172 2361 rerum
1189 2330 1387 2368 ignoratione
1402 2352 1412 2368 ,

365 2386 421 2418 sed
441 2387 615 2427 petulantia
637 2388 669 2419 et
682 2387 801 2419 malitia
812 2386 928 2420 ductus
951 2387 998 2419 sic
1014 2387 1154 2426 ludebat,
1171 2387 1284 2427 papae!
1301 2385 1414 2426 quales

365 2445 409 2476 dii
427 2445 520 2477 ludos
539 2445 679 2477 faciunt!
701 2445 843 2486 Denique
855 2470 864 2486 ‚
882 2446 908 2478 si
924 2454 965 2478 ne
976 2445 1008 2477 id
1027 2445 1157 2485 quidem
1171 2469 1180 2484 ‚
1199 2444 1255 2477 sed
1273 2445 1411 2483 tantum,

365 2503 449 2543 qnod
467 2503 509 2535 ita
528 2513 595 2536 rem
619 2505 746 2537 evenire
768 2505 964 2545 oportuerit,
986 2503 1118 2544 profana
1136 2504 1205 2536 sine
1225 2503 1324 2535 dubio
1342 2503 1413 2535 llaec

364 2558 521 2591 cavillatio
536 2561 606 2599 est;
633 2560 682 2591 sin
703 2561 811 2591 antem
832 2569 898 2592 rem
922 2560 966 2592 ita
982 2559 1111 2592 evenire
1130 2559 1312 2600 oportebat,
1332 2559 1410 2600 quid

363 2622 399 2652 tu
422 2620 553 2660 Delphis
567 2622 695 2660 tamen,
718 2621 914 2654 infortunate
926 2646 935 2661 ‚
950 2622 1099 2662 sessitas,
1120 2631 1202 2654 vana
1225 2623 1324 2662 atque
1341 2623 1410 2654 inu-

365 2677 431 2708 tilia
447 2678 576 2709 oracula
592 2678 753 2711 fundens?
770 2679 858 2718 Quid
884 2689 978 2720 porro
1004 2684 1038 2712 tu
1060 2681 1153 2713 nobis
1168 2681 1284 2720 prodes
1295 2682 1310 2712 Ρ
1326 2681 1410 2718 Quid

364 2744 442 2767 vero
461 2736 635 2768 insanimus
652 2746 711 2769 nos
729 2738 785 2778 qui
804 2747 822 2770 e
844 2741 912 2770 toto
930 2743 1086 2771 terrarum
1099 2740 1178 2771 orbe
1196 2740 1236 2771 ad
1254 2743 1286 2772 te
1301 2740 1411 2771 confu—

365 2794 490 2835 gimus?
506 2795 589 2833 Quid
607 2795 744 2836 denique
762 2796 821 2828 tibi
839 2797 1063 2830 sacrificiorum
1080 2798 1194 2831 nidore
1211 2807 1293 2839 opus
1314 2800 1384 2831 est?

406 2857 436 2886 4.
459 2854 545 2886 Talia
559 2855 738 2886 OEnomaus
759 2863 885 2886 summa
904 2855 1047 2887 libertate
1071 2856 1104 2887 in
1135 2856 1409 2896 Praestigiatorum

364 2912 604 2952 investigatione
628 2912 725 2952 dicit,
749 2921 822 2953 quae
835 2921 913 2945 sane
930 2913 1048 2954 aliquid
1076 2914 1198 2954 cynicae
1222 2915 1409 2947 acerbitatis

366 2971 483 3003 liabent
511 2972 649 3011 :utpote
671 2970 726 3010 qui
748 2979 789 3003 ne
817 2970 972 3003 daemonis
1006 2972 1157 3012 quidem,
1187 2973 1306 3005 nedum
1336 2973 1408 3013 dei,

364 3036 437 3069 qnae
456 3027 559 3060 Graeci
577 3036 688 3060 omnes
711 3030 874 3068 tantopere
897 3029 1079 3068 suspiciunt
1110 3031 1238 3062 oracula
1263 3040 1331 3063 esse
1356 3040 1408 3063 ve·

364 3087 419 3126 lit,
438 3087 492 3119 sed
515 3086 672 3119 fallacium
688 3087 853 3119 hominum
870 3087 996 3119 fraudes
1014 3088 1118 3128 potius
1137 3090 1170 3120 et
1191 3090 1341 3128 astutias,
1361 3091 1400 3122 ad

368 3147 481 3186 vulgus
508 3146 540 3177 in
570 3154 709 3178 errorem
732 3145 955 3177 adducendum
985 3146 1140 3178 malitiose
1158 3148 1329 3180 institutas.
1369 3150 1409 3181 Et

363 3204 516 3244 qnoniam
550 3204 647 3235 semel
680 3202 807 3235 illorum
840 3203 1077 3243 meminimus„
1094 3204 1170 3236 nihil
1195 3204 1303 3238 obstat
1329 3207 1406 3246 quin

363 3263 498 3294 aliorum
517 3262 647 3302 insuper
669 3262 891 3294 refutationem
913 3262 1099 3301 audiamus,
1124 3264 1221 3303 atque
1238 3263 1270 3295 in
1295 3265 1404 3304 primis

362 3321 453 3352 istius
470 3322 608 3361 oraculi,
628 3331 691 3362 quo
710 3330 744 3352 se
768 3321 874 3362 ipsum
893 3321 976 3352 idem
1000 3322 1178 3353 OEnomaus
1194 3322 1234 3353 ab
1259 3323 1404 3362 Apolline

365 3379 470 3413 Clario
488 3379 656 3420 deceptum
676 3380 773 3412 fuisse
786 3379 835 3411 his
847 3379 955 3411 verbis
973 3380 1110 3412 testatur
1130 3391 1139 3411 ε
1158 3380 1220 3412 Sed
1233 3380 1397 3421 nimirum,

365 3438 486 3477 inquit,
506 3446 566 3471 nos
583 3439 679 3470 etiam
694 3438 727 3470 in
747 3438 913 3471 comoediae
935 3440 1057 3479 partem
1082 3439 1186 3470 vocari
1209 3439 1398 3479 oportebat,

363 3503 403 3527 ne
430 3496 592 3528 communi
619 3496 778 3529 dementia
802 3496 941 3529 caruisse
969 3505 1029 3529 nos
1054 3496 1275 3537 gloriaremur,
1302 3499 1398 3538 atque

1473 1766 1695 1804 ἀποὸλέπων
1710 1796 1720 1813 ,
1741 1766 1802 1804 καὶ
1820 1766 1882 1810 τὰς
1899 1769 1933 1805 ἐν
1955 1766 2069 1806 ἐλπίδι
2083 1768 2227 1821 φάτνας.

1099 260 1410 303 CYNICORUM
1439 262 1771 307 FRAGMENTA.

1486 354 1528 402 ἣν
1557 355 1616 394 καὶ
1648 357 1742 395 αὗτοι
1781 372 1859 410 περι
1905 358 2027 411 σοφίας
2062 360 2361 414 ἐνεπορευοάμεθα
2392 365 2431 404 ἐκ
2466 367 2528 414 τῆς

1488 413 1603 458 Ἀσίας
1622 444 1632 462 ,
1652 431 1682 454 ω
1706 416 1861 469 Κλάριε,
1884 418 1981 470 παρὰ
2001 421 2075 457 σοῦ·
2510 437 2514 443 ¹

1541 526 1666 568 Ἔστιν
1689 531 1722 568 ἐν
1739 531 1772 569 T
1775 535 1915 582 ρηχῖνος
1932 531 1991 584 αἴῃ
2017 535 2128 579 κῆπος
2147 533 2363 585 Ἥρακλήῖος

1539 587 1640 627 πάντ’
1656 588 1745 642 ἔχων
1768 590 1940 629 θάλλοντα
1955 621 1966 642 ,
1985 597 2073 631 πᾶσι
2091 594 2298 645 δρεπόμενος
2311 595 2530 647 πανημαδόν,

1541 647 1611 685 οὐδ’
1631 648 1806 693 ὀλιζοῦται
1818 678 1827 695 ,
1853 650 1991 702 βέὸριθε
2007 649 2036 688 δ’
2056 650 2179 690 ὕδασιν
2203 652 2371 699 διηνεκές.

1487 754 1565 801 Εἶτ’
1581 761 1689 812 ἐγὼ’
1669 763 1822 808 ακούσας
1844 765 1863 802 ὃ
1882 763 2036 816 βάκηλος
2057 765 2116 804 καὶ
2133 765 2235 810 αὐτὸς
2253 767 2323 807 ὑπὸ
2340 772 2400 808 του
2419 767 2534 822 Ἦρα·

1485 820 1606 863 κλέους
1633 821 1832 873 ἐφυσήθην,
1851 822 1912 860 καὶ
1931 828 1990 863 τοῦ
2009 822 2226 877 Ἡρακληιου
2255 826 2369 874 κήπου
2390 825 2534 867 θάλλον-

1486 895 1541 923 τος
1556 878 1698 918 ἹΙσιόδε
1685 881 1752 919 ειόν
1774 897 1852 920 τινα
1869 883 2108 955 ὀνειροπολῶν
2128 885 2259 955 ἱδρῶτα
2279 884 2336 923 διὰ
2350 885 2414 933 τὴν
2434 887 2534 939 Τρη-

1485 940 1588 990 χῒνα,
1610 938 1670 977 καὶ
1690 939 1824 991 ῥηϊδίην
1846 934 1942 984 αυθις
1949 941 2051 1015 ’ζωὴν
2067 941 2123 980 διὰ
2143 943 2201 982 τὸν
2222 935 2395 983 θάλλοντα
2409 946 2533 992 κῆπον.

1488 992 1578 1036 Εἰτοί
1609 1013 1668 1047 μοι
1694 999 1914 1053 ἐπερομένῳ,
1932 1001 1964 1039 εἴ
1982 1016 2041 1051 μοι
2053 1002 2282 1074 συναίρονται
2308 1004 2341 1042 οἱ
2373 1002 2464 1051 θεοί,
2486 998 2535 1048 εἷς

1485 1072 1537 1101 τις
1567 1058 1606 1095 ἐκ
1627 1060 1696 1095 τῶν
1728 1060 1868 1097 πολλῶν
1897 1058 2015 1133 λέγει,
2048 1061 2286 1112 ἐπομνύμενος
2311 1061 2438 1108 αὐτοὺς
2456 1062 2536 1107 τους

1487 1115 1755 1169 συναιρομένους
1770 1117 1924 1165 θεούς,’
1907 1134 1928 1165 η
1947 1117 2017 1168 μὴν
2035 1118 2133 1172 παρὰ
2159 1124 2220 1159 σοῦ
2240 1121 2430 1168 ἀκηκοέναι
2450 1121 2536 1160 αὐτὸ

1489 1190 1588 1213 τουτο
1610 1176 1869 1235 Καλλιστράτῳ
1890 1177 2073 1227 δεδομένον
2105 1179 2268 1232 Ποντικῷ
2289 1195 2354 1219 τινι
2372 1179 2533 1234 ἐμπόρῳ.

1486 1232 1581 1282 Ἐγὼ
1600 1236 1658 1271 οὖν
1678 1237 1725 1278 ως
1743 1234 1901 1283 ἤκουσα,
1922 1251 2014 1283 πως,
2032 1236 2118 1284 οἴει,
2139 1239 2396 1288 ἠγανάκτησα,
2409 1240 2458 1284 ὥς
2487 1240 2530 1287 δὴ

1483 1295 1545 1339 τῆς
1564 1295 1691 1344 ἀρετῆς
1710 1293 1768 1332 ὑπ’
1788 1297 1893 1334 αὐτοῦ
1919 1296 2242 1348 ἄποστερούμενος;
2267 1296 2375 1337 Ἀλλὰ
2403 1298 2532 1346 καίπερ

1483 1351 1578 1401 ὅμως
1595 1353 1775 1405 δυσφορῶν
1799 1354 2068 1405 ἀνεσκοπούμην
2089 1355 2148 1393 τὸν
2170 1355 2347 1409 ἔμπορον,
2362 1356 2398 1396 εἴ
2411 1372 2446 1396 τι
2470 1359 2536 1398 κά-

1483 1412 1592 1455 κεῖνος
1609 1412 1762 1464 ἐθάλφθη
1785 1413 1855 1451 ὑπὸ
1875 1417 1936 1452 τοῦ
1958 1413 2187 1465 “Ηρακλεόυς·
2215 1415 2375 1469 ἐφαίνετο
2398 1416 2441 1464 δὴ
2472 1410 2531 1457 οὗν

1483 1474 1643 1515 κάκεῖνος
1670 1472 1773 1510 πόνον
1803 1472 1882 1511 τινὰ
1908 1480 2049 1521 πονεῖν,
2079 1473 2140 1512 καὶ
2173 1473 2317 1527 κέρδους
2347 1474 2531 1529 ἐφίεσθαι,

1483 1533 1542 1569 καὶ
1564 1531 1637 1583 βίον
1657 1532 1737 1571 τινὰ
1757 1531 1841 1580 ἡδὺν
1861 1535 1900 1572 ἐκ
1930 1538 1990 1572 τοῦ
2014 1533 2157 1586 κέρδους
2180 1535 2389 1587 προσδοκᾶν.
2421 1534 2483 1579 Ὡς
2501 1536 2534 1574 δ’

1483 1591 1642 1641 ἐφαίνετο
1661 1594 1679 1629 ὁ
1699 1589 1853 1644 ἔμπορος
1874 1591 2093 1644 ἐξισούμενος
2106 1622 2117 1641 ,
2139 1592 2256 1631 οὐκέτι
2286 1593 2346 1632 τὸν
2364 1593 2529 1647 χρησμὸν

1483 1649 1660 1702 ἐδεχόμην
1675 1680 1686 1698 ,
1703 1650 1779 1690 οὐδὲ
1794 1650 1852 1688 τὸν
1870 1650 2055 1703 Ἡρακλέα
2069 1683 2080 1702 ,
2098 1651 2175 1690 ἀλλ’
2196 1651 2364 1700 ἀπηξίουν
2383 1655 2454 1692 τῶν
2469 1653 2532 1692 αὖ·

1483 1710 1553 1746 τῶν
1576 1715 1770 1757 κοινωνεῖν,
1797 1709 1844 1752 εἴς
1873 1725 1912 1748 τε
1943 1709 2023 1754 τοὺς
2053 1710 2232 1762 παρόντας
2257 1711 2385 1756 πόνους
2416 1713 2533 1751 aar&

2296 1769 2393 1809 Ἀλλ’
2411 1769 2482 1809 οὐδ’
2513 1773 2532 1809 ὃ

1479 1824 1611 1876 λῃστὴς
1630 1825 1772 1876 ἄμοιρος
1793 1825 1952 1876 ἐφαίνετο
1967 1830 2027 1864 τοῦ
2049 1830 2215 1879 χρησμοῦ
2227 1857 2238 1875 ,
2255 1828 2326 1866 οὔδ’
2346 1830 2366 1867 ὃ
2391 1844 2533 1882 στρατι-

1479 1882 1592 1931 ώτης,
1613 1883 1683 1921 οὐδ’
1705 1885 1790 1936 ἐρῶν
1805 1884 1918 1937 ἀνήρ,
1949 1884 2017 1923 οὐδ’
2035 1886 2151 1936 ἐρῶσα
2175 1886 2285 1938 γυνή,
2307 1887 2385 1926 οὖδὲ
2405 1886 2528 1940 κόλαξ,

1476 2033 1556 2066 adeo
1574 2033 1644 2064 illas
1662 2041 1822 2073 exponere
1837 2041 1974 2073 merces,
1999 2043 2079 2074 quas
2091 2034 2151 2075 ipsi
2173 2044 2304 2077 quoque
2320 2038 2472 2078 tanquam
2487 2035 2531 2068 ad

1477 2091 1642 2133 sapientiae
1660 2093 1873 2124 mercaturam
1887 2092 2020 2133 profecti
2034 2102 2076 2126 ex
2087 2094 2162 2127 Asia
2177 2103 2196 2126 a
2213 2098 2265 2135 te,
2283 2094 2403 2136 Clario,
2420 2104 2526 2137 repor-

1476 2151 1631 2183 tavimus.

1558 2233 1713 2265 Hor-tulus
1730 2234 1876 2266 Herculis
1894 2235 1942 2267 est
1964 2233 2037 2267 {elix
2056 2234 2228 2267 Trachinio
2244 2234 2276 2267 in
2293 2242 2372 2267 arvo
2385 2257 2394 2274 ,

1558 2294 1710 2332 perpetuo
1732 2292 1847 2325 florent
1860 2293 1914 2325 ubi
1930 2294 2047 2325 cuncta
2063 2293 2160 2325 illaesa
2178 2301 2238 2325 nec
2259 2301 2421 2334 unquam,

1558 2349 1635 2380 dum
1657 2351 1768 2382 erebro
1780 2351 1916 2389 juvenes
1943 2354 2117 2393 properant
2136 2351 2309 2393 decerpere
2328 2351 2443 2393 flores,

1557 2411 1649 2441 arent
1673 2409 1894 2450 irriguumque
1912 2411 2026 2444 bibunt
2042 2412 2180 2445 violaria
2200 2412 2331 2446 fontem.

1474 2501 1538 2540 Ego
1556 2500 1663 2540 igitur,
1687 2500 1723 2531 ut
1738 2499 1866 2539 audivi,
1885 2499 2004 2532 stultus
2017 2501 2050 2532 et
2065 2501 2134 2541 ipse
2145 2500 2187 2533 ab
2209 2501 2347 2534 Hercule
2368 2509 2452 2535 vana
2468 2510 2527 2544 spe

1474 2557 1603 2590 innatus
1617 2567 1688 2590 sum
1698 2581 1707 2598 ‚
1722 2566 1759 2590 ac
1782 2561 1912 2599 propter
1925 2559 2096 2591 Tracliinis
2117 2567 2234 2592 nomen
2252 2559 2453 2592 Hesiodeum
2468 2560 2527 2593 ali·

1472 2626 1569 2657 quem
1593 2616 1741 2649 Herculei
1775 2617 1857 2649 horti
1877 2617 1995 2658 passim
2021 2617 2163 2650 florentis
2196 2617 2366 2658 sudorem,
2395 2618 2524 2652 facilem

1475 2683 1548 2706 vero
1570 2675 1668 2706 vitam
1691 2674 1734 2706 ob
1751 2674 1885 2707 virentis
1910 2674 1993 2707 horti
2015 2676 2211 2707 mentionem
2229 2675 2337 2707 animo
2351 2675 2522 2709 somniavi.

1473 2731 1596 2763 Deinde
1615 2731 1771 2772 quaerenti
1807 2740 1921 2772 porro,
1953 2734 2101 2764 essentne
2131 2731 2175 2764 dii
2207 2732 2285 2764 mihi
2313 2732 2501 2775 opitulatur-i
2510 2757 2523 2774 ,

1473 2799 1554 2822 unus
1584 2799 1602 2822 e
1632 2790 1730 2830 vulgo
1753 2790 1849 2822 etiam
1874 2790 2084 2831 jurejurando
2103 2791 2261 2823 auxilium
2291 2791 2370 2824 deos
2397 2791 2519 2828 laturos

1471 2858 1540 2881 esse
1562 2849 1721 2888 firmavit,
1739 2849 1813 2889 qnia
1826 2852 1915 2881 certo
1934 2850 2160 2890 comperisset,
2178 2850 2262 2882 idem
2286 2850 2478 2885 beneficium
2499 2859 2519 2883 a

1472 2910 1503 2940 te
1525 2908 1556 2939 in
1572 2907 1789 2940 Callistratum
1801 2931 1810 2948 ,
1827 2909 2036 2940 mercatorem
2054 2908 2242 2947 Ponticum,
2258 2917 2329 2942 esse
2351 2909 2517 2942 conatum.

1471 2966 1564 3004 Quod
1589 2975 1647 3007 ego
1666 2969 1839 3007 postquam
1863 2966 1996 3007 rescivi,
2023 2975 2122 3008 quam
2152 2977 2204 3000 me
2230 2967 2262 2999 id
2293 2976 2377 3008 aegre
2406 2967 2520 3000 tulisse

1470 3026 1654 3065 existimas,
1682 3026 1772 3066 quasi
1786 3025 1826 3057 ab
1845 3033 1883 3057 eo
1907 3025 2037 3058 virtutis
2059 3026 2260 3067 possessione
2286 3026 2442 3068 spoliatus
2470 3026 2519 3059 fo·

1470 3087 1558 3118 rem?
1586 3086 1647 3118 Sed
1666 3086 1816 3126 quamvis
1834 3085 1963 3126 gravius
1989 3095 2220 3126 commoverer,
2245 3090 2351 3119 tamen
2371 3095 2517 3128 quoerere

1468 3145 1567 3185 coepi,
1592 3145 1748 3185 numquid
1766 3145 1862 3177 etiam
1881 3147 2039 3178 mercator
2063 3145 2123 3177 iste
2142 3145 2184 3178 ab
2201 3145 2342 3178 Hercule
2356 3145 2512 3187 deceptus

1467 3205 1566 3243 esset;
1584 3212 1679 3244 quem
1699 3207 1732 3236 et
1752 3204 1859 3245 ipsum
1878 3203 2004 3236 labores
2021 3203 2178 3244 quosdam
2197 3203 2359 3236 exantlare
2384 3205 2417 3236 et
2435 3203 2515 3236 lucri

1468 3262 1641 3302 cupiditate
1657 3262 1823 3294 incensum
1844 3262 2027 3294 suaviorem
2042 3262 2183 3303 aliquam
2200 3271 2238 3294 ex
2256 3262 2396 3294 eolucro
2413 3262 2513 3294 vitam

1467 3329 1595 3361 sperare
1613 3321 1837 3353 animadverti.
1883 3323 1991 3359 Quare
2017 3329 2117 3361 quum
2139 3320 2191 3352 dei
2213 3320 2333 3359 judicio
2353 3322 2512 3353 mercato-

1465 3390 1532 3413 rem
1546 3381 1623 3413 mini
1642 3381 1761 3422 aequari
1779 3381 1939 3422 viderem,
1957 3383 1990 3414 et
2010 3381 2176 3413 oraculum
2192 3382 2223 3413 et
2239 3381 2410 3412 Herculem
2425 3380 2511 3414 dein·

1465 3448 1539 3481 ceps
1556 3440 1663 3472 valere
1679 3440 1777 3479 jussi,
1795 3440 1959 3480 indignum
1985 3448 2055 3472 esse
2074 3442 2163 3471 ratus
2175 3463 2184 3478 ‚
2210 3438 2345 3470 similem
2366 3439 2503 3472 istorum

1464 3499 1571 3531 subire
1588 3499 1758 3539 fortunam,
1778 3507 1913 3540 quorum
1927 3497 2054 3531 labores
2069 3497 2199 3539 quidem
2213 3500 2398 3542 praesentes,
2416 3505 2509 3530 men·

2595 3488 2606 3523 ξ

2603 3526 2606 3537 ι

2598 3543 2606 3592 i
