2606 3828
344 240 418 272 290
1078 229 1385 272 CYNICORUM
1412 227 1747 270 FRAGMENTA.

390 334 440 361 ⁸9.
475 320 686 370 Ἀντισθένης
715 322 914 375 ἐρωτηθείς,
935 323 1008 364 πῶς
1039 319 1079 358 ἄν
1111 335 1162 363 τις
1192 317 1376 371 προσέλθοι

339 378 517 433 πολιτεία,
537 383 610 419 εἰπε
624 382 807 431 ,καθάπερ
830 379 935 432 πυρί,
961 378 1050 429 μήτε
1072 378 1150 417 λίαν
1181 375 1376 429 ἐγγύς,ἵνα

339 437 388 488 μὴ
408 442 518 490 καῇς·
539 439 626 490 μήτε
650 439 787 492 πόῤῥω,
807 438 863 476 ἵνα
885 437 932 487 μὴ
956 436 1118 491 ῥιγώσῃς.

395 496 579 549 (Stobaeus
600 498 730 536 morit.
746 496 857 543 XLV,
877 497 925 533 28
944 495 1203 548 Ἀντισθένους.)

391 571 438 595 90.
468 555 682 602 Ἀντισθένης
710 557 728 592 ὁ
756 553 939 607 φιλόσοφος
965 553 1044 599 τοὺς
1073 554 1215 604 δημίους
1237 554 1377 593 εὐσεὸε-

337 613 479 666 στέρους
509 612 626 665 ἔλεγεν
657 607 745 651 εἶναι
775 615 845 651 τῶν
865 611 1055 664 τυράννων.
1116 612 1320 663 Πυθομένου
1340 613 1377 653 δέ

335 688 425 715 τινος
443 672 505 719 τὴν
527 672 655 719 αἰτίαν,
676 671 740 724 ἔφη
752 700 763 721 ,
781 671 833 709 ὅτι
854 671 920 709 ὑπὸ
941 671 1005 725 μὲν
1023 674 1092 710 τῶν
1109 671 1242 722 δημίων
1256 674 1286 711 οἱ
1301 673 1374 710 ἀδι-

335 734 473 774 κοῦντες
504 733 744 783 ἀναιροῦνται,
763 729 829 767 ὑπὸ
850 729 886 768 δὲ
905 732 973 768 τῶν
1003 730 1179 782 τυράννων
1207 732 1238 769 οἱ
1268 731 1375 782 μηδὲν

335 789 601 840 ἁμαρτάνοντες.

391 847 574 897 (Stobaeus
596 848 622 885 F
626 848 729 886 lorii.
750 847 957 897 XL1X3.47
983 845 1239 900 Ἀντισθένους.)
1283 872 1285 874 -

387 921 435 944 9¹.
469 907 682 954 Ἀντισθένης
715 909 733 945 ὁ
761 907 986 958 Σωκρατικὸς
1008 907 1163 952 εἰπόντος
1190 907 1302 958 τινός,
1322 906 1374 944 ὅτι

334 968 351 1002 ὁ
378 966 527 1015 πόλεμος
559 965 685 1003 ἀπολεῖ
713 965 792 1009 τοὺς
822 965 997 1016 πένητας,
1030 964 1192 1009 Πολλοὺς
1221 965 1284 1015 μὲν
1315 961 1373 1003 οὖν

331 1024 468 1069 ποιήσει
482 1053 491 1070 ,
508 1024 586 1077 ἔφη.

331 1127 334 1132 .
385 1082 567 1133 (Stobaeus
586 1082 719 1123 Floril.
736 1084 782 1131 L,
805 1098 820 1121 1
833 1098 847 1121 1
874 1083 1134 1136 Ἀντισθένους.)

381 1155 428 1181 92.
461 1142 539 1180 Οὐκ
571 1141 795 1191 ἀντιλέγοντα
823 1143 873 1180 δεῖ
899 1142 956 1181 τὸν
989 1144 1214 1195 ἀντιλέγοντα
1232 1144 1372 1195 παύειν,

330 1199 419 1238 om&
445 1199 630 1239 διδάσκειν·
651 1200 728 1238 οὐδὲ
752 1200 819 1259 γὰρ
852 1217 909 1240 τον
933 1201 1143 1252 μαινόμενον
1169 1204 1374 1254 ἀντιμαινό-

330 1258 430 1302 αενός
453 1274 504 1302 τις
524 1260 632 1299 ἰᾶται.

382 1318 565 1367 (Stobaeus
586 1318 721 1359 Floril.
742 1318 936 1367 LXXXII,
958 1321 981 1357 8
998 1319 1259 1372 Ἀντισθένους.)

380 1390 429 1417 93.
462 1377 559 1428 Πρὸς
579 1377 615 1415 δὲ
633 1377 689 1416 τὸν
709 1377 871 1431 ἐρόμενον
892 1378 1056 1426 ποδαπὴν
1086 1378 1184 1431 γήμῃ
1197 1408 1208 1427 ,
1225 1378 1290 1432 ἔφη
1303 1395 1311 1403 ·
1332 1379 1372 1417 ἂν

329 1435 390 1485 μὲν
412 1436 537 1483 καλήν,
559 1436 644 1481 ἕξεις
670 1438 798 1484 κοινήν·
818 1437 859 1475 ἂν
881 1437 916 1475 δὲ
937 1438 1104 1491 αἰσχράν,
1126 1438 1209 1483 ἕξεις
1233 1439 1370 1484 ποινήν.

384 1495 590 1547 (Diogenes
607 1496 782 1534 Laertius
799 1496 867 1536 lib.
882 1497 949 1545 vl,
967 1498 1004 1536 3.
1023 1498 1165 1536 Eadem
1187 1501 1375 1536 sententia

326 1555 440 1591 Bioni
461 1568 616 1605 quoque
643 1555 830 1593 tribuitur
851 1569 873 1593 a
894 1556 1068 1607 Diogene
1088 1556 1160 1597 lib.
1180 1557 1245 1604 IV,
1267 1559 1315 1602 48
1336 1567 1374 1595 et

327 1614 452 1651 Bianti
474 1627 496 1651 a
516 1613 643 1651 Gellio
664 1614 737 1654 lib.
759 1615 804 1662 V,
829 1615 904 1667 11.)

380 1686 428 1712 94.
459 1672 557 1710 Ἰδών
589 1688 674 1711 ποτε
708 1673 830 1726 μοιχὸν
866 1673 1055 1726 φεύγοντα,
1090 1669 1143 1714 ὟΩ.
1173 1676 1328 1728 δυστυχ’
1305 1692 1371 1726 rc,

327 1735 424 1779 εἰπε,
444 1731 592 1779 πηλίκον
613 1732 768 1771 κίνδυνον
788 1733 911 1771 ὀὸολοῦ
930 1734 1141 1787 διαφυγεῖνε
1128 1735 1288 1774 δεύνασο.

330 1812 333 1815 -
383 1790 594 1840 (Diogenes
606 1791 779 1830 Laertius
797 1792 867 1830 lib.
890 1792 1132 1842 V1,[,.Nam
1154 1808 1233 1832 uno
1255 1795 1372 1833 obolo

328 1851 546 1888 meretrices
572 1851 808 1902 prostabant.
833 1852 891 1890 Cf.
911 1852 1088 1892 Eubulus
1117 1856 1286 1893 comicus
1306 1868 1367 1906 ap.

329 1907 468 1946 Athen.
490 1908 560 1948 lib.
582 1909 673 1947 Xlll
695 1924 732 1961 p.
759 1910 834 1948 568
853 1910 911 1963 F.)

380 1982 427 2008 95.
463 1968 557 2021 Πρός
576 1985 613 2007 τε
633 1969 672 2007 τὸ
694 1969 866 2008 Ποντικὸν
889 1970 1083 2023 μειράκιον,
1105 1971 1233 2022 μέλλον
1251 1979 1370 2024 φοιτᾷν

328 2028 421 2079 αὐτῷ
440 2026 498 2065 καὶ
517 2027 710 2078 πυθόμενον
732 2028 833 2066 τίνων
856 2028 1041 2081 αὗτῷδεῗ,
1055 2029 1159 2083 φησί,
1175 2030 1371 2082 βιὸλιαρίου

328 2089 464 2135 καινοῦ,
487 2086 546 2124 καὶ
564 2087 730 2140 γραφείου
761 2091 898 2135 καινοῦ,
917 2087 977 2126 καὶ
999 2089 1198 2128 πινακιδίου
1230 2093 1367 2140 καινοῦ,

326 2142 383 2180 τὸν
404 2147 482 2181 νοῦν
500 2145 767 2198 παρεμφαίνων.

1491 318 1695 369 (Diogenes
1715 316 1891 358 Laertius
1916 314 1985 353 lib.
2003 314 2070 363 Vl,
2093 317 2131 356 3.
2154 316 2327 354 Eundem
2344 314 2476 366 jocum

1438 376 1607 427 Stilponi
1628 376 1814 415 adscribit
1830 376 2023 425 Diogenes
2042 375 2111 415 lib.
2133 375 2186 427 11,
2210 374 2318 427 ηδ.)

1573 435 1845 486 Ὀνειδιζόμενός
1863 450 1947 475 ποτε
1966 436 2013 480 ως
2037 437 2100 474 οὒκ
2119 434 2173 482 εἴη
2193 437 2233 475 ἐκ
2260 434 2322 474 δύο
2344 433 2480 476 &tuM-

1437 510 1520 563 ρων,
1511 451 1617 534 θούδὲ
1649 494 1717 570 γὰρ
1745 496 1785 533 ἐκ
1810 494 1869 533 δύο
1880 493 1976 548 ,ἔφη
1990 524 2001 544 ,
2020 496 2276 543 παλαιστικῶν,
2294 494 2386 534 ἀλλὰ
2402 508 2478 533 πα-

1437 555 1613 599 λαιστικός
1636 556 1723 602 εἶμι.

1493 616 1697 668 (Diogenes
1716 613 1894 652 Laertius
1914 612 1983 651 lib.
2005 612 2071 660 Vl,
2094 612 2146 664 4.)

1491 687 1538 713 07.
1572 671 1756 726 Γνωρίμου
1788 670 1872 710 ποτὲ
1894 670 1979 724 πρὸς
2006 670 2110 710 αὐτὸν
2132 670 2414 724 ἀποδυρομένου,
2431 674 2479 716 ὡς

1439 731 1492 779 εἴη
1514 730 1557 769 τὰ
1580 731 1816 781 ὑπομνήματα
1842 729 2091 779 ἀπολωλεκώς,
2106 727 2210 770 Ἔδει
2228 730 2315 784 γάρ,
2332 729 2419 784 ἔφη,
2442 731 2478 771 ἓν

1435 793 1479 843 τῇ
1499 792 1595 843 ψυχῇ
1616 788 1704 828 αὐτὰ
1724 788 1784 827 καὶ
1804 787 1853 839 μὴ
1871 789 1906 827 ἐν
1924 789 1994 833 τοῖς
2009 789 2158 842 χάρταις
2172 791 2332 844 γράφειν.
2367 831 2370 834 ⁴

1493 850 1699 900 (Diogenes
1719 850 1895 890 Laertius
1910 848 1980 889 lib.
1997 848 2061 896 vl,
2078 849 2134 901 5.)

1490 922 1538 949 98.
1571 907 1717 959 ’Ὠσπερ
1748 907 1815 945 ὑπὸ
1842 910 1902 946 τοῦ
1935 909 1987 946 ἰοῦ
2012 907 2069 946 τὸν
2090 907 2243 960 σίδηρον,
2258 906 2365 950 οὕτως
2383 907 2480 958 ἔλεγε

1435 966 1514 1011 τοὺς
1533 965 1715 1020 φθονεροὺς
1742 965 1810 1004 ὑπὸ
1828 971 1889 1006 τοῦ
1905 966 1993 1005 ἰδίου
2006 966 2106 1013 ’ἤθους
2122 964 2377 1005 κατεσθίεσθαι.

1492 1027 1695 1077 (Diogenes
1711 1025 1885 1064 Laertius
1902 1025 1974 1065 lib.
1993 1025 2060 1073 Vl,
2079 1025 2133 1077 5.)

1488 1100 1536 1124 99.
1566 1084 1650 1124 Τότ’
1669 1083 1734 1138 ἔφη
1756 1083 1818 1128 τὰς
1833 1084 1952 1130 πόλεις
1969 1084 2208 1131 ἀπόλλυσθαι,
2225 1082 2308 1123 ὅταν
2338 1082 2389 1133 μὴ
2415 1082 2479 1122 δύ-

1435 1160 1564 1183 νωνται
1580 1142 1658 1187 τοὺς
1674 1143 1827 1197 φαύλους
1842 1143 1910 1181 ἀπὸ
1927 1146 1995 1183 τῶν
2013 1141 2208 1182 σπουδαίων
2224 1141 2425 1194 διακρίνειν.

1492 1203 1699 1255 (Diogenes
1719 1201 1895 1240 Laertius
1919 1201 1990 1242 lib.
2010 1202 2074 1249 vi,
2095 1201 2132 1242 5.
2154 1201 2343 1240 Similiter
2358 1201 2479 1240 Anto-

1435 1263 1524 1300 nius
1541 1271 1578 1299 et
1593 1261 1786 1299 Maximus
1806 1274 1921 1300 serm.
1941 1261 1990 1299 ‹le
2006 1273 2095 1311 rege
2114 1260 2216 1298 maio
2235 1273 2275 1312 p.
2300 1259 2393 1308 520,
2409 1258 2479 1298 ubi

1436 1321 1624 1359 sententia
1640 1322 1682 1357 in
1700 1319 1805 1358 hunc
1831 1321 1990 1357 modum
2012 1319 2209 1357 enuntiata
2226 1325 2347 1356 exstat
2369 1329 2380 1356 ε
2400 1315 2480 1356 τότε

1436 1380 1496 1423 τὰς
1507 1379 1623 1424 πόλεις
1642 1378 1857 1418 ἀπόλλυσθαι
1879 1377 2077 1429 συμὸαίνει,
2092 1377 2175 1416 ὅταν
2189 1375 2240 1427 μὴ
2260 1374 2432 1415 δύνωνται
2443 1374 2477 1414 οἱ

1435 1442 1644 1491 κρατοῦντες
1651 1436 1890 1488 τοὺςφαύλους
1909 1438 1949 1476 ἐκ
1959 1439 2028 1476 τῶν
2048 1436 2248 1476 σπουδαίων
2258 1432 2477 1487 διακρίνειν.)

1490 1512 1555 1536 100.
1587 1495 1863 1546 Ἐπαινούμενός
1879 1511 1963 1535 ποτε
1973 1495 2039 1535 ὑπὸ
2054 1497 2228 1549 πονηρῶν,
2238 1494 2319 1548 ἔφη,
2337 1492 2478 1546 ἀγωνιῶ

1436 1556 1485 1607 μή
1505 1572 1539 1595 τι
1559 1555 1666 1595 κακὸν
1684 1555 1889 1608 εἴργασμαι.

1489 1615 1696 1668 (Diogenes
1721 1614 1894 1653 Laertius
1912 1613 1983 1654 tib.
2003 1613 2070 1662 vl,
2094 1612 2147 1665 5.)

1489 1688 1549 1713 101.
1581 1673 1675 1724 Ὁμο
1678 1674 1845 1712 νοοῦντυν
1868 1673 2025 1725 ἂδεὶφῶν
2047 1671 2243 1723 συμὸίωσιν
2262 1669 2394 1715 παντὸς
2411 1669 2476 1724 ἔφη

1433 1732 1568 1785 τείχους
1590 1735 1750 1784 ἷσχυροτε
1737 1746 1817 1783 ραν
1837 1723 1938 1770 εἰναι.

1488 1791 1698 1842 (Diogenes
1722 1790 1898 1828 Laertius
1921 1790 1992 1830 lib.
2008 1789 2077 1841 vl,
2098 1791 2154 1841 6.)

1488 1864 1554 1903 loe.
1587 1850 1745 1887 Ιοιαῦτα
1779 1849 1848 1887 δεῖν
1883 1848 1948 1902 ἔφη
1984 1852 2159 1887 ποιεῖσθαι
2193 1847 2335 1902 ἐφόδια,
2366 1845 2390 1885 ἃ
2417 1844 2477 1886 καὶ

1433 1908 1671 1959 ναυαγήσαντι
1689 1907 1985 1958 συγκολυμὸήσει.

1487 1967 1695 2018 (Diogenes
1717 1961 1898 2004 Laertius‘
1912 1965 1983 2004 lib.
2004 1965 2071 2012 vl,
2090 1963 2144 2016 6.)

1488 2039 1553 2064 10³.
1585 2022 1856 2075 Ὀνειδιζόμενός
1876 2038 1960 2061 ποτε
1981 2021 2039 2061 ἐπὶ
2062 2024 2114 2074 τῷ
2130 2026 2294 2074 πονηροῖς
2311 2019 2476 2074 συγγενέ-

1434 2088 1533 2132 σθαι,
1555 2083 1615 2122 καὶ
1635 2086 1666 2122 οἱ
1686 2082 1816 2135 ἰατροί,
1835 2081 1940 2134 φησί,
1961 2081 2050 2132 μετὰ
2069 2082 2139 2120 τῶν
2163 2079 2356 2120 νοσούντων
2375 2078 2476 2127 εἰσίν,

1434 2145 1511 2183 ἀλλ’
1526 2144 1563 2181 οὐ
1579 2141 1819 2195 πυρέττουσιν.

327 2233 2459 2252 -——-—————-————.-—

368 2294 418 2322 89.
444 2291 646 2324 Antisthenes
664 2293 891 2335 interrogatus,
909 2295 1073 2336 quomodo
1088 2295 1127 2327 ad
1142 2295 1371 2337 rempublicam
1436 2293 1555 2333 piinam
1571 2292 1698 2324 tradere
1717 2290 1814 2324 vellet
1831 2299 1869 2323 ac
1885 2290 2113 2330 sciscitaretur,
2129 2289 2248 2330 quibus
2275 2287 2372 2322 rebus
2390 2286 2475 2320 indi·

326 2349 541 2383 accedendum
558 2353 662 2392 esset,
678 2353 840 2395 respondit
857 2363 866 2385 :
891 2356 934 2387 Uc
952 2354 999 2387 ad
1023 2356 1139 2395 iynem
1159 2365 1172 2388 :
1191 2357 1301 2397 neque
1318 2356 1370 2387 m'·

328 2409 394 2439 mis
407 2416 540 2450 prope,
559 2418 602 2442 ne
617 2412 756 2452 uraris,
778 2419 886 2453 neque
899 2412 1024 2453 procul
1045 2413 1196 2445 astando
1209 2437 1219 2453 ,
1235 2421 1277 2445 ne
1302 2411 1371 2454 fri-

326 2473 417 2505 qaas.

368 2530 420 2557 90.
445 2526 652 2559 Antisthenes
669 2528 880 2570 philosophus
897 2530 1063 2564 carnifices
1078 2530 1224 2571 tyrannis
1246 2530 1373 2570 religio-

326 2583 425 2615 siores
442 2593 512 2616 esse
534 2585 668 2618 dicebat.
714 2587 814 2628 Cujus
831 2589 875 2620 rei
901 2597 1031 2621 causam
1063 2589 1218 2630 quaerenti
1243 2587 1372 2621 cuidam
1434 2586 1519 2618 beris
1546 2586 1641 2618 natus
1665 2596 1674 2617 z
1698 2585 1834 2625 Neque,
1851 2583 1976 2623 inquit,
1992 2581 2127 2614 duobus
2143 2580 2376 2615 luctatoribus
2393 2589 2477 2622 nm·
2529 2603 2531 2605 -

1433 2354 1543 2392 geret,
1562 2350 1701 2390 libello,
1721 2349 1845 2390 inquit,
1865 2357 1952 2382 novo
1967 2350 2002 2381 et
2016 2348 2099 2382 stilo
2125 2356 2213 2381 novo
2237 2354 2397 2389 novaque
2419 2348 2477 2380 ta-

1434 2410 1549 2451 bella,
1578 2417 1657 2442 voce
1691 2411 1801 2441 καινοῦ
1839 2408 1871 2439 ἰιι
1899 2407 1980 2440 duas
2004 2407 2126 2447 divisa,
2152 2407 2189 2439 ut
2214 2407 2300 2468 esset
2326 2405 2477 2442 καινοῦ.

1437 2469 1544 2500 mente
1562 2467 1704 2499 maxime
1722 2475 1804 2508 opus
1823 2474 1893 2498 esse
1911 2465 2104 2506 significans.

1478 2531 1530 2559 96.
1550 2526 1774 2568 Reprehensos
1789 2523 1975 2566 aliquando,
1991 2522 2077 2564 quod
2094 2531 2159 2555 non
2180 2526 2267 2556 essct
2289 2522 2478 2573 ‹luobus-li-

329 2642 509 2683 respondit,
527 2652 545 2674 a
563 2644 710 2677 carnifice
726 2646 853 2686 quidem
870 2647 1016 2680 homines
1030 2647 1202 2688 injuriosos
1218 2647 1340 2687 occidi,
1353 2656 1371 2679 a
1404 2645 1408 2692 ι
1434 2646 1582 2686 qualus,
1601 2643 1663 2676 sed
1681 2644 1799 2676 tamen
1817 2642 1974 2675 luctator
1988 2649 2077 2673 sum.

327 2700 474 2740 tyrannis
491 2710 567 2733 vero
585 2702 679 2734 etiam
696 2703 894 2738 innocentes.

368 2761 420 2790 91.
444 2760 647 2793 Antisthenes
686 2763 886 2804 Socraticus,
905 2774 1017 2815 quum
1054 2767 1187 2808 quidam
1218 2769 1371 2808 dixisset,

328 2825 484 2857 pauperes
497 2817 529 2849 in
541 2817 623 2850 bello
633 2819 816 2853 interituros
825 2830 916 2854 esse.
931 2824 1035 2858 immo
1048 2826 1169 2866 plures
1182 2829 1258 2860 tum
1264 2827 1372 2869 sent,

327 2875 502 2916 respondit.

367 2937 420 2966 92.
441 2934 718 2971 contradicentem
734 2945 798 2969 non
812 2939 1060 2974 contradicendo
1072 2945 1227 2986 coerceri,
1243 2945 1299 2978 sed
1312 2946 1372 2977 do-

327 2992 391 3033 ceri
411 2995 555 3033 oportet;
577 3002 652 3025 nam
672 3002 776 3036 neque
794 2996 907 3030 insano
925 2999 1114 3042 quisquam,
1128 3002 1156 3034 si
1171 3003 1311 3036 vicissim
1327 3004 1373 3036 in-

330 3050 452 3092 saniat,
471 3050 661 3084 medebitur.

370 3111 422 3141 93.
443 3109 576 3143 cuidam
590 3119 725 3143 uxorem
739 3111 880 3146 ducturo
893 3113 1178 3159 interrogantique,
1190 3119 1372 3160 cujusmodi

329 3167 473 3207 duceret,
487 3167 650 3209 respondit
665 3178 674 3200 :
688 3169 723 3201 Si
736 3169 924 3214 formosam,
940 3173 1074 3207 habebis
1085 3183 1308 3220 communem;
1322 3179 1372 3211 sin
1403 3169 1407 3188 ¹

328 3228 435 3259 autem
459 3226 635 3259 deformem
649 3251 658 3267 ‚
676 3227 807 3261 habebis
826 3239 967 3270 poenam.

369 3290 421 3318 94.
442 3287 551 3323 Quum
580 3286 712 3319 vidisset
735 3287 908 3329 aliquando
924 3291 1099 3333 fugientem
1123 3295 1303 3328 adulterum
1327 3306 1372 3329 :o

329 3396 454 3427 inisti!

330 3476 333 3488 ,
369 3455 422 3485 95,
446 3455 547 3485 Porro
564 3455 701 3488 Pontico
716 3455 931 3501 adolescenti,
949 3470 1052 3503 quum
1078 3471 1114 3496 se
1141 3462 1204 3504 ipsi
1223 3463 1257 3496 in
1273 3445 1369 3497 disci-

1474 2707 1527 2736 97.
1549 2701 1709 2735 Familiari
1727 2701 1868 2742 quodam
1887 2699 1973 2741 apud
1987 2699 2094 2740 ipsum
2111 2698 2283 2740 aliquando
2302 2700 2477 2740 querente,

1433 2761 1523 2803 quod
1539 2760 1790 2794 commentarios
1802 2759 1978 2796 amisisset,
1997 2757 2199 2798 oportebat,
2212 2757 2334 2800 inquit,
2347 2759 2427 2791 istos
2439 2759 2478 2790 in

1434 2823 1555 2854 animo
1574 2821 1712 2861 potius,
1729 2826 1837 2861 quam
1857 2819 1895 2850 in
1914 2812 2047 2849 chartis
2061 2816 2258 2849 inscribere.

1474 2883 1527 2912 98.
1552 2879 1641 2911 Sicut
1669 2877 1816 2918 rubigine
1841 2876 1983 2916 serrum,
2000 2874 2046 2907 ita
2063 2873 2190 2908 invidos
2213 2883 2275 2908 suo
2297 2857 2479 2926 animorum

1433 2938 1546 2971 habitu
1568 2937 1717 2970 consumi
1733 2936 1852 2978 aiebat.
2018 2939 2022 2943 ’

1475 3003 1527 3030 99.
1552 2999 1636 3029 'rum
1665 2995 1813 3034 civitates
1839 2995 1970 3028 interire
1991 2988 2115 3036 ajebat,
2140 3003 2242 3037 quum
2269 2993 2435 3036 improbos
2458 3001 2479 3026 a

1434 3056 1541 3096 probis
1557 3055 1739 3088 discernere
1753 3063 1820 3087 non
1839 3045 1981 3095 possent.

1478 3117 1548 3148 100.
1571 3116 1681 3152 Quum
1712 3112 1886 3155 aliquando
1903 3122 1923 3145 a
1949 3113 2043 3146 malis
2066 3112 2254 3146 hominibus
2279 3110 2476 3151 laudaram,

1432 3181 1559 3214 vereor,
1577 3162 1694 3214 inquit,
1717 3181 1756 3206 ne
1771 3171 1850 3213 quid
1865 3171 2015 3205 maleficii
2031 3172 2228 3205 admiserim.

1477 3236 1548 3265 101.
1573 3235 1724 3266 Fratrum
1753 3232 1810 3274 qui
1837 3232 2014 3266 concordes
2041 3233 2150 3266 essent
2173 3230 2360 3265 convictum
2387 3230 2476 3264 omni
2520 3237 2527 3241 ·

1403 3320 1406 3335 ,
1432 3300 1526 3323 muro
1544 3291 1706 3324 fortiorem
1720 3300 1790 3324 esse
1805 3291 1897 3324 dixit.

328 3342 472 3385 infelix,
493 3344 614 3385 inquit,
628 3347 805 3386 quantum
819 3350 970 3389 periculi·
987 3360 1059 3384 uno
1074 3352 1172 3386 obolo
1188 3356 1300 3387 vitare
1315 3364 1370 3396 po·
1403 3337 1406 3350 ’

1478 3352 1548 3382 102.
1570 3352 1618 3382 Ea
1644 3350 1771 3382 dicebat
1796 3349 1938 3392 paranda
1961 3359 2032 3383 esse
2050 3349 2183 3390 viatica,
2198 3357 2272 3390 quoe
2286 3348 2383 3382 etiam
2399 3356 2475 3381 cnm

1431 3408 1586 3448 naufrago
1602 3408 1698 3440 simul
1713 3411 1888 3442 enatarent.

1477 3468 1546 3498 103.
1567 3466 1790 3507 Reprehensus
1804 3466 1988 3508 aliquando,
1995 3467 2169 3508 quodcum
2184 3465 2277 3500 matis
2288 3465 2472 3499 hominibus

2589 3339 2606 3414 ,γ
