2638 3840
366 271 492 300 LXXV!

363 347 446 385 sive
471 346 638 398 majores
663 347 746 384 sive
776 346 946 383 minores
969 342 1179 390 recitabat,
1201 354 1246 378 ea
1272 340 1405 378 condi-

1204 252 1271 292 οε
1292 235 1539 292 ‘promen‘
1558 234 1656 290 ceo

1469 339 1543 378 bus
1567 336 1753 376 tractabat
1785 336 1918 385 colligi
1953 342 2120 386 oportet.
2181 334 2274 373 Nam
2303 330 2352 368 de
2384 341 2511 380 gram-

364 407 492 453 tione,
525 416 567 444 ut
606 420 627 444 a
665 406 832 455 singulis
865 402 1111 441 auditoribus
1144 400 1206 438 vel
1246 399 1409 449 singulae
1474 399 1615 437 matica
1635 395 1713 450 (llo)
1736 397 1789 435 ita
1806 395 2002 434 subtiliter
2025 392 2331 445 disputabat,ut
2348 387 2519 428 vocabu·

364 465 556 503 draclnnae
582 465 643 502 vel
676 464 779 501 binae
800 464 861 501 vel
885 470 1080 512 quaternae
1095 489 1105 507 ,
1128 471 1408 509 nonnunquam

364 525 478 562 etiam
500 524 787 575 quinquagenae
816 521 1093 573 penderentur,
1156 519 1203 556 At
1235 518 1412 569 quamvis

365 582 450 634 ejus
482 583 630 632 ingenii
677 589 926 619 monumenta
963 577 1175 616 verborum
1209 579 1413 615 sententia-

365 654 531 693 rumque
559 641 775 679 luminibus
796 639 981 677 distincta
1009 645 1165 683 essent,
1185 645 1313 674 tamen
1333 649 1413 673 vox

366 701 450 752 ejus
483 700 613 750 gravis
636 697 887 737 audientibus
918 695 1135 747 injucunda
1165 703 1267 742 erat,
1300 703 1414 745 atque

366 761 560 798 interdum
583 761 697 797 etiam
736 758 903 795 obscura
937 754 1034 807 (12).
1092 754 1228 805 Itaque
1247 754 1321 791 hoc
1348 754 1414 791 vi-

367 820 463 857 tium
485 828 522 856 et
544 820 585 856 in
614 817 771 855 dicendi
798 816 984 865 magistro
1002 823 1039 852 et
1059 814 1100 852 in
1121 822 1297 861 oratore,
1316 826 1413 864 quo-

368 879 594 928 tiescunque
620 877 833 926 legationes
853 874 1003 922 obibat,
1025 874 1309 925 deprehensum
1341 881 1411 911 est.

368 938 561 975 Nimirum
597 948 697 987 saepe
728 934 940 972 Prodicum
969 932 1192 971 honoribus
1217 941 1255 971 et
1284 932 1415 983 reipu-

366 996 479 1034 blicae
502 994 731 1033 muneribus
750 994 997 1046 perfunctum
1023 1006 1106 1032 esse
1128 1000 1287 1030 testatur
1306 991 1416 1028 Plato

369 1055 411 1093 in
443 1054 591 1106 Hippia
621 1053 769 1104 majore
815 1053 912 1104 (13).
969 1052 1106 1098 Qualis
1144 1060 1270 1089 autem
1301 1050 1418 1088 fuerit

367 1112 635 1165 philosophus,
655 1125 676 1150 e
695 1125 826 1151 rerum
843 1112 1032 1151 varietate
1051 1124 1166 1163 quam
1186 1111 1228 1149 in
1242 1110 1419 1148 acroasi-

368 1246 509 1283 ἐπίδειξιν
523 1245 705 1283 ἐποιήσατο.
722 1244 813 1277 Plato
826 1246 852 1277 T
855 1244 946 1284 heag.
965 1253 996 1284 p.
1015 1245 1072 1276 127
1090 1251 1156 1283 seq.
1175 1255 1182 1274 :
1200 1242 1307 1274 ἔπειτα
1319 1242 1345 1273 εἰ
1360 1241 1420 1282 ἄρα

366 1297 420 1332 τῆς
439 1293 493 1334 μὲν
510 1296 573 1324 τῶν
593 1293 760 1325 πολιτικῶν
776 1291 896 1333 ἀνδρῶν
914 1290 1080 1326 συνουσίας
1106 1288 1228 1329 Θεάγης
1247 1288 1299 1320 ὅδε
1323 1298 1419 1319 κατα-

368 1344 490 1383 φρονεῖ,
517 1340 628 1377 ἄλλους
658 1341 690 1372 δέ
715 1350 799 1375 τινας
833 1341 917 1376 ζητεῖ
943 1339 973 1370 οἳ
994 1338 1150 1369 παιδεύειν
1180 1335 1419 1376 ἐπαγγέλλονται

368 1387 429 1420 οἷοί
447 1398 481 1419 τε
501 1388 580 1419 εἶναι
596 1388 683 1424 νέους
701 1387 899 1427 ἀνθρώπους,
915 1385 1000 1417 ἐστιν
1018 1385 1149 1416 ἐνταῦθα
1163 1383 1218 1414 καὶ
1237 1381 1390 1423 Πρόδικος
1404 1382 1421 1412 ὁ

369 1437 461 1471 Κεῖος
486 1436 540 1466 καὶ
562 1434 693 1476 Γοργίας
715 1435 732 1465 ὁ
760 1435 923 1469 Λεοντῖνος
943 1432 1007 1475 καὶ,
1020 1431 1128 1467 Πῶλος
1151 1430 1168 1461 ὁ
1189 1431 1421 1470 Ἀκραγαντῖνος

370 1482 424 1512 καὶ
440 1481 534 1512 -ἀλλοι
553 1480 684 1520 πολλοί,
703 1480 730 1512 οἳ
749 1480 832 1511 οὕτω
854 1479 944 1520 σοφοί
962 1480 1039 1511 εἰσιν
1053 1503 1061 1517 ,
1079 1478 1161 1510 ὥστε
1177 1477 1220 1514 εἷς
1239 1476 1294 1512 τὰς
1317 1474 1421 1511 πόλεις

370 1528 467 1565 ἰόντες
486 1528 629 1565 πείθουσι
655 1530 717 1558 τῶν
738 1527 816 1558 νέων
835 1527 906 1563 τοὺς
930 1525 1163 1566 γενναιοτάτους
1187 1534 1221 1555 τε
1244 1523 1298 1554 καὶ
1323 1522 1422 1553 πλου-

371 1574 544 1612 σιωτάτους
557 1598 566 1613 ,
586 1575 631 1611 οἷς
651 1574 748 1610 ἔξεστι
765 1577 827 1605 τῶν
843 1574 980 1605 πολιτῶν
1005 1573 1031 1613 ᾧ
1053 1573 1091 1604 ἂν
1115 1571 1288 1613 βούλωνται
1308 1571 1423 1610 προῖκα

374 1625 510 1655 συνεῖναι
525 1646 534 1662 ,
552 1621 680 1658 τούτους
693 1621 852 1653 πείθουσιν
866 1620 1091 1655 ἀπολείποντας
1106 1619 1160 1655 τὰς
1177 1617 1302 1649 ἐκείνων
1315 1626 1424 1648 συνου-

375 1670 445 1706 σίας
462 1669 566 1705 αὐτοῖς
584 1670 739 1707 συνεῖναι,
761 1668 1063 1708 προσκατατιθέντας
1084 1665 1227 1707 ἀργύριον
1247 1663 1329 1696 πάνυ
1344 1664 1423 1696 πολὺ

375 1716 499 1759 μισθόν,
513 1717 565 1748 καὶ
580 1715 668 1757 χάριν
681 1715 755 1756 πρὸς
771 1715 891 1750 τούτοις
904 1714 1027 1746 εἰδέναι.
1042 1712 1092 1746 Id.
1108 1712 1198 1753 Apol.
1213 1714 1302 1744 Socr.
1319 1720 1349 1751 p.
1363 1713 1420 1743 19:

373 1765 441 1797 ἐπεὶ
465 1764 519 1795 καὶ
545 1763 640 1795 τοῦτό
659 1762 687 1803 γ’
705 1763 772 1803 ἐμοὶ
790 1763 876 1794 δοκεῖ
893 1762 988 1793 καλὸν
1016 1761 1095 1793 εἶναι
1108 1786 1117 1800 ,
1143 1759 1168 1791 εἶ
1188 1770 1232 1795 τις
1249 1757 1314 1795 οἷός
1331 1757 1358 1790 τ’
1374 1758 1422 1797 εἴη

372 1811 530 1844 παιδεύειν
544 1810 725 1851 ἀνθρώπους
743 1810 850 1849 ὥσπερ
867 1808 996 1849 Γοργίας
1013 1819 1047 1840 τε
1063 1808 1080 1839 ὁ
1100 1809 1262 1842 Λεοντῖνος
1277 1805 1330 1837 καὶ
1345 1805 1426 1846 Πρό-

373 1860 457 1895 δικος
473 1858 491 1889 ὁ
503 1860 596 1894 Κεῖος
612 1857 665 1888 καὶ
681 1857 805 1893 Ἱππίας
824 1857 856 1887 δὲ
870 1856 887 1887 ὁ
902 1855 1034 1891 Ἡλεῖος.
1058 1854 1185 1886 Τούτων
1204 1853 1264 1894 γὰρ
1281 1853 1423 1891 ἕκαστος,

374 1907 401 1938 ὦ
429 1906 553 1947 ἄνδρες,
576 1904 640 1940 οἶός
669 1903 696 1935 τ’
714 1903 798 1935 ἐστὶν
828 1903 884 1934 ἰὼν
914 1903 956 1939 εἰς
976 1901 1112 1939 ἑκάστην
1127 1904 1190 1933 τῶν
1208 1900 1330 1932 πόλεων
1355 1900 1426 1937 τοὺς

374 1954 460 1990 νέους
473 1977 482 1992 ,
500 1952 544 1988 οἷς
561 1952 660 1988 ἔξεστι
677 1953 741 1982 τῶν
760 1951 879 1982 ἑαυτῶν
898 1951 1034 1982 πολιτῶν
1048 1951 1163 1990 προῖκα
1184 1949 1312 1985 ξυνεῖναι
1335 1947 1362 1988 ᾧ
1387 1948 1425 1979 ἂν

375 2000 570 2042 βούλωνται,
594 1999 720 2034 τούτους
738 1998 881 2030 πείθουσι
900 1998 954 2034 τὰς
977 1997 1104 2029 ἐκείνων
1133 1995 1296 2033 ξυνουσίας
1320 1995 1426 2027 ἀπολι·

377 2048 493 2084 πόντας
513 2046 600 2086 σφίσι
617 2046 749 2082 ξυνεῖναι
771 2045 917 2086 χρήματα
933 2044 1071 2080 διδόντας
1085 2044 1138 2075 καὶ
1156 2042 1245 2084 χάριν
1265 2042 1424 2083 προσειδέ-

375 2107 436 2126 ναι.
458 2093 674 2133 Pseudoplato
704 2092 840 2124 Axiocli.
861 2100 896 2132 p.
918 2094 1005 2123 366:
1030 2091 1084 2122 καὶ
1113 2093 1212 2121 ταῦτα
1238 2089 1270 2120 δὲ
1296 2089 1318 2120 ἃ
1346 2089 1427 2128 λέγω

375 2142 534 2185 Προδίκου
553 2141 620 2173 ἐστὶ
637 2143 692 2172 τοῦ
706 2143 804 2180 σοφοῦ
818 2139 1032 2181 ἀπηχήματα,
1045 2138 1084 2170 τὰ
1098 2138 1153 2179 μὲν
1169 2136 1309 2178 διμοίρου
1328 2136 1427 2173 ἐωνη-

377 2193 477 2233 μένα,
496 2190 536 2221 τὰ
560 2189 593 2220 δὲ
616 2189 700 2221 δυεῖν
720 2189 894 2230 δραχμαῖν,
918 2188 958 2219 τὰ
977 2188 1009 2219 δὲ
1033 2186 1280 2228 τετραδράχμου.
1303 2186 1428 2226 Προῖκα

376 2240 436 2281 γὰρ
455 2239 532 2280 ἁνὴρ
554 2237 643 2274 οὗτος
665 2237 775 2269 οὐδένα
802 2235 960 2276 διδάσκει,
980 2236 1031 2267 διὰ
1050 2235 1166 2270 παντὸς
1195 2234 1228 2265 δὲ
1258 2233 1324 2269 ἔθος
1345 2231 1428 2263 ἐστὶν

377 2287 463 2328 αὐτῷ
482 2288 596 2326 φωνεῖν
627 2285 665 2316 τὸ
691 2284 934 2325 Ἐπιχάρμειον,
953 2284 975 2314 ἆ
999 2282 1032 2314 δὲ
1055 2277 1123 2323 χεὶρ
1141 2281 1198 2313 τὰν
1224 2282 1315 2321 χεῖρα
1335 2278 1427 2316 νίζει·

377 2334 428 2370 δός
444 2344 473 2364 τι
486 2357 495 2373 ,
519 2333 571 2364 καὶ
590 2331 667 2363 λάὸε
685 2343 726 2363 τι.
750 2331 839 2362 Plato
865 2330 985 2370 cratyl.
1006 2339 1038 2370 p.
1054 2331 1114 2361 384
1136 2337 1144 2359 ε
1164 2329 1191 2359 εἷ
1211 2328 1265 2367 μὲν
1285 2325 1339 2358 οὗν
1366 2326 1429 2364 ἐγὼ

377 2380 437 2418 ἤδη
451 2379 599 2419 ἠκηκόειν
617 2378 702 2419 παρὰ
719 2377 877 2418 Προδίκου
896 2378 951 2415 τήν
966 2374 1298 2416 πεντηκοντάδραχμον
1315 2372 1430 2404 ἐπίδει-

380 2428 444 2467 ξιν,
472 2429 510 2466 ἢν
532 2427 704 2459 ἀκούσαντι
732 2425 866 2466 ὑπάρχει
889 2425 958 2466 περὶ
992 2426 1085 2455 τοῦτο
1112 2421 1357 2459 πεπαιδεῦσθαι,
1389 2420 1431 2456 ὣς

379 2486 471 2516 φησιν
491 2476 606 2510 ἐκεῖνος
618 2497 627 2513 ,
646 2473 733 2504 οὐδὲν
755 2473 792 2504 ἂν
810 2472 927 2504 ἐκώλυέ
953 2482 989 2503 σε
1009 2470 1123 2502 αὐτίκα
1143 2469 1228 2510 μάλα
1248 2469 1359 2500 εἰδέναι
1376 2469 1430 2507 τὴν

381 2522 524 2556 ἀλήθειαν
537 2521 605 2562 περὶ
629 2519 790 2559 ὀνομάτων
810 2518 973 2560 ὀρθότητος
985 2525 994 2534 ·
1008 2520 1062 2549 νῦν
1079 2517 1112 2548 δὲ
1129 2517 1187 2548 οὐκ
1202 2516 1339 2555 ἀκήκοα,
1354 2515 1432 2546 ἀλλὰ

384 2571 439 2607 τήν
462 2567 669 2608 δραχμιαίαν·
693 2567 806 2598 οὔκουν
827 2566 900 2598 οἶδα
923 2569 968 2606 πῇ
984 2576 1061 2597 ποτε
1081 2565 1118 2596 τὸ
1137 2563 1247 2601 ἀληθὲς
1272 2562 1336 2604 ἔχει
1363 2563 1432 2603 περὶ

381 2618 444 2647 τῶν
464 2613 625 2645 τοιούτων.
640 2613 827 2644 Aristoteles
843 2613 935 2644 Rliet.
950 2613 1008 2650 ΠΙ,
1029 2613 1079 2651 14,
1095 2620 1126 2651 p.
1147 2613 1224 2642 1415
1243 2610 1263 2641 b
1276 2611 1327 2640 ed.
1349 2609 1432 2641 Bek-

383 2662 454 2693 ker.
472 2669 479 2688 τ
495 2663 588 2692 τοῦτο
602 2661 628 2691 δ’
645 2659 728 2691 ἐστίν
739 2685 746 2699 ,
764 2660 870 2699 ὥσπερ
883 2659 939 2699 ἔφη
955 2659 1107 2700 Πρόδικος
1121 2683 1130 2698 ,
1144 2658 1195 2690 ὅτε
1214 2657 1390 2694 νυστάζοιεν
1403 2659 1433 2689 οἱ

385 2707 537 2749 ἀκροαταί
548 2731 557 2745 ,
592 2706 819 2747 παρεμὸάλλειν
848 2710 901 2744 τῆς
935 2706 1276 2748 πεντηκονταδράχμου
1315 2705 1431 2741 αὐτοῖς.

385 2755 594 2788 Philostratus
607 2753 665 2785 vit.
681 2754 821 2793 Sopliist.
834 2755 972 2785 Prooem.
994 2761 1067 2794 pag.
1082 2755 1141 2785 482
1155 2753 1206 2784 ed.
1227 2753 1334 2784 Olear.
1356 2764 1363 2783 :
1380 2753 1433 2784 καὶ

385 2803 420 2834 τὸ
442 2801 492 2833 ἐπὶ
512 2803 592 2832 πᾶσι
607 2824 617 2840 ,
643 2802 700 2831 τοῦ
724 2799 819 2838 λόγου
835 2799 886 2831 διὰ
905 2799 1057 2831 πλειόνων
1079 2798 1267 2835 ξυντεθέντος
1285 2798 1435 2839 ἔμμισθον

388 2849 531 2884 ἐπίδειξιν
566 2848 704 2879 ἐποιεῖτο
745 2847 908 2887 Πρόδικος.
939 2846 1050 2878 Scllol.
1082 2846 1121 2878 ad
1149 2846 1312 2886 Aristopli.
1351 2845 1435 2877 Nub.

388 2904 423 2928 v.
442 2898 502 2927 360
521 2908 528 2926 ε
544 2895 696 2935 Σοφιστὴς
715 2893 797 2932 δὲῆν
816 2894 833 2924 ὁ
850 2894 1002 2934 Πρόδικος
1014 2895 1090 2929 Χῖος
1109 2892 1189 2933 (leg.
1204 2892 1318 2932 Κεῖος)
1333 2892 1368 2924 τὸ
1381 2892 1435 2932 γε’-

395 2951 464 2979 νος·
485 2942 610 2983 ἤκμασε
628 2941 660 2972 δὲ
677 2940 758 2972 κατὰ
778 2940 848 2976 τοὺς
874 2940 1001 2982 χρόνους
1029 2939 1223 2981 Σωκράτους.
1250 2941 1379 2980 Πρῶτος
1402 2939 1437 2970 δὲ

390 2989 479 3025 οὗτος
498 2989 553 3026 τὴν
576 2987 907 3028 πεντηκοντάδραχμον
930 2986 1071 3023 ἐπίδειξιν
1091 2986 1276 3023 ἐποιήσατο.
1304 2987 1434 3026 Μνημο-

389 3036 469 3068 νεύει
484 3035 511 3066 δ’
527 3035 623 3065 αὑτοῦ
637 3034 768 3066 Πλάτων
782 3034 813 3065 ἐν
827 3036 871 3074 τῷ
887 3033 1084 3074 Πρωταγόρᾳ
1099 3034 1152 3064 καὶ
1170 3033 1315 3073 Ξενοφῶν
1329 3033 1359 3064 ἐν
1372 3036 1437 3069 τοῖς

389 3081 729 3123 Ἀπομνημονεύμασιν.
751 3099 793 3102 -
810 3080 876 3120 (12)
904 3081 1058 3120 Diogenes
1076 3080 1216 3111 Laertius
1227 3081 1288 3118 IX,
1303 3084 1342 3111 50
1357 3091 1364 3111 :
1382 3080 1436 3111 καὶ

392 3130 522 3163 Πλάτων
537 3129 568 3160 ἐν
583 3131 628 3169 τῷ
646 3127 839 3170 Πρωταγόρᾳ
856 3127 948 3167 φησί,
966 3127 1144 3168 βαρύφωνον
1162 3126 1240 3158 εἶναι
1257 3127 1309 3158 τὸν
1325 3127 1437 3167 Πρόδι-

391 3190 457 3211 κον.
480 3176 571 3210 Plato
586 3177 713 3215 Protag„
728 3184 758 3215 p.
778 3178 839 3207 315
859 3188 867 3206 :
883 3176 950 3215 περὶ
966 3174 999 3206 δὲ
1015 3175 1058 3206 ὧν
1070 3174 1240 3214 διελέγοντο
1255 3175 1313 3206 οὐκ
1329 3175 1436 3206 ἐδυνά-

392 3235 452 3267 μην
471 3224 570 3265 ἔγωγε
591 3224 698 3263 μαθεῖν
713 3221 821 3258 ἔξωθεν
832 3247 841 3262 ,
859 3222 971 3261 καίπερ
993 3223 1129 3262 λιπαρῶς
1150 3222 1232 3262 ἔχων
1247 3221 1370 3254 ἀκούειν
1383 3225 1438 3253 τοῦ

393 3271 569 3312 Προδίκου·
587 3271 746 3311 πάνσοφος
771 3269 829 3310 γάρ
855 3280 907 3310 μοι
931 3269 1018 3300 δοκεῖ
1042 3269 1118 3309 ἀνὴρ
1145 3269 1224 3300 εἶναι
1252 3270 1305 3300 καὶ
1330 3270 1431 3305 θεῖος·

393 3319 471 3352 ἀλλὰ
484 3318 535 3350 διὰ
557 3318 612 3356 τὴν
631 3317 789 3358 βαρύτητα
804 3319 858 3354 τῆς
875 3319 975 3356 φωνῆς
997 3316 1112 3356 βόμὸος
1126 3327 1170 3351 τις
1186 3315 1217 3347 ἐν
1234 3318 1279 3356 τῷ
1292 3316 1438 3357 οἰκήματι

394 3366 573 3407 γιγνόμενος
590 3366 694 3403 ἀσαφῆ
711 3365 807 3396 ἐποίει
828 3365 866 3395 τὰ
885 3364 1046 3404 λεγόμενα.
1065 3363 1275 3395 Philostratus
1294 3364 1351 3395 vit.
1383 3365 1439 3395 So-

395 3413 492 3453 pltist.
508 3422 538 3453 p.
557 3416 618 3445 496
631 3421 638 3440 τ
652 3412 831 3454 πρεσὸεύων
845 3412 876 3442 δὲ
892 3411 977 3452 παρὰ
993 3410 1171 3449 Ἀθηναίοις,
1184 3410 1343 3451 παρελθὼν
1363 3410 1391 3446 ἐς
1404 3411 1440 3442 τὸ

397 3459 610 3500 βουλευτήριον
627 3459 818 3495 ἱκανώτατος
833 3458 932 3494 ἔδοξεν
955 3458 1124 3498 ἀνθρώπων
1135 3481 1145 3498 ,
1165 3457 1265 3489 καίτοι
1285 3457 1439 3495 δυσήκοον

1470 542 1524 573 καὶ
1545 541 1622 582 βαρὺ
1646 540 1907 582 φθεγγόμενος.-
1922 537 1987 579 (13)
2005 535 2080 576 Vid.
2096 536 2206 567 annot.
2225 538 2275 567 lo.
2290 532 2410 573 —(14)
2427 531 2519 564 Plato

1473 587 1614 628 Euthyd.
1631 596 1659 628 p,
1680 589 1738 620 277
1755 589 1780 620 E
1795 600 1803 620 ;
1818 589 1941 628 πρῶτον
1954 584 2026 626 γάρ,
2041 585 2084 621 ὥς
2100 595 2173 623 φησι
2190 582 2359 624 Πρόδικος,
2370 579 2439 621 περὶ
2455 578 2522 610 ὸνο-

1474 635 1579 676 μάτων
1597 634 1761 675 ὀρθότητος
1783 635 1890 675 μαθεῖν
1910 634 1967 665 δεῖ.
1985 631 2033 664 ld.
2053 630 2152 664 Laeh.
2179 639 2209 670 p.
2239 629 2296 662 197
2313 629 2340 660 D
2357 640 2366 660 ι
2385 627 2463 668 μηδέ
2484 636 2521 666 γε.

1474 684 1562 726 εἴπῃς
1577 710 1585 724 ,
1603 684 1630 716 ὦ
1651 685 1784 724 Λάχης,
1803 683 1857 715 καὶ
1874 682 1933 724 γάρ
1953 692 2005 721 μοι
2027 681 2128 716 δοκεῖς
2149 678 2219 711 οὐδὲ
2239 677 2283 718 μὴ
2300 676 2455 719 ᾐσθῆσθαι
2472 675 2521 707 ὅτι

1475 732 1527 763 ὅδε
1545 732 1660 769 ταύτην
1682 732 1740 768 τήν
1757 730 1868 772 σοφίαν
1884 729 1968 770 παρὰ
1986 728 2138 772 Δάμωνος
2156 728 2213 758 τοῦ
2233 724 2384 766 ἡμετέρου
2399 722 2522 764 ἑταίρου

1474 780 1660 820 παρείληφεν
1674 803 1682 818 ,
1700 780 1717 810 ὁ
1741 779 1775 810 δὲ
1794 777 1911 818 Δάμων
1927 780 1973 818 τῷ
1994 774 2141 817 Προδίκῳ
2161 772 2261 806 πολλὰ
2284 771 2466 810 πλησιάζει.
2489 770 2524 807 ὃς

1475 827 1513 865 δὴ
1533 827 1619 859 δοκεῖ
1640 829 1702 857 τῶν
1722 827 1881 866 σοφιστῶν
1901 822 2053 855 κάλλιστα
2078 822 2116 854 τὰ
2139 823 2270 853 τοιαῦτα
2286 818 2426 859 ὀνόματα
2441 817 2521 849 διαι·

1475 877 1550 914 ρεῖν.
1580 872 1628 905 Id.
1653 873 1781 912 Protag.
1809 879 1840 911 p.
1865 873 1926 903 340
1949 871 1974 902 Ε
2007 878 2075 910 seq.
2098 881 2107 900 2
2136 866 2304 899 κινδυνεύει
2328 864 2387 906 γάρ
2407 875 2473 900 τοι,
2497 862 2524 895 ὥ

1479 919 1694 961 Πρωταγόρα,
1716 920 1736 956 ἡ
1761 917 1917 959 Προδίκου
1934 916 2030 955 σοφία
2051 915 2120 946 θεία
2137 925 2183 950 τις
2209 913 2287 944 εἶναι
2313 911 2430 950 πάλαι,
2453 910 2524 949 ἦτοι

1477 967 1539 999 ἀπὸ
1557 966 1730 1007 Σιμωνίδου
1755 964 1930 1005 ἀρξαμένη,
1954 963 1975 1001 ἢ
1992 963 2045 993 καὶ
2065 963 2108 993 ἔτι
2124 960 2327 1002 παλαιοτέρα.
2349 959 2395 991 Σὺ
2410 959 2443 990 δὲ
2469 958 2526 990 ἁλ-

1477 1013 1538 1044 λων
1555 1014 1678 1045 πολλῶν
1701 1012 1845 1053 ἔμπειρος
1871 1011 1916 1042 ὢν
1932 1010 2045 1045 ταύτης
2066 1008 2194 1049 ἄπειρος
2215 1007 2293 1039 εἶναι
2319 1005 2420 1047 φαίνει
2433 1030 2442 1046 ,
2467 1005 2543 1046 οὐχ,

1479 1060 1586 1101 ὥσπερ
1605 1060 1667 1100 ἐγὼ
1691 1058 1835 1098 ἔμπειρος
1851 1057 1902 1088 διὰ
1916 1055 1951 1087 τὸ
1967 1055 2105 1095 μαθητὴς
2119 1055 2197 1086 εἶναι
2217 1052 2374 1095 Προδίκου
2387 1052 2525 1086 τουτουΐ.

1480 1107 1540 1138 Καὶ
1558 1108 1611 1137 νῦν
1637 1116 1689 1146 μοι
1708 1105 1808 1140 δοκεῖς
1825 1103 1862 1135 οὐ
1889 1102 2052 1147 μανθάνειν
2077 1101 2125 1134 ὅτι
2141 1101 2195 1133 καὶ
2214 1101 2250 1132 τὸ
2270 1100 2407 1141 χαλεπὸν
2431 1102 2525 1132 τοῦτο

1477 1153 1555 1189 ἴσως
1572 1154 1631 1194 οὐχ
1650 1152 1734 1184 οὕτω
1749 1149 1923 1191 Σιμωνίδης
1942 1149 2095 1181 ὓπελαὸεν
2110 1149 2217 1188 ὥσπερ
2229 1146 2270 1179 σὺ
2286 1145 2528 1188 ὑπολαμδάνεις,

1479 1199 1544 1231 ἀλλ’
1557 1200 1664 1240 ὥσπερ
1676 1198 1745 1239 περὶ
1761 1201 1817 1229 τοῦ
1839 1197 1939 1228 δεινοῦ
1954 1194 2107 1237 Πρόδικός
2122 1205 2161 1236 με
2177 1194 2284 1226 οὑτοσὶ
2310 1194 2448 1225 νουθετεῖ
2458 1192 2530 1226 ἐκά-

1480 1256 1571 1278 στοτε
1582 1270 1591 1285 ,
1612 1246 1686 1277 ὅταν
1701 1246 1836 1277 ἐπαινῶν
1851 1245 1914 1284 ἐγὼ
1934 1244 1954 1282 ἢ
1968 1245 2004 1275 σὲ
2019 1244 2039 1281 ἢ
2053 1243 2144 1274 ἄλλον
2160 1241 2228 1274 τινὰ
2243 1241 2325 1282 λέγω
2337 1240 2383 1272 ὅτι
2400 1242 2531 1283 Πρωτα·

1480 1293 1575 1334 γόρας
1592 1293 1686 1332 σοφὸς
1706 1292 1760 1324 καὶ
1778 1291 1876 1327 δεινός
1896 1292 1979 1323 ἑστιν
1997 1290 2086 1331 ἀνήρ,
2104 1290 2205 1331 ἐρωτᾷ
2221 1289 2248 1320 εἰ
2264 1288 2323 1320 οὐκ
2340 1287 2531 1329 αἰσχύνομαι

1484 1341 1605 1380 τάγαθὰ
1630 1339 1714 1371 δεινὰ
1743 1339 1858 1370 καλῶν.
1880 1339 1925 1370 Τὸ
1955 1337 2015 1379 γὰρ
2043 1336 2162 1374 δεινόν,
2185 1335 2280 1377 φησί,
2305 1334 2404 1367 κακόν
2428 1335 2531 1367 ἐστιν·

1481 1388 1581 1424 οὐδεὶς
1603 1391 1678 1428 γοῦν
1695 1387 1778 1428 λέγει
1802 1386 1953 1417 ἑκάστοτε
1967 1386 2069 1417 δεινοῦ
2089 1384 2225 1416 πλούτου
2242 1382 2313 1415 οὐδὲ
2327 1382 2427 1420 δεινῆς
2446 1382 2532 1424 εἰρή-

1480 1447 1534 1473 νης
1546 1435 1619 1467 ὀὐδὲ
1640 1436 1742 1472 δεινῆς
1760 1434 1898 1474 ὑγιείας,
1916 1433 1994 1464 ἀλλὰ
2009 1433 2110 1470 δεινῆς
2129 1431 2224 1463 νόσου
2242 1431 2296 1462 καὶ
2318 1429 2419 1462 δεινοῦ
2436 1429 2530 1463 πολέ-

1483 1493 1543 1523 μου
1568 1482 1622 1514 καὶ
1656 1482 1756 1519 δεινῆς
1775 1481 1881 1517 πενίας
1892 1505 1912 1521 ,.
1926 1482 1969 1515 ὡς
1999 1482 2054 1511 τοῦ
2077 1480 2179 1511 δεινοῦ
2201 1480 2302 1510 κακοῦ
2321 1477 2420 1514 ὄντος.
2437 1477 2533 1514 Ἴσως

1484 1531 1539 1562 οὖν
1555 1531 1609 1562 καὶ
1628 1530 1664 1562 τὸ
1691 1529 1828 1571 χαλεπὸν
1854 1526 1894 1559 αὗ
1913 1529 1942 1559 οἱ
1971 1528 2058 1558 Κεῖοι
2081 1526 2134 1557 καὶ
2157 1527 2175 1557 ὁ
2194 1524 2366 1566 Σιμωνίδης
2392 1525 2413 1563 ἢ
2434 1525 2534 1557 κακὸν

1482 1578 1760 1618 ὑπολαμβάνουσιν
1774 1578 1793 1615 ἢ
1812 1575 1888 1608 ἄλλο
1904 1586 1934 1607 τι
1954 1575 1971 1606 ὃ
1986 1575 2026 1606 σὺ
2047 1574 2084 1606 ού
2106 1573 2283 1613 μανθάνεις.
2301 1572 2461 1614 Ἐρώμεθα
2479 1571 2534 1605 οὖν

1483 1625 1639 1666 Πρόδικον
1650 1632 1657 1639 ·
1673 1624 1794 1656 δίκαιον
1813 1622 1872 1663 γὰρ
1894 1622 1949 1659 τὴν
1970 1620 2146 1660 Σιμωνίδου
2159 1619 2264 1661 φωνὴν
2280 1622 2390 1652 τοῦτον
2402 1619 2533 1661 ἐρωτᾷν.

1483 1672 1521 1704 Τί
1555 1672 1678 1711 ἔλεγεν,
1706 1671 1733 1702 ὧ
1763 1669 1919 1711 Πρόδικε,
1945 1669 1982 1699 τὸ
2014 1667 2153 1708 χαλεπὸν
2181 1667 2372 1706 Σιμωνίδηςῐ
2404 1666 2534 1706 Κακόν,
2583 1663 2588 1668 ’
2616 1651 2623 1675 J

1486 1722 1554 1761 ἔφη.
1573 1719 1635 1751 Διὰ
1657 1718 1746 1750 ταῦτ’
1767 1717 1828 1759 ἄρα
1848 1716 1901 1748 καὶ
1923 1716 2095 1756 μέμφεται,
2115 1714 2153 1754 ἦν
2172 1714 2200 1746 δ’
2219 1714 2304 1755 ἐγώ,
2327 1714 2354 1746 ὦ
2379 1713 2535 1756 Πρόδικε,

1484 1768 1537 1800 τὸν
1554 1766 1712 1799 Πιττακὸν
1729 1766 1861 1805 λέγοντα
1876 1764 2012 1804 χαλεπὸν
2031 1762 2140 1794 ἐσθλὸν
2159 1762 2288 1802 ἔμμεναι
2301 1785 2311 1800 ,
2330 1761 2437 1802 ὥσπερ
2457 1761 2495 1792 ἂν
2507 1761 2536 1793 εἷ

1470 1815 1597 1853 -ἤκουεν
1614 1814 1710 1845 αὐτοῦ
1729 1814 1870 1852 λέγοντος
1890 1811 1937 1842 ὅτι
1957 1810 2022 1842 ἐστὶ
2044 1809 2143 1840 κακόν
2166 1808 2275 1840 ἐσθλὸν
2287 1807 2430 1849 ἔμμεναι.
2449 1807 2538 1841 Ἀλλὰ

1484 1862 1514 1894 τί
1529 1862 1586 1894 οἴει
1599 1885 1608 1900 ,
1629 1861 1685 1901 ἔφη
1695 1884 1704 1900 ,
1726 1857 1826 1899 λέγειν
1836 1883 1845 1898 ,
1868 1858 1894 1889 ὦ
1917 1857 2079 1897 Σώκρατες
2092 1881 2100 1893 ,
2115 1854 2290 1897 Σιμωνίδην
2306 1854 2381 1887 ἄλλο
2395 1855 2416 1894 ἢ
2428 1857 2536 1895 τοῦτο,

1486 1910 1538 1941 καὶ
1561 1908 1717 1944 ὀνειδίζειν
1734 1908 1780 1947 τῷ
1793 1907 1945 1945 Πιττακῷ
1963 1904 2010 1935 ὅτι
2024 1903 2064 1935 τὰ
2077 1902 2216 1943 ὀνόματα
2234 1903 2294 1934 οὐκ
2311 1902 2468 1941 ἠπίστατο
2487 1902 2538 1944 ⁶9-

1487 1958 1546 1992 θῶς
1563 1957 1698 1996 διαιρεῖν
1721 1954 1777 1985 ἅτε
1793 1953 1926 1988 Λέσὸιος
1943 1952 1987 1983 ὢν
2009 1951 2062 1982 καὶ
2079 1950 2111 1982 ἐν
2132 1952 2219 1992 φωνῇ
2238 1949 2386 1992 βαρὸάρῳ
2403 1950 2538 1992 τεθραμ-

1487 2004 1594 2045 μένος;
1626 2001 1761 2037 Ἀκούεις
1787 2000 1846 2039 δή,
1869 1999 1943 2039 ἔφην
1970 1998 2055 2038 ἐγώ,
2086 1998 2113 2029 ὦ
2137 1996 2351 2039 Πρωταγόρα,
2378 1997 2537 2039 Προδίκου

1486 2051 1587 2082 τοῦδε.
1614 2049 1722 2089 Ἔχεις
1746 2059 1774 2078 τι
1807 2047 1881 2088 πρὸς
1903 2048 2003 2077 ταῦτα
2026 2045 2147 2085 λέγειν;
2179 2044 2241 2076 Καὶ
2261 2045 2280 2076 ὁ
2302 2043 2537 2086 Πρωταγόρας,

1487 2098 1611 2130 Πολλοῦ
1631 2107 1667 2135 γε
1687 2096 1754 2133 δεῖ,
1778 2094 1834 2133 ἔφη
1847 2117 1855 2131 ,
1874 2093 1971 2128 οὕτως
1987 2091 2085 2132 ἔχειν,
2113 2091 2139 2122 ὦ
2160 2090 2310 2131 Πρόδικε·
2328 2089 2395 2122 ἀλλ’
2413 2090 2476 2131 ἐγὼ
2501 2090 2539 2124 εὖ

1487 2144 1546 2177 οἷδ’
1574 2145 1621 2176 ὅτι
1643 2143 1699 2185 καὶ
1723 2140 1899 2182 Σιμωνίδης
1929 2141 1965 2171 τὸ
1991 2139 2128 2179 χαλεπὸν
2154 2137 2256 2176 ἔλεγεν
2287 2137 2362 2179 ὅπερ
2389 2139 2481 2179 ἡμεῖς
2507 2139 2539 2171 ot

1489 2193 1594 2231 ἄλλοι,
1613 2191 1650 2223 οὐ
1665 2190 1702 2222 τὸ
1718 2187 1817 2220 κακόν
1827 2213 1836 2228 ,
1855 2186 1920 2219 ἀλλ’
1936 2186 1954 2218 ὃ
1972 2186 2010 2218 ἂν
2027 2186 2070 2227 μὴ
2085 2184 2192 2227 ῥᾴδιον
2203 2183 2225 2226 ᾖ
2247 2184 2325 2216 ἀλλὰ
2341 2184 2394 2217 διὰ
2413 2186 2538 2218 πολλῶν

1488 2238 1680 2282 πραγμάτων
1706 2236 1860 2277 γίγνηται.
1881 2235 1972 2266 Ἀλλὰ
1990 2233 2044 2264 καὶ
2067 2232 2130 2273 ἐγὼ
2149 2232 2259 2271 οἶμαι,
2275 2231 2370 2273 ἔφην,
2394 2232 2422 2264 ὦ
2446 2233 2539 2274 Πρω-

1488 2288 1625 2329 ταγόρα,
1645 2288 1738 2318 τοῦτο
1755 2284 1855 2323 λέγειν
1879 2280 2055 2322 Σιμωνίδην
2067 2303 2076 2319 ,
2093 2280 2147 2311 καὶ
2170 2278 2326 2321 Πρόδικόν
2340 2290 2377 2320 γε
2394 2278 2484 2312 τόνδε
2499 2280 2541 2312 εἷ·
2559 2314 2571 2327 ⁸

1489 2336 1574 2368 δέναι
1587 2358 1597 2373 ,
1614 2332 1693 2364 ἀλλὰ
1715 2330 1833 2367 παίζειν
1852 2329 1905 2360 καὶ
1931 2331 1990 2360 σοῦ
2013 2328 2118 2359 δοκεῖν
2145 2327 2396 2368 ἀποπειρᾶσθαι,
2421 2327 2450 2358 εἰ
2474 2326 2541 2363 οῑὸς

1491 2381 1519 2413 τ’
1535 2381 1599 2413 ἔσει
1620 2381 1667 2420 τῷ
1687 2379 1804 2410 σαυτοῦ
1824 2375 1910 2417 λόγῳ
1936 2375 2078 2416 βοηθεῖν,
2096 2373 2162 2405 ἐπεὶ
2180 2373 2227 2404 ὅτι
2250 2383 2287 2413 γε
2311 2373 2483 2413 Σιμωνίδης
2504 2374 2542 2406 οὐ

1490 2429 1571 2467 λέγει
1598 2427 1634 2458 τὸ
1665 2424 1803 2466 χαλεπὸν
1839 2422 1938 2454 κακόν
1951 2447 1959 2462 ,
1985 2422 2065 2462 μέγα
2093 2419 2260 2462 τεκμήριόν
2285 2419 2370 2452 ἐστιν
2394 2420 2481 2456 εὐθὺς
2503 2423 2542 2456 τὸ

1492 2475 1570 2517 μετὰ
1587 2475 1681 2505 τοῦτο
1707 2471 1791 2513 ῥῆμα
1804 2479 1813 2486 ·
1831 2470 1913 2510 λέγει
1941 2469 2002 2509 γὰρ
2029 2468 2076 2500 ὅτι
2099 2467 2166 2503 θεὸς
2186 2468 2225 2499 ἂν
2245 2466 2338 2508 μόνος
2357 2470 2451 2499 τοῦτο
2472 2466 2541 2508 ἔχοι

1491 2523 1593 2564 γέρας.
1625 2519 1672 2552 Οὐ
1694 2519 1795 2557 δήπου
1817 2516 1911 2548 τοῦτό
1934 2527 1970 2556 γε
1989 2516 2108 2556 λέγων,
2131 2514 2232 2546 κακὸν
2260 2513 2368 2546 ἐσθλὸν
2393 2513 2542 2555 ἔμμεναι,

1493 2570 1564 2602 εἶτα
1591 2567 1645 2600 τὸν
1671 2566 1739 2598 θεόν
1758 2575 1834 2605 φησι
1858 2563 1951 2603 μόνον
1971 2563 2053 2594 τοῦτ’
2073 2562 2110 2594 ἂν
2131 2561 2215 2603 ἔχειν
2235 2561 2288 2593 καὶ
2303 2564 2349 2602 τῷ
2372 2563 2433 2602 θεῷ
2448 2563 2542 2594 τοῦτο

1492 2617 1582 2658 γέρας
1609 2614 1755 2653 ἀπένειμε
1778 2610 1883 2652 μόνῳ·
1901 2609 2076 2642 ἀκόλαστον
2097 2608 2158 2649 γὰρ
2181 2607 2218 2639 ἄν
2238 2618 2310 2639 τινα
2331 2608 2414 2647 λέγοι
2436 2608 2543 2640 Σιμω-

1492 2664 1578 2701 νίδην
1603 2663 1622 2694 ὁ
1639 2660 1794 2702 Πρόδικος
1821 2658 1874 2689 καὶ
1903 2656 2047 2697 οὐδαμῶς
2081 2657 2184 2687 Κεῖον.
2203 2653 2280 2686 Ἀλλ’
2311 2653 2334 2685 α’
2366 2665 2418 2695 μοι
2455 2655 2544 2688 δοκεῖ

1493 2711 1684 2744 διανοεῖσθαι
1716 2705 1894 2746 Σιμωνίδης
1922 2704 1954 2735 ἐν
1982 2703 2085 2744 τούτῳ
2112 2705 2158 2744 τῷ
2191 2702 2332 2743 ᾄσματι,
2367 2702 2463 2734 ἐθέλω
2490 2713 2543 2735 σοι

1494 2760 1611 2798 εἰπεῖν,
1636 2757 1664 2788 εἷ
1687 2754 1792 2797 βούλει
1814 2751 1922 2784 λαὸεἴν
1948 2761 2009 2791 μου
2033 2752 2144 2791 πεῖραν
2170 2749 2256 2786 ὅπως
2280 2748 2347 2790 ἔχω
2359 2771 2370 2790 ,
2393 2749 2411 2781 ὃ
2430 2749 2471 2782 σὺ
2491 2749 2558 2782 λὲο.

1494 2816 1558 2845 γεις
1573 2806 1685 2841 τοῦτο,
1712 2799 1782 2840 περὶ
1804 2799 1887 2830 ἐπῶν
1901 2805 1908 2812 ·
1923 2797 1977 2828 ἐὰν
2003 2796 2036 2828 δὲ
2063 2795 2178 2838 βούλῃ,
2191 2797 2251 2827 σοῦ
2273 2794 2451 2837 ἀκούσομαι
2473 2797 2541 2829 κτλ.

1496 2852 1547 2884 Cf.
1569 2851 1695 2889 Protag.
1719 2856 1751 2888 p.
1768 2847 1826 2878 337
1848 2847 1887 2884 Α,
1917 2844 2040 2884 cratyl.
2056 2852 2127 2884 pag.
2151 2845 2210 2875 384
2226 2844 2264 2882 B,
2278 2843 2373 2874 Meno
2395 2852 2428 2884 p.
2446 2845 2487 2876 75
2504 2845 2542 2876 Ε.

1498 2901 1540 2932 Ut
1559 2899 1668 2930 autem
1685 2894 1841 2928 Prodicus
1859 2892 1991 2933 putidus
2011 2891 2184 2922 verborum
2210 2889 2370 2931 interpres
2385 2898 2423 2922 ac
2444 2890 2544 2932 sylla-

1500 2948 1614 2980 barum
1644 2950 1762 2983 auceps
1783 2940 1854 2973 erat
1879 2951 1887 2971 ι
1914 2939 1957 2971 ita
1979 2939 2075 2971 etiam
2095 2937 2239 2977 Agatho,
2256 2936 2328 2977 ejus
2345 2936 2544 2980 discipulus,

1496 2994 1530 3026 in
1551 2990 1695 3026 Platonis
1716 2986 1888 3020 convivio.
1912 2988 1958 3018 Ex
1979 2985 2049 3025 ejus
2065 2985 2150 3017 enim
2167 2983 2311 3015 oratione
2334 2982 2416 3016 duos
2432 2983 2485 3016 hle
2501 2985 2545 3017 Ιο-

1497 3050 1552 3073 cos
1573 3039 1745 3071 afferemus
1759 3034 1891 3067 molesta
1907 3033 1937 3064 in
1952 3032 2085 3072 singulis
2102 3031 2208 3063 verbis
2225 3029 2387 3070 diligentia
2400 3031 2431 3063 el
2445 3039 2546 3072 oppo-

1497 3089 1631 3121 sitorum
1659 3081 1863 3117 multitudine
1886 3080 2036 3121 insignes.
2058 3079 2146 3111 Alter
2163 3080 2212 3109 est
2229 3086 2259 3117 p.
2280 3079 2339 3109 196
2357 3078 2380 3109 Β
2397 3090 2406 3110 z
2426 3079 2463 3110 τὸ
2488 3077 2544 3119 μὲν

1499 3136 1662 3177 μέγιστον,
1698 3131 1746 3163 ὅτι
1770 3129 1871 3169 Ἔρως
1902 3128 1968 3159 οὔτ’
1994 3127 2096 3158 ἀδικεῖ
2124 3125 2190 3157 οὔτ’
2215 3125 2371 3167 ἀδικεῖται
2393 3124 2460 3156 οὔθ’
2482 3125 2545 3157 ὑπὸ

1498 3184 1569 3214 θεοῦ
1585 3181 1657 3213 οὔτε
1672 3178 1758 3218 θεόν,
1775 3176 1840 3209 οὔθ’
1858 3176 1911 3207 ὑπ’
1925 3175 2089 3215 ἀνθρώπου
2106 3173 2178 3204 οὔτε
2195 3172 2371 3212 ἄνθρωπον.
2390 3171 2473 3204 Οὔτε
2485 3171 2545 3213 γὰρ

1498 3229 1590 3265 αὐτὸς
1607 3228 1662 3269 βίᾳ
1683 3225 1801 3265 πάσχει
1815 3247 1825 3262 ,
1837 3221 1865 3253 εί
1881 3232 1910 3252 τι
1928 3222 2064 3261 πάσχει·
2081 3219 2135 3261 βία
2150 3219 2210 3259 γὰρ
2231 3217 2367 3258 Ἔρωτος
2380 3218 2440 3259 οὐχ
2452 3217 2545 3250 ἅπτε-

1497 3284 1570 3307 ται·
1585 3270 1656 3306 οὔτε
1679 3275 1779 3304 ποιῶν
1795 3268 1969 3301 ποιεῒίκτλ,
1990 3267 2076 3299 Alter
2095 3276 2123 3306 p.
2151 3266 2207 3296 197
2222 3264 2251 3295 D
2271 3275 2279 3295 t
2301 3263 2390 3300 οὗτος
2412 3265 2445 3296 δὲ
2463 3266 2545 3306 ἡμᾶς

1500 3321 1736 3363 ἀλλοτριότητος
1757 3318 1812 3359 μὲν
1830 3319 1934 3355 κενοῖ,
1955 3315 2144 3351 οἰκειότητος
2161 3313 2193 3344 δὲ
2206 3313 2335 3353 πληροῖ,
2349 3312 2404 3348 τὰς
2418 3312 2546 3344 τοιάσδε

1500 3368 1640 3405 ξυνόδους
1661 3366 1726 3407 μετ’
1745 3364 1885 3401 ἀλλήλων
1903 3362 2005 3399 πάσας
2023 3362 2115 3398 τιθεὶς
2135 3360 2286 3397 ξυνιέναι,
2306 3358 2338 3389 ἐν
2359 3359 2478 3399 ἑορταῖς
2489 3373 2504 3398 ,·
2513 3359 2545 3390 ἐν

1500 3418 1630 3457 χοροῖς,
1654 3414 1686 3446 ἐν
1704 3411 1824 3447 θυσίαις
1843 3409 2022 3450 γιγνόμενος
2043 3408 2171 3448 ἡγεμών
2184 3415 2192 3423 ·
2214 3404 2377 3446 πραότητα
2408 3406 2463 3446 μὲν
2487 3416 2546 3437 πο-

1500 3462 1610 3503 ρίζων,
1634 3461 1802 3502 ἀγριότητα
1821 3458 1848 3491 δ’
1867 3458 2024 3499 ἑξορίζων·
2042 3456 2210 3498 φιλόδωρος
2232 3452 2407 3494 εὐμενείας,
2427 3453 2544 3495 ἄδωρος

2620 1390 2636 1435 ,937⁴

2634 1621 2638 1628 ι
2611 1598 2617 1601 ’
2611 1445 2638 1570 ‘afflzmstaess

2627 3411 2631 3413 ν
2615 3099 2638 3368 ssmev-›sswvsscwww
2617 3066 2630 3071 2
2616 2843 2638 3060 maffimsshez-
2618 2814 2632 2832 9
