2638 3840
310 254 359 286 40
1254 248 1423 288 TIMAEI
1450 248 1599 289 LOGRI

304 333 337 378 ἐξ
356 326 406 371 ὧν
424 335 445 373 ἁ
474 332 570 387 ψυχὰ
601 333 661 373 καὶ
681 334 724 372 δι’
746 328 794 373 ὧν
814 333 1029 372 συνεστάκει.
1089 333 1130 372 ἃν
1150 334 1216 387 οὐχ
1239 334 1342 374 ὑστέ-

305 408 367 444 ραν
389 398 451 437 τᾶς
482 399 687 443 σωματικᾶς
706 392 821 437 οὐσίας
847 391 1056 437 συνετάξατο
1073 395 1090 430 ὃ
1111 392 1184 437 θεός
1199 423 1210 444 ,
1226 392 1345 447 ὥσπερ

302 450 450 502 λέγομες
471 450 579 502 ἁμές,
609 450 799 504 (πρότερον
815 450 882 503 γὰρ
903 450 943 489 τὸ
970 450 1173 504 τιμιώτερον
1197 452 1257 491 καὶ
1284 454 1345 493 δυ-

302 509 388 560 νάμι
419 510 480 548 καὶ
516 510 674 563 χρόνῳ,)
698 510 788 548 ἀλλὰ
823 509 1065 562 πρεσὸυτέραν
1101 511 1223 560 ἐποίη,
1263 511 1345 563 μίαν

303 568 479 622 ἀφαιρέων
499 569 563 608 τὰν
586 570 723 622 πράταν
746 569 902 619 μονάδων
930 570 1036 607 οὖσᾶν
1064 570 1234 623 τεττόρων
1265 571 1345 610 ποτὶ

301 627 393 666 ὃκτω
409 628 530 667 δεκάσι
550 629 609 667 καὶ
631 644 740 681 τρισιν
760 627 982 668 ἑκατοντάσι.
1054 628 1196 673 Ἰαύτας
1221 630 1256 669 δὲ
1282 631 1344 669 τάν

300 702 336 725 τε
385 686 571 725 διπλασίαν
616 686 675 726 καὶ
711 686 917 738 τριπλασίαν
961 689 1041 740 ῥᾷον
1082 686 1344 737 ξυλλογίξασῡαι

303 745 485 795 ἑσταμένω
511 748 561 783 τῶ
580 746 717 797 πράτω.
774 747 836 783 Δεῖ
867 745 897 783 δ’
916 738 1012 795 εἰμέν
1030 762 1104 789 πως
1130 747 1263 792 πάντας
1283 764 1344 787 συν

300 805 372 847 τοῖς
395 804 684 857 συμπληρώμασι
712 803 772 842 καὶ
799 806 868 847 τοῖς
895 804 1073 856 ἐπογδόοις
1093 805 1190 858 ὅρους
1220 805 1256 852 ἓξ
1286 808 1344 846 καὶ

301 862 504 915 τριάκοντα,
547 862 605 900 τὸν
654 862 690 901 δὲ
742 856 926 913 ξύμπαντα
983 863 1128 916 ἀριθμὸν
1186 865 1346 917 γενέσθαι

301 922 478 973 μυριάδων
513 920 634 959 ἕνδεκα
671 920 731 960 καὶ
757 920 928 974 τεττόρων
957 922 1126 973 χιλιάδων
1159 922 1345 969 ἑξακοσίων

299 980 362 1033 ζε.
420 997 478 1018 ται
510 979 545 1018 δὲ
575 979 759 1041 διαιρέσιες
791 981 896 1019 αὗταί
926 983 996 1020 ἕντι
1032 982 1194 1035 μυριάδες
1226 982 1288 1031 ια’,
1316 985 1345 1024 δ’

300 1056 338 1092 7
348 1070 357 1088 ,
391 1040 483 1091 χιε.
543 1039 618 1079 Ἱὰν
646 1039 708 1092 μὲν
730 1043 776 1079 ὠν
809 1056 857 1077 τω
880 1039 950 1078 ὅλω
982 1041 1097 1094 ψυχὰν
1130 1042 1242 1081 ταυτά
1271 1060 1345 1088 πως

300 1099 421 1137 διεῖλε.

352 1158 375 1208 S
403 1170 434 1196 4.
465 1156 556 1197 Θεὸν
579 1156 615 1195 δὲ
633 1157 690 1196 τὸν
715 1156 778 1208 μὲν
801 1157 938 1196 αἰώνιον
956 1158 1032 1202 νόος
1053 1161 1116 1211 ὃρῆ
1143 1160 1267 1209 μόνος,
1289 1160 1347 1199 τὸν

299 1217 441 1255 πάντων
464 1217 530 1269 ἇργ
526 1216 619 1268 αγὸν
640 1232 701 1254 και
720 1231 886 1268 γενετορα
905 1216 1078 1255 τουτέων·
1098 1217 1155 1256 τὸν
1171 1218 1206 1255 δὲ
1226 1234 1347 1270 γεννα-

298 1277 357 1315 τὸν
378 1276 468 1330 ὄψι(
455 1276 596 1327 ορέομες
611 1305 621 1323 ,
642 1275 773 1325 κόσμον
795 1290 832 1313 τε
851 1274 948 1314 τόνδε
968 1277 1027 1314 καὶ
1045 1273 1090 1314 τὰ
1116 1275 1224 1329 μέρεα
1254 1279 1347 1315 αὐτῶ

299 1335 443 1375 ὁκόσα’
424 1334 558 1387 ωράνιά
579 1337 668 1383 ἐντι,
686 1335 798 1387 τάπερ
817 1334 987 1387 αἰθέρια”
967 1351 1050 1373 οντα
1071 1334 1264 1387 διαιρετὰ
1247 1336 1349 1388 οίχα,

298 1397 344 1438 ὡς
370 1394 414 1433 τὰ
444 1392 506 1444 μὲν
530 1399 590 1437 τᾶς
623 1394 739 1432 ταῦτῶ
761 1392 882 1446 φύσιος
915 1397 1035 1445 εἰμεν,
1065 1394 1110 1433 τὰ
1141 1393 1177 1432 δὲ
1209 1400 1271 1438 τᾶς
1297 1411 1347 1433 τω

299 1453 421 1524 ἑτέρω.
478 1446 550 1491 οςυΩν
571 1453 613 1491 τὰ
635 1452 697 1490 μὲν
719 1451 888 1496 ἔξωθεν
866 1468 943 1503 αγει
963 1453 1079 1491 πάντα
1102 1455 1137 1492 ἐν
1160 1455 1275 1498 αὐτοῖς
1302 1453 1345 1492 τὰ

298 1512 392 1555 ἐντὸς
411 1511 470 1549 ἀπ’
493 1512 647 1550 ἀνατολ
615 1528 664 1555 ας
689 1511 746 1550 ἐπι
775 1510 870 1565 δύσιν
891 1511 952 1549 τὰν
973 1514 1050 1549 καθ’
1071 1510 1164 1549 ἅπαν
1182 1511 1316 1550 κίνασιν
1333 1543 1344 1563 ,

297 1569 342 1608 τὰ
363 1569 398 1608 δὲ
431 1576 493 1612 τᾶς
521 1573 570 1607 τῶ
592 1569 699 1620 ἑτέρω
731 1568 822 1612 ἐντὸς
860 1569 928 1607 ἀπὸ
950 1568 1097 1621 ἑσπέρας
1123 1569 1167 1607 τὰ
1194 1569 1270 1607 ποθ’
1299 1569 1345 1607 ἕω

300 1627 363 1679 μὲν
390 1627 680 1680 ἐπαναφερόμενά
697 1642 734 1664 τε
755 1627 814 1665 καὶ
834 1626 910 1665 καθ’
928 1626 1017 1665 αὑτὰ
1033 1627 1235 1677 κινεόμενα,
1256 1644 1343 1678 συμ-

298 1686 532 1738 περιδινέεται
555 1686 591 1724 δὲ
625 1685 716 1725 κατὰ
746 1685 972 1737 συμὸεὸακὸς
1003 1692 1048 1739 τᾷ
1077 1689 1194 1725 ταυτῶ
1230 1694 1341 1740 φορᾷ,

299 1746 423 1799 κράτος
456 1745 577 1798 ἐχοίσα
614 1747 648 1783 ἐν
671 1744 793 1797 κόσμῳ
826 1745 969 1798 κάρῤον.
1027 1744 1061 1783 ‘A
1097 1743 1133 1783 δὲ
1160 1747 1210 1782 τῶ
1239 1745 1344 1798 ἑτερω

298 1805 387 1859 φορὰ
408 1804 650 1877 μεμερισμένοι
675 1805 751 1844 καθ’
771 1805 969 1865 ἇρμονικὼς
987 1803 1131 1856 λόγως’
1116 1820 1148 1848 ες
1168 1804 1257 1843 ἑπτὰ
1278 1805 1343 1843 κύ·-

298 1866 390 1908 κλως
414 1864 658 1904 συντέτακται,
715 1863 751 1903 ‘A
777 1863 839 1914 μὲν
870 1866 918 1902 ὠν
949 1862 1078 1903 σελάνα
1097 1864 1342 1914 ποτιγειοτάτα

298 2015 431 2046 modum
459 2023 518 2046 nos
537 2014 760 2053 affirmamus,
785 2013 897 2054 (quod
917 2014 1002 2046 enim
1026 2013 1214 2046 honoratius
1242 2017 1289 2045 est
1313 2015 1346 2046 et

298 2074 453 2115 potestate
471 2075 503 2105 et
525 2074 669 2112 tempore
688 2073 775 2113 prius
793 2075 841 2104 est
853 2072 883 2114 ,)
905 2072 961 2104 sed
987 2072 1093 2104 multo
1111 2073 1184 2104 ante
1202 2072 1344 2111 creavit,

297 2134 402 2165 ablata
425 2141 488 2164 una
510 2141 549 2164 ex
569 2133 722 2173 quattuor
751 2131 862 2172 primis
885 2140 958 2173 quae
981 2133 1072 2163 erant
1101 2131 1278 2163 unitatibus
1303 2131 1343 2162 ad

296 2194 370 2223 octo
392 2190 542 2222 decusses
563 2192 595 2222 et
615 2191 682 2222 tres
714 2190 901 2234 centurias..
932 2189 1038 2230 Hujus
1058 2197 1136 2221 vero
1161 2189 1296 2230 duplum
1313 2189 1346 2221 et

298 2249 426 2290 triplum
463 2248 553 2280 facile
583 2252 631 2280 est
665 2247 812 2289 colligere
849 2248 952 2288 primo
987 2256 1122 2280 numero
1156 2248 1343 2279 constituto.

297 2309 458 2340 Caeterum
470 2316 580 2340 omnes
593 2316 747 2339 numeros
761 2316 833 2339 cum
851 2308 917 2339 suis
931 2307 1161 2349 supplementis
1176 2310 1208 2338 et
1221 2306 1344 2347 sesqui-

297 2367 421 2398 octavis
441 2367 567 2407 oportet
585 2374 657 2398 esse
675 2365 829 2398 terminos
844 2375 900 2398 sex
925 2369 958 2398 et
986 2365 1134 2406 triginta,
1159 2366 1343 2397 universum

297 2430 404 2458 autem
426 2434 595 2458 numerum
614 2425 679 2457 lieri
706 2427 913 2457 centenorum
930 2425 1188 2466 quattuordecim
1206 2424 1343 2457 millium

297 2487 523 2517 sexcentorum
564 2483 736 2524 nonaginta
774 2483 928 2524 quinque.
974 2482 1155 2515 Divisiones
1186 2490 1262 2514 vero
1294 2481 1345 2514 hae

296 2547 370 2577 sunt
387 2546 507 2577 centies
525 2545 639 2585 quater
656 2543 761 2576 decies
781 2543 868 2575 mille
885 2543 1047 2574 sexcentae
1063 2541 1236 2582 nonaginta
1253 2541 1345 2582 quin·

296 2613 375 2644 que.
426 2603 578 2635 Universi
614 2603 713 2643 igitur
751 2602 893 2634 animam
935 2601 1021 2633 hunc
1049 2601 1083 2633 in
1116 2601 1248 2632 modum
1281 2601 1344 2632 sere

296 2663 415 2694 divisit.

338 2723 356 2763 ἓ
380 2724 409 2753 4.
436 2724 537 2753 Deum
570 2730 662 2762 porro
694 2723 852 2753 aeternum
879 2721 945 2753 sola
973 2729 1066 2752 mens
1091 2719 1197 2759 videt,
1225 2718 1341 2751 horum

295 2781 441 2813 omnium
472 2782 637 2812 auctorem
657 2780 690 2812 et
718 2782 883 2820 parentem
913 2793 921 2812 z
944 2780 1086 2820 genitum
1109 2782 1219 2810 autem
1242 2777 1342 2809 oculis

295 2840 455 2873 cernimus
479 2848 552 2871 cum
571 2839 657 2870 bunc
682 2839 858 2879 mundum,
881 2840 950 2870 tum
967 2839 1036 2878 eius
1056 2839 1161 2879 partes
1176 2838 1340 2878 caelestes,

296 2908 369 2939 quae
389 2899 421 2930 in
439 2899 560 2929 aetlierc
573 2898 643 2929 sitae
663 2897 810 2929 bifariam
826 2897 1025 2937 dividuntur,
1041 2899 1079 2929 ut
1096 2897 1245 2938 quaedam
1259 2897 1343 2937 ejus-

295 2959 367 2990 dem
386 2959 527 2994 naturae,
558 2956 720 2987 nonnullae
746 2956 879 2987 alterius
908 2955 985 2987 sint.
1031 2958 1154 2988 Harum
1174 2955 1244 2988 aliae
1274 2955 1341 2995 qui·

295 3017 367 3048 dem
381 3015 581 3048 extrinsecus
600 3014 725 3045 ducunt
744 3023 855 3045 omnes
871 3022 947 3054 quae
963 3014 996 3045 in
1012 3013 1089 3054 ipsis
1107 3015 1183 3045 sunt
1201 3014 1342 3045 internas

296 3077 400 3116 partes
414 3074 454 3106 ab
471 3073 593 3105 oriente
614 3072 654 3104 ad
675 3072 874 3104 occidentem
891 3073 1054 3104 communi
1073 3071 1211 3112 quodam
1225 3073 1314 3104 motu
1332 3081 1340 3103 :

296 3143 342 3166 eae
365 3142 442 3165 vero
457 3141 529 3173 quae
548 3131 587 3163 ad
608 3132 734 3163 motum
759 3131 893 3162 alterius
918 3131 1080 3170 pertinent
1098 3131 1181 3162 intra
1198 3130 1239 3161 ab
1255 3130 1342 3162 occi-

296 3193 391 3224 dente
410 3191 449 3223 ad
473 3191 629 3223 orientem
651 3189 818 3221 redeuntes
835 3189 985 3230 peculiari
1003 3189 1133 3229 quidem
1148 3191 1239 3221 motu
1255 3179 1341 3221 cien-

296 3254 361 3293 tur,
369 3250 423 3283 sed
439 3259 493 3291 per
509 3250 656 3281 accidens
667 3258 730 3280 una
742 3249 1001 3288 circumaguntur
1012 3247 1157 3287 ejusdem
1172 3249 1272 3287 motu,
1287 3248 1341 3288 qui

297 3312 328 3342 in
341 3310 464 3343 mundo
479 3309 632 3350 majorem
644 3308 818 3349 potentiam
833 3307 940 3338 babet.
967 3308 1008 3338 At
1028 3308 1132 3338 motus
1150 3306 1201 3338 ille
1215 3306 1343 3339 alterius

298 3369 487 3401 harmonicis
506 3368 681 3400 rationibus
696 3368 919 3398 convenienter
932 3365 1123 3398 distributus
1136 3367 1258 3405 septem
1278 3365 1341 3397 cir-

297 3428 441 3459 culorum
456 3426 621 3457 ordinibus
634 3423 849 3465 distinguitur.
874 3424 964 3455 Luna
979 3422 1075 3463 igitur
1088 3423 1184 3454 terrae
1193 3422 1341 3462 proxima

299 3486 499 3518 menstruum
514 3484 641 3517 conticit
660 3483 816 3521 circulum
830 3506 839 3523 ,
853 3481 900 3514 sol
918 3482 1026 3515 autem
1041 3481 1111 3522 post
1126 3479 1207 3512 lianc
1226 3489 1335 3514 annuo

1407 337 1494 375 ἐᾶσα
1519 336 1674 387 ἔμμηνον
1702 336 1765 376 τὰν
1796 338 1954 391 περίοδον
1985 338 2196 386 ἀποδίδωσι,
2226 341 2244 378 ὃ
2280 339 2312 377 δ’
2346 337 2442 383 ἅλιος

1405 395 1495 446 μετὰ
1507 395 1637 434 ταύταν
1656 396 1816 449 ἐνιαυσίῳ
1834 398 1949 449 χρόνῳ
1964 402 2022 436 τὸν
2038 398 2131 435 atat&
2147 398 2272 437 κύκλον
2291 398 2440 438 ἐκτελεῖ.

1405 454 1477 494 Δύο
1497 456 1527 494 δ’
1565 456 1740 508 ἰσόδρομοι
1767 457 1875 509 ἀελίῳ
1897 455 1969 494 ε’ντί
1984 486 1993 503 ,
2024 455 2144 507 Ἑρμᾶ
2172 472 2210 495 τε
2229 456 2289 495 καὶ
2306 455 2442 511 Ἥρας,

1404 513 1461 553 τὸν
1496 513 1694 567 Ἀφροδίτας
1722 514 1782 552 καὶ
1817 513 1996 568 φωσφόρον
2030 515 2084 553 τοὶ
2117 515 2239 554 πολλοὶ
2266 515 2441 557 καλέοντι.

1404 576 1511 624 νομῆς
1531 574 1596 626 γὰρ
1617 573 1676 612 καὶ
1695 579 1764 616 πᾶς
1780 572 1899 623 ὅμιλος
1920 574 1958 610 οὐ
1979 572 2081 626 σοφὸς
2096 573 2142 612 τὰ
2160 573 2240 626 περὶ
2260 573 2323 612 τὰν
2342 573 2439 627 ἱερὰν

1406 631 1636 684 ἀστρονομίαν
1657 633 1725 670 ἐντὶ
1743 633 1813 670 οὐδ’
1838 631 2043 682 ἐπιστάμων
2065 633 2236 671 ἀνατολᾶν
2251 639 2316 671 τᾶν
2337 635 2445 673 ἐσπε-

1407 690 1482 763 ρίαν
1498 690 1557 728 καὶ
1573 689 1676 743 ἑῴαν.
1698 693 1716 727 ὁ
1729 690 1796 743 γὰρ
1817 690 1918 735 αὐτὸς
1936 689 2030 729 ποκὰ
2050 690 2111 742 μὲν
2130 690 2275 764 ἕσπερος
2289 691 2444 744 γίνεται,

1405 748 1569 798 ἑπόμενος
1594 751 1643 800 τῷ
1671 748 1759 786 ἁλίω
1787 754 1947 788 τοσοῦτον
1965 748 2086 787 ὁκόσον
2104 749 2153 799 μὴ
2170 749 2238 788 ὑπὸ
2254 755 2316 794 τᾶς
2336 751 2446 803 αὖγας

1385 836 1387 838 v
1406 809 1499 846 αὐτῶ
1515 809 1774 860 ἀφανισθημεν,
1787 807 1880 845 ποκὰ
1891 806 1928 846 δὲ
1944 810 2038 861 ἑῶος,
2053 808 2092 846 αἴ
2104 824 2150 847 κα
2166 808 2383 862 προαγέηται
2397 812 2448 848 τῶ

1406 865 1494 905 ἁλίω
1520 867 1580 904 καὶ
1611 864 1854 918 προανατέλλῃ
1876 868 1952 905 ποτ’
1983 866 2117 920 ὄρθρον.
2190 867 2371 921 φωσφόρος
2399 883 2447 907 ων

1405 924 1574 969 πολλάκις
1595 923 1657 975 μὲν
1677 924 1810 976 γίνεται
1831 928 1848 963 ὃ
1868 931 1932 968 τᾶς
1948 924 2151 978 Ἀφροδίτας
2168 925 2226 964 διὰ
2245 941 2284 964 το
2303 927 2450 980 ὁμοδρο-

1408 987 1477 1033 μῆν
1498 983 1608 1036 ἁλίῳ,
1632 986 1693 1022 οὐκ
1725 983 1778 1022 ἀεὶ
1805 983 1861 1033 δέ,
1886 984 1976 1023 ἀλλὰ
2012 986 2137 1024 πολλοὶ
2160 985 2221 1035 μὲν
2241 987 2309 1024 τῶν
2332 987 2448 1026 ἄπλα·

1409 1042 1493 1080 νέων
1510 1073 1521 1093 ,
1536 1041 1660 1080 πολλοὶ
1681 1041 1717 1080 δὲ
1750 1044 1817 1080 τῶν
1838 1041 2082 1092 πλαζομένων·
2103 1048 2170 1086 πᾶς
2193 1042 2230 1082 δὲ
2257 1045 2292 1082 ἐν
2313 1045 2451 1094 μεγέθει

1409 1100 1521 1153 ἀστὴρ
1545 1100 1632 1154 ὑπὲρ
1651 1100 1709 1139 τὸν
1724 1101 1885 1152 ὁρίζοντα
1902 1101 1971 1153 πρὸ
1992 1101 2082 1140 ἁλίω
2100 1101 2348 1153 προγενόμενος
2361 1102 2451 1152 ἁμέ·

1409 1176 1470 1213 ραν
1493 1159 1669 1212 ἀγγέλλει.
1727 1160 1798 1213 Τοὶ.
1813 1160 1842 1198 δ’
1868 1160 1969 1198 ἄλλοι
1989 1166 2080 1213 τρεῖς
2099 1159 2218 1213 Ἄρεός
2238 1176 2277 1200 τε
2291 1160 2351 1200 καὶ
2370 1160 2453 1206 Διὸς

1408 1219 1467 1258 καὶ
1493 1218 1649 1272 Κρόνου,
1672 1218 1788 1271 ἔχοντι
1810 1219 1882 1257 ἴδια
1897 1218 2009 1271 τάχεα
2034 1218 2094 1257 καὶ
2111 1218 2276 1263 ἐνιαυτὼς
2301 1219 2449 1269 ἀνίσως,

1410 1277 1605 1317 ἐκτελέοντι
1621 1276 1657 1316 δὲ
1676 1277 1734 1315 τὸν
1757 1277 1883 1330 δρόμον
1904 1278 2238 1331 περικαταλάμψιας
2253 1277 2452 1330 ποιεύμενοι

1409 1335 1536 1389 φάσιάς
1576 1352 1613 1375 τε
1651 1337 1710 1375 καὶ
1753 1336 1902 1389 κρύψιας
1939 1335 1999 1374 καὶ
2033 1336 2233 1390 ἐκλείψιας,
2267 1338 2453 1387 γεννῶντες

1409 1395 1575 1448 ἀτρεκέας
1593 1411 1631 1432 τε
1650 1394 1821 1438 ἀνατολὰς
1838 1394 1899 1432 καὶ
1918 1394 2056 1439 δύσιας·
2073 1393 2124 1433 ἔτι
2148 1395 2184 1434 δὲ
2204 1395 2331 1448 φάσιας
2346 1412 2451 1450 φανε-

1409 1455 1469 1507 ρὰς
1498 1452 1588 1508 ἑῴας
1617 1453 1639 1501 ἢ
1669 1452 1834 1506 ἑσπερίας
1864 1452 2061 1492 ἐκτελέοντι
2082 1453 2164 1492 ποτὶ
2189 1454 2246 1492 τὸν
2282 1453 2452 1502 ἅλιον,ὃς

1408 1512 1543 1564 ἁμέραν
1572 1511 1762 1550 ἀποδίδωτι
1789 1512 1848 1550 τὸν
1869 1514 1929 1550 ἀπ’
1966 1513 2137 1557 ἀνατολᾶς
2165 1512 2223 1552 ἐπὶ
2242 1512 2338 1552 δύσιν
2357 1515 2452 1553 αὑτῶ

1409 1572 1535 1624 δρόμον
1553 1601 1562 1618 ,
1582 1571 1690 1610 νύκτα
1712 1570 1747 1610 δὲ
1768 1570 1832 1610 τὰν
1853 1571 1924 1610 ἀπὸ
1943 1572 2056 1616 δύσιος
2082 1574 2137 1610 ἐπ’
2158 1572 2331 1612 ἀνατολὰν
2353 1572 2452 1612 κίνα·

1408 1646 1461 1669 σιν
1481 1631 1560 1668 κατ’
1582 1631 1668 1668 ἄλλο
1691 1629 1869 1678 ποιέεται,
1891 1630 2056 1682 ἀγόμενος
2076 1630 2143 1671 ὑπὸ
2171 1638 2233 1676 τᾶς
2250 1634 2369 1671 tuot&
2385 1648 2451 1686 φο-

1409 1695 1491 1741 ρᾶς,
1515 1688 1667 1727 ἐνιαυτὸν
1706 1688 1742 1728 δὲ
1764 1689 1895 1728 καττὰν
1925 1691 2020 1728 αὑτῶ
2045 1690 2123 1729 καθ’
2151 1690 2272 1728 ἑαυτὸν
2299 1690 2449 1732 κίνασιν.

1408 1747 1475 1787 Ἐκ
1496 1746 1533 1786 δὲ
1561 1747 1712 1786 τουτέων
1734 1750 1802 1786 τῶν
1823 1749 1987 1787 κινασίων
1998 1778 2009 1797 ‚
2039 1747 2098 1787 δύο
2116 1751 2243 1798 ἑασᾶν,
2262 1748 2325 1787 τὰν
2350 1748 2451 1788 ἕλικα

1407 1805 1624 1854 ἐκτυλίσσει,
1649 1807 1830 1859 ποθέρπων
1861 1806 1924 1858 μὲν
1941 1807 2033 1847 κατὰ
2052 1808 2175 1861 μοῖραν
2200 1809 2235 1846 ἐν
2263 1807 2448 1862 ἇμερησίῳ

1407 1864 1521 1919 χρόνῳ
1533 1893 1543 1912 ,
1558 1865 1834 1919 περιδινεύμενος
1849 1866 1885 1905 δὲ
1905 1865 1970 1905 ὑπὸ
1984 1872 2044 1910 τᾶς
2057 1867 2125 1905 τῶν
2141 1865 2324 1906 ἀπλανέων
2344 1868 2452 1917 σφαί-

1408 2014 1555 2053 tempore
1573 2013 1684 2045 orbem
1713 2022 1807 2045 suum
1832 2013 1955 2054 implet.
2002 2015 2073 2045 Duo
2097 2022 2174 2046 vero
2199 2014 2268 2054 pari
2286 2010 2454 2047 cum'sole

1407 2082 1503 2105 cursu
1521 2077 1617 2113 eunt,
1632 2074 1779 2106 Mercurii
1795 2075 1826 2106 et
1839 2076 1858 2107 J
1863 2074 1978 2106 unonis
1994 2077 2129 2115 astrum,
2152 2074 2240 2114 quod
2253 2074 2391 2106 Veneris
2400 2073 2452 2107 vel

1407 2132 1592 2164 Luciferum
1613 2133 1730 2173 vulgus
1751 2135 1855 2165 vocat.
1903 2134 2014 2173 Neque
2035 2133 2119 2165 enim
2137 2141 2243 2165 rerum
2263 2133 2453 2166 astronomi·

1407 2199 1517 2223 carum
1536 2191 1668 2223 scientia
1694 2192 1726 2223 in
1745 2191 1928 2231 pastoribus
1946 2192 2005 2223 aut
2021 2191 2166 2232 quolibet
2182 2191 2352 2223 bominum
2365 2193 2450 2224 coetu

1406 2251 1468 2289 est,
1497 2250 1551 2290 qui
1568 2250 1665 2282 etiam
1688 2250 1866 2281 occidentis
1887 2251 1920 2282 et
1943 2250 2074 2282 orientis
2090 2249 2273 2282 discrimina
2288 2250 2449 2291 ignorant.

1407 2308 1494 2341 ldem
1512 2310 1595 2340 enim
1610 2309 1705 2340 modo
1719 2317 1868 2349 vesperus
1886 2311 1935 2340 est
1952 2308 1986 2348 (i.
2003 2317 2032 2341 e.
2050 2307 2234 2349 occiduus),
2247 2308 2326 2341 dum
2349 2310 2451 2343 solem

1405 2368 1563 2408 sequitur,
1580 2368 1712 2399 eatenus
1728 2368 1764 2398 ut
1778 2366 1846 2406 ejus
1863 2366 1934 2398 luce
1951 2376 2015 2399 non
2032 2366 2236 2408 obscuretur,
2258 2367 2355 2400 modo
2370 2378 2451 2402 eous

1407 2426 1476 2459 sive
1497 2426 1661 2458 orientalis
1675 2426 1821 2466 vocatur,
1841 2435 1942 2466 quum
1960 2426 2060 2458 solem
2077 2426 2305 2459 adventantem
2322 2430 2451 2461 antece·

1405 2485 1502 2517 ditet
1530 2485 1591 2517 sub
1611 2483 1786 2516 diluculum
1806 2484 1894 2525 prior
1921 2485 2034 2517 oritur.
2081 2485 2208 2517 Lucifer
2237 2486 2336 2528 igitur
2351 2495 2451 2529 aaepe-

1404 2555 1538 2578 numero
1562 2547 1609 2578 est
1629 2546 1762 2577 Veneris
1784 2545 1887 2585 stella,
1917 2544 2005 2586 quod
2023 2545 2138 2578 eodem
2166 2555 2241 2578 cum
2264 2546 2331 2579 sole
2351 2555 2449 2580 cursu

1404 2604 1533 2644 feratur,
1567 2612 1624 2636 nec
1651 2606 1758 2636 tamen
1788 2612 1927 2644 semper,
1951 2603 2027 2644 quia
2062 2603 2147 2635 idem
2176 2603 2295 2636 faciunt
2331 2604 2446 2638 multae

1405 2662 1504 2694 stellae
1532 2663 1598 2694 tam
1613 2661 1791 2694 inerrantes
1816 2671 1913 2703 quam
1936 2663 2078 2695 errantes
2099 2675 2107 2695 z
2130 2663 2234 2695 omnis
2256 2663 2340 2696 enim
2354 2665 2450 2705 justae

1407 2720 1634 2761 magnitudinis
1653 2719 1744 2752 stella
1772 2728 1848 2760 quae
1876 2729 1972 2761 super
2006 2720 2162 2752 circulum
2186 2721 2344 2754 finitorem
2375 2725 2449 2756 ante

1404 2779 1503 2811 solem
1517 2780 1640 2817 exstat,
1653 2778 1738 2810 diem
1753 2778 1931 2811 denuntiat.
1977 2781 2049 2811 Jam
2066 2787 2143 2811 vero
2156 2779 2208 2811 alii
2220 2781 2285 2812 tres
2298 2779 2447 2822 planetm,

1403 2838 1513 2870 Martis
1534 2837 1704 2877 videlicet,
1722 2837 1810 2869 Jovis
1828 2839 1861 2869 et
1876 2837 2022 2878 Saturni,
2043 2838 2160 2870 babent
2180 2838 2352 2879 peculiares
2369 2839 2447 2872 cele·

1405 2897 1514 2928 ritates
1530 2897 1562 2928 et
1576 2896 1749 2936 inaequales
1764 2904 1862 2927 annos
1878 2906 1886 2928 ε
1905 2905 2018 2928 cursus
2043 2898 2150 2929 autem
2170 2906 2244 2929 suos
2261 2896 2356 2937 justis
2378 2906 2448 2939 spa-

1403 2955 1456 2987 tiis
1473 2954 1647 2987 conficiunt
1658 2979 1667 2995 ‚
1692 2955 1809 2996 quippe
1823 2955 1878 2995 qui
1897 2955 1991 2987 certis
2006 2953 2203 2996 temporibus
2220 2957 2252 2988 et
2273 2959 2447 2996 appareant

1403 3016 1435 3045 et
1456 3014 1572 3045 lateant
1591 3014 1623 3045 et
1639 3013 1788 3045 deficiant
1802 3021 1957 3054 verosque
1973 3014 2062 3045 ortus
2074 3015 2107 3045 et
2121 3022 2252 3045 occasus
2267 3018 2419 3054 generent
2433 3027 2442 3047 =

1404 3073 1559 3114 praeterea
1574 3071 1760 3104 manifestas
1772 3072 1983 3112 apparitiones
1998 3072 2168 3104 orientales
2183 3073 2215 3104 et
2234 3073 2448 3107 occidentales

1403 3132 1570 3172 perficiunt
1598 3130 1639 3163 ad
1661 3131 1779 3170 solem,
1802 3130 1859 3171 qui
1882 3130 1967 3163 diem
1987 3130 2093 3163 reddit
2119 3140 2157 3163 eo
2188 3140 2282 3163 cursu
2315 3141 2381 3173 quo
2405 3132 2446 3164 ab

1402 3190 1523 3223 oriente
1551 3190 1591 3221 ad
1617 3188 1814 3222 occidentem
1847 3189 1969 3230 pergit,
1992 3191 2119 3222 noctem
2152 3199 2229 3222 vero
2258 3190 2321 3222 alio
2342 3198 2445 3231 eoque

1403 3249 1560 3281 contrario
1581 3249 1699 3288 modo,
1715 3248 1793 3280 dum
1813 3248 1853 3280 ab
1870 3248 2035 3280 occidente
2058 3248 2098 3279 ad
2119 3249 2274 3280 orientem
2297 3250 2445 3280 movetur

1403 3307 1518 3348 eflicit,
1535 3306 1590 3338 illo
1613 3307 1765 3338 nimirum
1781 3305 1924 3347 ejusdem
1940 3307 2033 3338 motu
2054 3314 2090 3337 se
2107 3306 2284 3346 proripiens
2296 3329 2306 3345 ,
2319 3314 2438 3337 annum

1402 3372 1479 3397 vero
1513 3374 1572 3397 suo
1603 3367 1634 3397 et
1656 3365 1805 3406 peculiari
1835 3365 1935 3397 motu.
1980 3366 2116 3405 Propter
2136 3364 2217 3395 duos
2249 3364 2308 3396 lios
2337 3367 2444 3397 motus

1403 3423 1564 3464 duplicem
1579 3425 1689 3456 orbem
1706 3425 1851 3465 peragrat
1864 3424 1933 3463 sol,
1949 3424 2063 3464 partim
2084 3424 2119 3455 ut
2135 3423 2228 3456 decet
2239 3423 2355 3455 diurno
2373 3431 2444 3464 spa-

1411 3483 1458 3514 tio
1480 3483 1655 3524 accedens,
1691 3483 1806 3524 partim
1837 3482 1878 3515 ab
1915 3482 2127 3527 inerrantium
2152 3482 2315 3515 stellarum
2347 3481 2443 3523 globo
