2606 3828
316 243 390 276 210

314 325 438 366 maire.
485 325 601 357 Omnis
636 324 755 365 quippe
788 323 892 355 motus
935 324 1007 362 post
1046 320 1219 352 stationem
1257 319 1359 351 sumit

314 384 495 416 exordium.

354 445 501 485 cxxiii.
520 443 691 477 Stellarum
713 450 788 474 vero
806 439 982 473 errantium
999 447 1114 480 opera,
1130 447 1207 480 quaa
1230 438 1359 479 propter

313 503 513 534 modulatam
539 504 570 534 et
588 510 762 534 consonam
791 499 991 532 celebrantur
1012 498 1237 539 agitationem,
1259 505 1358 539 quam

313 562 409 594 iidem
428 561 587 603 appellant
602 560 745 602 χορείαν,
776 560 807 591 in
829 557 1067 599 progressibuS,
1091 560 1123 590 et
1149 556 1358 596 anfractibus,

313 620 485 653 earundem
509 620 670 652 stellarum
694 618 860 660 perspicue
878 615 1038 657 videntur,
1055 618 1092 648 ut
1114 625 1189 648 cum
1204 617 1360 657 apparent

313 680 412 712 nimio
429 681 570 721 quodam
597 679 792 718 incitatoquc
820 678 910 708 motu
934 684 1111 718 progressae
1140 675 1291 716 longius,
1308 674 1360 707 vel

312 748 387 771 cum
401 739 454 771 diu
470 742 554 771 stare
571 738 602 769 in
625 746 690 769 uno
712 739 808 777 atque
828 735 943 768 eodem
958 734 1047 776 loco,
1064 735 1188 768 etitem
1212 743 1286 767 cum
1309 742 1359 766 re-

312 799 453 830 trorsum
472 798 544 829 ferri
563 798 716 837 putantur
732 805 740 827 :
757 797 826 827 turn
844 794 877 826 in
895 794 1030 826 coetibus
1049 802 1190 836 quoque,
1208 795 1241 827 et
1265 792 1358 826 ett'ul-

313 857 477 897 sionibus,
501 857 532 888 et
549 854 825 895 absconsionibus‚
842 855 893 887 vel
915 855 948 887 in
973 855 1052 894 eois,
1074 855 1126 887 vel
1147 853 1181 885 in
1197 852 1359 893 occiduisf,

313 915 577 949 conversionibus
585 922 728 955 quoque,
742 915 773 947 et
788 914 1010 955 aequinoctiis,
1031 913 1249 954 omnibusque
1261 913 1362 944 trans-

314 974 557 1015 figurationibus
576 986 584 1006 ι
600 974 661 1006 hoo
683 974 835 1015 amplius,
855 973 888 1006 in
910 972 1144 1006 defectionibus
1156 996 1166 1013 ,
1182 972 1214 1005 et
1233 979 1360 1013 repara-

312 1034 351 1065 tis
375 1032 637 1065 illustrationibus
650 1057 660 1074 ,
681 1033 785 1074 deque
809 1032 936 1065 caeteris
958 1031 1147 1073 hujusmodi
1167 1031 1193 1064 si
1210 1030 1284 1072 quis
1308 1030 1361 1063 de-

312 1093 378 1125 dita
390 1102 486 1134 opera
499 1093 657 1133 disputet,
675 1093 762 1125 hunc
775 1092 894 1125 frustra
910 1092 990 1124 dicit
1002 1093 1105 1125 terere
1118 1099 1359 1132 supervacuum

312 1154 453 1186 laborem
471 1166 478 1186 :
493 1155 722 1195 proptereaque
741 1155 894 1193 excusat,
907 1154 996 1186 ratus
1011 1153 1189 1185 tractatum
1208 1152 1307 1184 istum
1322 1149 1363 1183 ad

312 1214 539 1246 astronomiam
557 1214 675 1255 potius,
691 1222 789 1254 quam
804 1213 1034 1254 physiologiam
1046 1236 1055 1252 ,
1067 1212 1237 1253 pertinere.
1253 1213 1362 1244 Para*

313 1271 410 1304 botas
431 1271 516 1305 enim
533 1271 690 1313 quasdam
712 1271 866 1313 appellat,
883 1280 957 1312 quae
975 1270 1148 1303 comitatus
1174 1272 1251 1302 suut
1281 1268 1364 1301 side-

311 1339 396 1371 num,
415 1332 450 1363 ut
470 1331 566 1372 juxta
589 1331 695 1363 Solem
717 1330 877 1363 individui
905 1339 1032 1372 semper
1050 1329 1226 1363 Mercurius
1248 1329 1281 1362 et
1301 1330 1362 1362 Lu-

311 1389 399 1422 cifer.
414 1391 609 1431 Reciprocos
619 1391 801 1430 circuitus,
814 1398 895 1431 quos
903 1389 1062 1430 Astrologi
1073 1388 1363 1430 retrogradationes

312 1450 429 1480 vocant
447 1457 455 1479 :
469 1457 672 1489 proqressus
688 1448 785 1490 item,
802 1448 843 1481 ad
859 1447 1076 1490 praecedentia
1098 1447 1333 1489 prosectionem
1351 1456 1360 1478 ι

313 1506 410 1539 ctiam
434 1508 728 1548 conjuqationem.
748 1507 875 1548 Duplex
891 1515 967 1539 vero
981 1509 1030 1540 est
1043 1506 1236 1547 conjugatio,
1261 1506 1360 1538 altera

313 1574 369 1606 per
387 1565 551 1598 cathetum
562 1590 570 1605 ‚
591 1566 690 1598 altera
703 1575 761 1608 per
774 1565 982 1598 diametrum.
1046 1568 1152 1606 Atque
1165 1574 1203 1598 ea
1219 1574 1294 1607 quae
1307 1574 1364 1607 per

312 1624 477 1657 cathetum
494 1625 529 1657 tit
540 1647 550 1665 ,
567 1624 722 1666 significat
736 1625 919 1666 qu'usmodi
933 1624 1035 1657 stellae
1058 1624 1210 1665 qualibus
1226 1625 1360 1664 coeant,

313 1691 426 1724 quaeve
442 1683 483 1715 sit
500 1692 611 1716 earum
625 1686 728 1716 coetus
745 1683 948 1724 significatio.
983 1685 1043 1716 Per
1056 1682 1254 1716 diametrum
1267 1692 1361 1724 vero,

312 1742 613 1776 contradistantium
635 1752 653 1775 a
671 1751 706 1776 se
722 1743 892 1776 stellarum
909 1742 1104 1785 positionem
1123 1743 1197 1776 vult
1216 1743 1361 1785 intelligi,

313 1811 387 1834 cum
415 1811 456 1835 ex
486 1803 638 1835 meditate
655 1793 768 1835 ‘stellae
795 1802 837 1835 ad
855 1803 987 1835 alterius
1007 1805 1234 1844 contrapositae
1263 1803 1363 1836 stellae

313 1860 518 1894 medietatem
534 1861 654 1894 directa
661 1862 746 1894 linea
760 1862 941 1902 connectit,
952 1863 983 1895 et
999 1862 1164 1895 continuat
1180 1864 1362 1904 utramque.

354 1923 498 1954 CXXIV.
518 1923 609 1960 Quos
622 1930 700 1954 vero
719 1921 864 1955 defectus
879 1922 1098 1955 Mathematici
1118 1923 1253 1963 vocant,
1270 1922 1363 1955 Plato

312 1980 494 2013 obstacula
513 1981 659 2022 appellat
668 1981 795 2022 proprie
816 1981 938 2022 magis,
954 1983 987 2013 et
1002 1981 1167 2023 aliquanto
1187 1980 1363 2021 significan-

313 2039 378 2072 tius
394 2052 400 2071 :
414 2049 478 2072 non
491 2049 556 2081 quo
563 2040 625 2072 sibi
641 2040 780 2073 invicem
794 2039 966 2081 obsistant,
981 2041 1036 2074 sed
1048 2041 1134 2082 quod
1146 2040 1239 2073 nobis
1252 2043 1363 2073 contra

314 2099 536 2139 spectantibus
552 2099 710 2131 insertoris
737 2099 867 2139 objectu
888 2099 977 2132 visus
1001 2103 1126 2132 arcetur
1143 2099 1245 2132 stellae
1267 2108 1359 2141 supe·

313 2158 406 2190 rior-is
433 2167 441 2189 τ
473 2160 704 2200 proptereaque
719 2159 873 2200 deficere,
890 2168 928 2192 ac
947 2160 1108 2200 laborare,
1133 2161 1263 2202 propter
1278 2159 1364 2200 obje-

314 2220 403 2249 ctum
423 2217 582 2251 interioris
605 2219 751 2260 superior
778 2219 990 2252 existimatur.
1036 2219 1117 2251 ltem
1142 2218 1266 2260 inquit,
1284 2227 1361 2261 quw

317 2276 415 2317 lonyo
438 2278 626 2310 intervallo
650 2286 776 2319 rursus
792 2279 988 2319 apparent.
1010 2279 1123 2311 metus
1145 2279 1180 2310 et
1201 2277 1363 2320 quoedam

313 2338 477 2375 portenta
504 2336 727 2377 siqnificant,
744 2338 797 2370 vel
815 2346 895 2370 mox
922 2337 1070 2380 futura,
1086 2337 1140 2370 vel
1155 2339 1279 2370 serius.
1309 2339 1361 2370 St-

314 2393 569 2435 ynisccaltonem
590 2403 670 2428 vero
691 2398 866 2436 pertinere
883 2395 931 2428 ad
953 2404 1026 2437 eos,
1045 2397 1108 2438 qui
1129 2396 1170 2428 de
1195 2397 1240 2428 iis
1259 2395 1363 2429 rebus

314 2453 521 2484 ratiocinari
534 2455 704 2494 possunt,
726 2454 830 2494 putat.
874 2457 924 2487 Ex
947 2464 1012 2496 quo
1025 2454 1159 2496 intelligi
1175 2454 1284 2496 datur,
1295 2464 1360 2488 non

317 2509 425 2542 stellas
447 2510 568 2551 facere,
591 2520 664 2552 quae
682 2513 893 2554 proveniunt,
923 2513 980 2546 sed
997 2514 1105 2546 sutura
1127 2515 1358 2556 praenuntiare.

316 2570 422 2606 Quam
438 2570 595 2603 rationem
612 2575 743 2604 secutus
762 2574 852 2605 vates
868 2573 964 2605 etiam
981 2575 1141 2606 Homerus
1156 2576 1263 2607 ortum
1276 2575 1363 2607 cani·

317 2628 398 2659 culae
407 2651 418 2668 ,
435 2637 546 2661 canem
563 2630 690 2663 Orionis
702 2631 853 2672 appellat.
897 2634 980 2665 cum
993 2633 1076 2665 hanc
1089 2633 1224 2666 eandem
1238 2634 1364 2667 stellam

317 2687 434 2728 ἄστρον
454 2690 545 2726 κυνὸς
563 2689 714 2732 quidam,
741 2691 879 2732 AEgyptii
895 2700 972 2724 vero
986 2694 1085 2726 Σῶθιν
1108 2694 1236 2726 vocent.
1259 2694 1360 2735 cujus

317 2748 494 2788 completur
509 2757 611 2781 annus
626 2749 681 2791 qui
696 2751 821 2787 κυνικὸς
835 2754 981 2792 vocatur,
998 2753 1090 2784 annis
1105 2753 1193 2787 mille
1209 2753 1361 2795 quadrin-

318 2806 420 2845 gentis
449 2807 625 2848 sexaginta.
676 2808 764 2841 Dicit
788 2813 898 2842 autem
923 2812 1081 2844 Homerus
1105 2812 1146 2845 de
1168 2812 1230 2845 hoc
1257 2813 1363 2845 sidere

321 2864 473 2897 hactenus
491 2878 499 2898 :

390 2959 450 2988 Iste
468 2959 594 2995 quidem
610 2960 728 2997 clarus,
743 2961 795 2991 sed
811 2962 912 2991 tristia
927 2962 990 2992 fata
1003 2938 1150 2994 minatur.

320 3044 564 3085 Tunc,0pinor,
584 3053 658 3076 cum
681 3045 775 3077 fuerit
795 3046 962 3079 intervallo
979 3049 1131 3089 temporis
1147 3050 1250 3092 visus,
1269 3051 1361 3084 vide-

321 3107 374 3135 tur
394 3103 486 3143 porro
508 3103 694 3145 interposito
710 3105 933 3146 quadriennio,
951 3107 1007 3140 sed
1021 3116 1085 3139 non
1098 3108 1130 3140 in
1142 3109 1360 3145 iisdemlocis.

319 3163 440 3201 Quater
479 3171 573 3204 porro
607 3163 758 3195 trecentis
797 3164 960 3204 sexaginta
998 3166 1143 3208 quinque
1176 3168 1269 3201 annis
1293 3170 1363 3202 sive

321 3222 487 3254 CCCLXV
502 3222 720 3263 quadrienniis
735 3223 911 3263 completur
926 3224 1066 3264 Cynicus
1080 3234 1195 3259 annus.

363 3280 490 3311 CXXV.
506 3280 727 3320 AEgyptiorum
741 3289 870 3322 quoque
887 3281 1052 3322 prophetae
1065 3284 1190 3315 stellam
1203 3285 1363 3326 quandam

323 3338 444 3378 aliquot
478 3338 570 3370 annis
600 3347 664 3370 non
696 3338 798 3371 visam
818 3344 980 3380 verentur,
1009 3350 1106 3382 quam
1135 3344 1251 3376 vocant
1283 3344 1362 3379 Ahc.

324 3399 421 3428 Porro
439 3397 529 3430 sidus
549 3399 715 3439 exoriens,
738 3399 867 3432 morbos
892 3401 1097 3442 populorum,
1120 3403 1364 3444 multorumque

316 3456 514 3495 ‘optimatum
535 3459 676 3500 mortes,
707 3458 888 3492 denuntiat.
934 3461 1097 3493 Homerus
1127 3460 1286 3503 denique,
1305 3463 1362 3504 qui

1021 232 1281 271 CHALClDll
1316 230 1731 271 COMMENTARIUS

1416 318 1492 353 dem
1510 319 1607 352 suerit
1631 319 1820 361 AEgyptius,
1847 318 2011 361 siquidem
2032 318 2208 354 Thebanus
2234 299 2350 356 t'crtur‚
2385 326 2462 360 qum

1407 377 1530 412 ‚civitas
1545 381 1595 411 est
1610 378 1696 420 apud
1709 378 1882 420 AEgyptum
1903 377 2121 418 nobilissima,
2149 377 2180 410 id
2202 377 2309 418 ipsum
2331 376 2464 410 latenter

1416 436 1602 477 exsequitur
1627 436 1660 468 in
1683 435 1792 469 Iliadis
1811 435 1964 476 exordio,
1994 445 2070 468 curn
2098 434 2201 468 dicit:
2222 438 2355 477 propter
2384 434 2464 467 iram

1416 495 1566 536 Achillis,
1588 495 1680 536 cujus
1696 496 1784 538 pater
1808 496 1935 536 Peleus,
1964 497 2065 529 mater
2087 503 2164 529 vero
2181 494 2342 527 maritima
2369 493 2466 527 fuerit

1418 555 1495 596 dea,
1512 556 1660 593 morbum
1685 558 1784 598 atque
1808 556 1975 589 interitum
1995 564 2060 588 non
2084 555 2182 588 modo
2205 554 2366 587 clarorum
2382 552 2468 586 viro·

1417 624 1508 656 rum,
1534 615 1589 648 sed
1609 616 1745 648 aliorum
1766 622 1897 657 quoque
1919 613 2129 654 animalium,
2156 615 2190 646 et
2212 621 2364 655 pecorum
2381 611 2466 645 bello

1418 675 1669 709 necessariorum
1683 700 1692 718 ‚
1718 671 1879 710 exstitisse
1903 684 1995 717 :quo
2012 674 2144 716 quidem
2173 676 2305 715 sumpto
2335 671 2468 706 exordio

1418 736 1536 768 caetera
1556 734 1682 776 poetica
1702 734 1831 768 licentia
1852 733 1956 767 tinxit.
2012 734 2071 767 Est
2087 741 2219 774 quoque
2241 730 2303 763 alia
2328 730 2469 764 sanctior

1418 796 1452 827 et
1469 793 1679 828 venerabilior
1698 793 1848 834 historia,
1871 802 1947 834 quae
1970 792 2136 834 perhibet,
2149 793 2224 824 ortu
2243 790 2345 824 stellae
2362 790 2471 830 cujus-

1418 853 1506 894 dam,
1524 863 1588 886 non
1602 853 1732 886 morbos
1751 857 1936 894 mortesque
1959 851 2179 890 denuntiata,
2201 849 2259 883 sed
2273 849 2469 883 descensum

1419 913 1479 946 Dei
1509 912 1700 946 venerabilis
1740 912 1781 944 ad
1807 911 1959 944 humanae
1990 909 2261 951 conversationis,
2298 916 2470 951 rerumque

1420 971 1622 1012 mortalium,
1637 971 1784 1012 gratiam.
1829 974 1935 1010 Quam
1954 970 2079 1003 stellam
2091 978 2167 1002 cum
2183 971 2341 1002 nocturno
2354 968 2470 1002 itinere

1420 1031 1643 1072 suspexissent
1655 1030 1882 1064 Chaldaeorum
1898 1029 2042 1071 profecto
2051 1029 2213 1070 sapientes
2226 1027 2300 1069 viri,
2313 1028 2347 1061 et
2362 1027 2470 1061 eonsi-

1420 1090 1584 1122 deratione
1603 1098 1712 1122 rerum
1738 1088 1920 1122 coelestium
1942 1088 2018 1120 satis
2037 1086 2221 1126 exercitati,
2241 1086 2400 1128 quaesisse
2422 1086 2469 1120 di-

1420 1150 1539 1182 cuntur
1571 1152 1736 1182 recentum
1764 1149 1873 1181 ortum
1893 1146 1971 1187 Dei,
2003 1147 2193 1188 repertaque
2216 1145 2271 1178 illa
2303 1145 2471 1186 majestate

1422 1208 1513 1251 pueri
1543 1208 1686 1241 venerati
1714 1215 1807 1247 esse,
1839 1209 1872 1240 et
1898 1207 1995 1246 vota,
2016 1207 2084 1238 Deo
2105 1206 2196 1238 tanto
2220 1204 2466 1245 convenientia,

1421 1276 1625 1310 nuncupasse
1641 1276 1715 1309 quae
1734 1266 1793 1299 tibi
1815 1265 1919 1298 multo
1940 1264 2056 1298 melius
2072 1267 2149 1298 sunt
2169 1265 2354 1312 comperta,
2372 1272 2470 1306 quem

1420 1327 1558 1360 cae‘teris.

1463 1386 1606 1420 CXXVI.
1622 1386 1664 1420 At
1678 1395 1754 1419 vero
1774 1388 1901 1418 naturae
1923 1384 2108 1418 daemonum
2124 1383 2279 1426 praestare
2294 1381 2472 1423 rationem,

1422 1445 1527 1486 majus
1546 1454 1618 1479 esse
1645 1454 1728 1487 opus
1747 1444 1842 1486 dicit,
1866 1453 1965 1486 quam
1991 1443 2073 1476 terre
2094 1443 2200 1476 valeat
2217 1441 2360 1476 hominis
2386 1441 2472 1484 inge-

1422 1505 1529 1538 nium:
1548 1514 1614 1538 non
1638 1504 1726 1546 quod
1741 1504 1915 1545 disputatio
1931 1504 2001 1536 haec
2022 1511 2040 1535 a
2067 1501 2268 1544 philosophis
2290 1501 2393 1535 aliena
2409 1500 2472 1542 sit;

1422 1564 1541 1604 quibus
1555 1564 1641 1596 enim
1665 1563 1734 1595 aliis
1757 1563 1859 1604 magis
1872 1563 2053 1603 competat?
2068 1561 2124 1594 sed
2141 1560 2230 1603 quod
2244 1559 2413 1602 inquisitio
2425 1559 2472 1593 rei

1422 1626 1516 1659 istius
1539 1626 1695 1667 primariae
1721 1627 1986 1666 supervectaeque
2011 1624 2292 1666 contemplationis
2317 1623 2372 1664 sit,
2396 1622 2472 1666 qliae

1422 1685 1600 1727 appellatur
1626 1684 1792 1726 epoptica,
1817 1684 1912 1716 altior
1936 1683 2102 1725 aliquanto
2121 1691 2220 1725 quam
2235 1683 2385 1724 Physica.
2401 1685 2476 1716 Pro-

1424 1747 1595 1787 ptereaque
1608 1744 1704 1777 nobis
1716 1767 1726 1785 ,
1741 1744 1798 1785 qui
1820 1743 1861 1776 de
1880 1752 1990 1776 rerum
2008 1745 2121 1775 natura
2134 1751 2223 1775 nunc
2250 1742 2453 1785 disputamus
2464 1766 2475 1783 ,

1422 1813 1625 1846 nequaquam
1643 1803 1836 1836 conveniens
1849 1811 1922 1835 esse
1939 1802 2077 1835 videtur.
2091 1791 2183 1835 Idem
2192 1803 2301 1838 umen
2316 1801 2473 1842 breviter,

1422 1866 1454 1897 et
1466 1863 1614 1904 strictim,
1632 1863 1672 1896 de
1688 1863 1727 1895 iis
1747 1862 1977 1904 potestatibus,
1989 1870 2063 1903 quae
2079 1861 2123 1894 dii
2140 1862 2308 1903 putantur,
2322 1861 2472 1902 locutus;
2518 1858 2526 1866 ‘

1423 1924 1602 1964 propterea,
1624 1921 1734 1962 credo,
1757 1930 1797 1954 ne
1819 1920 1931 1953 mundi
1950 1920 2141 1953 constitutio
2163 1919 2352 1962 imperfecta
2375 1919 2472 1953 relin-

1422 1984 1576 2024 queretur
1592 1991 1633 2014 ex
1661 1982 1889 2023 quotacunque
1915 1982 2017 2021 parte,
2046 1979 2074 2011 si
2099 1978 2208 2012 sileret
2231 1979 2272 2012 de
2287 1978 2474 2020 hujusmodi

1424 2041 1519 2075 rebus
1538 2051 1548 2073 :
1565 2041 1696 2074 credule
1711 2040 1828 2081 magis,
1841 2047 1940 2080 quam
1954 2037 2196 2080 persuadenter,
2211 2039 2244 2071 et
2254 2037 2475 2080 probabiliter,

1421 2100 1561 2133 ostendit
1574 2102 1721 2141 oportere
1730 2098 1954 2132 credulitatem
1973 2106 2086 2131 ornnes
2098 2097 2262 2130 doctrinas
2279 2097 2474 2139 proeoedere,

1422 2160 1562 2193 maxime
1582 2168 1658 2192 cum
1679 2167 1744 2191 non
1759 2157 1992 2200 quorumlibet,
2020 2156 2076 2190 sed
2093 2165 2306 2198 magnorum,
2323 2159 2476 2200 et-prope

1422 2220 1605 2252 divinorum
1615 2243 1625 2260 ,
1650 2219 1793 2251 virorum
1807 2218 1850 2251 sit
1862 2217 2009 2250 assertio.
2054 2217 2202 2258 Denique
2220 2224 2286 2249 non
2303 2216 2420 2250 frustra
2432 2216 2475 2250 de

1423 2279 1600 2321 Pythagora
1625 2278 1759 2319 dictum,
1811 2278 1932 2319 Ipsum
1957 2276 2090 2317 dicere,
2121 2276 2355 2318 proptereaque
2386 2275 2469 2309 ultra

1422 2340 1523 2381 quaeri
1551 2347 1617 2371 non
1650 2340 1810 2379 oportere.
1857 2338 1966 2377 Erqo,
1991 2335 2114 2377 inquit,
2151 2343 2262 2377 neque
2294 2335 2474 2376 probatio·

1425 2407 1482 2432 nes
1499 2406 1632 2440 semper
1659 2395 1877 2435 adhibendae,
1905 2403 1966 2428 nec
1988 2393 2211 2438 persuadens
2235 2395 2383 2428 assertio
2413 2395 2470 2434 iis,

1422 2467 1498 2501 quae
1522 2457 1691 2491 dicuntur
1723 2465 1747 2489 α
1772 2457 1924 2497 priscis,
1951 2454 2075 2488 divina
2103 2452 2261 2496 quadam
2294 2454 2474 2496 sapientia

1419 2518 1597 2562 praeditis.
1647 2516 1749 2551 Simul
1762 2516 1894 2558 exponit
1913 2525 1963 2557 ea,
1982 2525 2056 2557 quae
2080 2514 2244 2556 orpheus,
2262 2516 2296 2548 et
2310 2513 2424 2555 Unus,
2440 2516 2475 2547 et

1422 2577 1638 2619 Musaeusgde
1654 2576 1770 2609 divinis
1787 2575 2000 2618 potestatibus
2020 2574 2188 2608 vaticinati
2207 2571 2388 2614 suntinon
2406 2582 2472 2615 quo

1422 2638 1647 2677 delectaretur,
1666 2636 1723 2669 aut
1735 2635 1880 2668 crederet
1896 2645 1904 2668 ε
1919 2634 1977 2668 sed
1990 2633 2077 2676 quod
2097 2637 2186 2666 tanta
2200 2635 2287 2668 esset
2298 2632 2474 2667 auctoritas

1423 2696 1687 2736 vaticinantium,
1711 2695 1750 2729 ut
1781 2694 1820 2727 iis
1848 2694 2111 2728 asseverantibus
2136 2693 2267 2735 parcius
2289 2692 2377 2726 credi
2405 2701 2472 2726 non

1422 2759 1594 2799 oporteret.
1624 2784 1628 2786 .

1467 2817 1628 2849 cxxvn.
1649 2816 1694 2848 At
1707 2822 1784 2847 vero
1804 2813 1838 2845 in
1850 2821 1889 2846 eo
1905 2812 2000 2851 libro,
2018 2811 2074 2853 qui
2097 2810 2312 2852 Philosophus
2327 2809 2473 2844 inscribi·

1423 2878 1485 2917 tur,
1503 2883 1632 2908 summa
1656 2872 1829 2914 diligentia,
1852 2871 2078 2914 praecipuaque
2089 2878 2180 2909 cura,
2194 2877 2308 2901 omnes
2321 2868 2472 2910 exsequi-

1423 2939 1475 2968 tur
1501 2932 1686 2975 huiusmodi
1703 2932 1919 2974 quaestiones;
1950 2930 2128 2971 priscorum
2159 2927 2331 2967 hominurn
2366 2918 2470 2970 genus

1422 2994 1542 3034 omnia,
1561 3002 1634 3035 quae
1647 2991 1690 3025 ad
1708 2999 1804 3024 usum
1822 2989 1989 3022 hominum
2019 2989 2160 3030 vitaeque
2175 2987 2310 3029 agendae
2340 2986 2470 3020 faculta-

1422 3054 1487 3085 tem
1497 3052 1608 3084 divino
1621 3049 1755 3084 consilio
1761 3047 2029 3091 providentiaque
2043 3046 2231 3086 demanant,
2244 3045 2470 3079 auxiliantibus

1422 3115 1519 3153 atque
1535 3109 1744 3152 operantibus
1770 3109 1838 3140 tam
1860 3106 2028 3148 potentiis,
2048 3114 2155 3147 quam·
2173 3104 2374 3146 rationibus,
2398 3104 2470 3138 haec

1420 3171 1492 3212 ipsa
1507 3178 1580 3211 quae
1607 3168 1817 3207 auxiliantur,
1843 3166 1921 3199 deos
1945 3164 2163 3206 existimasse,
2189 3165 2359 3205 propterea
2380 3164 2468 3206 quod

1421 3229 1555 3262 rudibus
1572 3228 1688 3261 animis
1701 3225 1846 3259 nondum
1859 3224 2030 3257 insedisset
2042 3223 2114 3256 veri
2130 3222 2189 3256 Dei
2203 3222 2346 3256 scitatio.
2362 3223 2466 3256 Erant

1422 3288 1505 3320 enim
1534 3289 1678 3328 pastores
1692 3310 1702 3326 ,
1723 3286 1756 3318 et
1782 3283 1958 3323 silvicaedi,
1977 3280 2369 3323 caeterique.hujusmodi,
2397 3281 2467 3314 sino

1421 3346 1537 3378 studiis
1558 3344 1783 3383 humanitatis,
1810 3351 1891 3384 quos
1916 3341 1998 3374 cladi
2019 3339 2159 3383 publicae
2176 3340 2364 3381 superstites
2379 3339 2466 3372 fece-

1422 3407 1472 3438 rat
1487 3406 1668 3446 opportuua
1689 3403 1843 3435 habitatio
1860 3411 1902 3435 ex
1929 3401 2156 3442 tempestatum
2175 3401 2273 3439 atque
2301 3394 2465 3431 illuvionis

1420 3464 1638 3497 incommodo.
1682 3464 1763 3501 Quae
1780 3463 1885 3504 poetoe
1898 3462 2008 3503 postea
2022 3458 2224 3492 blandientes
2236 3457 2386 3491 humanis
2398 3466 2465 3500 pas-
