<?xml version="1.0" encoding="UTF-8"?>
<!DOCTYPE html PUBLIC "-//W3C//DTD XHTML 1.0 Transitional//EN"
    "http://www.w3.org/TR/xhtml1/DTD/xhtml1-transitional.dtd">
<html xmlns="http://www.w3.org/1999/xhtml" xml:lang="en" lang="en">
 <head>
  <title>
</title>
<meta http-equiv="Content-Type" content="text/html;charset=utf-8" />
  <meta name='ocr-system' content='tesseract 3.04.00' />
  <meta name='ocr-capabilities' content='ocr_page ocr_carea ocr_par ocr_line ocrx_word'/>
</head>
<body>
  <div class='ocr_page' id='page_1' title='image "./fragmentaphiloso02mulluoft_0434.png"; bbox 0 0 2606 3828; ppageno 0'>
   <div class='ocr_carea' id='block_1_1' title="bbox 0 3344 56 3828">
    <p class='ocr_par' dir='ltr' id='par_1_1' title="bbox 0 3344 56 3828">
     <span class='ocr_line' id='line_1_1' title="bbox 0 3344 56 3828; baseline 0 0"><span class='ocrx_word' id='word_1_1' title='bbox 0 3344 56 3828; x_wconf 95' lang='lat' dir='ltr'><strong> </strong></span> 
     </span>
    </p>
   </div>
   <div class='ocr_carea' id='block_1_2' title="bbox 297 210 1697 254">
    <p class='ocr_par' dir='ltr' id='par_1_2' title="bbox 297 210 1697 254">
     <span class='ocr_line' id='line_1_2' title="bbox 297 210 1697 254; baseline 0.001 -1"><span class='ocrx_word' id='word_1_2' title='bbox 297 220 370 253; x_wconf 75' lang='lat'><strong>326</strong></span> <span class='ocrx_word' id='word_1_3' title='bbox 1037 210 1336 252; x_wconf 84' lang='lat' dir='ltr'><strong>CYNCIORUM</strong></span> <span class='ocrx_word' id='word_1_4' title='bbox 1366 211 1697 254; x_wconf 79' lang='lat' dir='ltr'><strong>FRAGMENTA.</strong></span> 
     </span>
    </p>
   </div>
   <div class='ocr_carea' id='block_1_3' title="bbox 295 299 1344 1880">
    <p class='ocr_par' dir='ltr' id='par_1_3' title="bbox 295 299 1334 590">
     <span class='ocr_line' id='line_1_3' title="bbox 349 299 1332 352; baseline -0.002 -11"><span class='ocrx_word' id='word_1_5' title='bbox 349 316 419 343; x_wconf 75' lang='lat'><strong>271.</strong></span> <span class='ocrx_word' id='word_1_6' title='bbox 451 302 600 350; x_wconf 86' lang='grc' dir='ltr'>Ἐπειδή</span> <span class='ocrx_word' id='word_1_7' title='bbox 618 317 670 346; x_wconf 85' lang='grc' dir='ltr'><strong>τις</strong></span> <span class='ocrx_word' id='word_1_8' title='bbox 695 300 764 340; x_wconf 78' lang='grc' dir='ltr'><strong>τῶν</strong></span> <span class='ocrx_word' id='word_1_9' title='bbox 789 300 872 339; x_wconf 78' lang='grc' dir='ltr'>νέων</span> <span class='ocrx_word' id='word_1_10' title='bbox 887 301 921 338; x_wconf 79' lang='grc' dir='ltr'><strong>ἐν</strong></span> <span class='ocrx_word' id='word_1_11' title='bbox 941 299 1036 352; x_wconf 83' lang='grc' dir='ltr'>ὄχλῳ</span> <span class='ocrx_word' id='word_1_12' title='bbox 1049 329 1059 347; x_wconf 91' lang='grc'>,</span> <span class='ocrx_word' id='word_1_13' title='bbox 1073 299 1241 352; x_wconf 84' lang='grc' dir='ltr'>παρόντος</span> <span class='ocrx_word' id='word_1_14' title='bbox 1273 300 1332 339; x_wconf 75' lang='grc' dir='ltr'><strong>καὶ</strong></span> 
     </span>
     <span class='ocr_line' id='line_1_4' title="bbox 295 355 1334 413; baseline -0.003 -12"><span class='ocrx_word' id='word_1_15' title='bbox 295 365 354 401; x_wconf 83' lang='grc' dir='ltr'><strong>τοῦ</strong></span> <span class='ocrx_word' id='word_1_16' title='bbox 375 360 571 413; x_wconf 83' lang='grc' dir='ltr'>Διογένους,</span> <span class='ocrx_word' id='word_1_17' title='bbox 592 360 806 413; x_wconf 82' lang='grc' dir='ltr'>ἀπέπαρδεν,</span> <span class='ocrx_word' id='word_1_18' title='bbox 823 357 990 403; x_wconf 80' lang='grc' dir='ltr'>ἐπάταξεν</span> <span class='ocrx_word' id='word_1_19' title='bbox 1007 359 1133 402; x_wconf 83' lang='grc' dir='ltr'>ἐκεῖνος</span> <span class='ocrx_word' id='word_1_20' title='bbox 1147 362 1190 411; x_wconf 86' lang='grc' dir='ltr'><strong>τῇ</strong></span> <span class='ocrx_word' id='word_1_21' title='bbox 1207 355 1334 411; x_wconf 85' lang='grc' dir='ltr'>βακτη-</span> 
     </span>
     <span class='ocr_line' id='line_1_5' title="bbox 296 411 1332 473; baseline -0.001 -15"><span class='ocrx_word' id='word_1_22' title='bbox 296 420 367 473; x_wconf 78' lang='grc' dir='ltr'>ρίᾳ,</span> <span class='ocrx_word' id='word_1_23' title='bbox 387 421 465 473; x_wconf 78' lang='grc' dir='ltr'>φάς’</span> <span class='ocrx_word' id='word_1_24' title='bbox 488 412 591 470; x_wconf 74' lang='grc' dir='ltr'>Εἶτα,</span> <span class='ocrx_word' id='word_1_25' title='bbox 612 411 639 456; x_wconf 75' lang='grc' dir='ltr'><em>ὦ</em></span> <span class='ocrx_word' id='word_1_26' title='bbox 660 419 843 470; x_wconf 79' lang='grc' dir='ltr'>κάθαρμα,</span> <span class='ocrx_word' id='word_1_27' title='bbox 864 415 970 466; x_wconf 81' lang='grc' dir='ltr'>μηθὲν</span> <span class='ocrx_word' id='word_1_28' title='bbox 987 416 1079 461; x_wconf 83' lang='grc' dir='ltr'>ἄξιον</span> <span class='ocrx_word' id='word_1_29' title='bbox 1102 420 1161 455; x_wconf 76' lang='grc' dir='ltr'><strong>τοῦ</strong></span> <span class='ocrx_word' id='word_1_30' title='bbox 1181 417 1332 469; x_wconf 82' lang='grc' dir='ltr'>δημοσίᾳ</span> 
     </span>
     <span class='ocr_line' id='line_1_6' title="bbox 295 475 1334 530; baseline -0.002 -13"><span class='ocrx_word' id='word_1_31' title='bbox 295 476 339 517; x_wconf 80' lang='grc' dir='ltr'><strong>τὰ</strong></span> <span class='ocrx_word' id='word_1_32' title='bbox 368 482 513 518; x_wconf 77' lang='grc' dir='ltr'>τοιαῦτα</span> <span class='ocrx_word' id='word_1_33' title='bbox 532 480 669 530; x_wconf 82' lang='grc' dir='ltr'>Οαρσεῖν</span> <span class='ocrx_word' id='word_1_34' title='bbox 688 475 819 529; x_wconf 82' lang='grc' dir='ltr'>πράξας</span> <span class='ocrx_word' id='word_1_35' title='bbox 841 476 992 514; x_wconf 83' lang='grc' dir='ltr'>ἐντεῦθεν</span> <span class='ocrx_word' id='word_1_36' title='bbox 1012 477 1097 526; x_wconf 83' lang='grc' dir='ltr'>ἡμῖν</span> <span class='ocrx_word' id='word_1_37' title='bbox 1118 475 1210 528; x_wconf 84' lang='grc' dir='ltr'>ἄρχῃ</span> <span class='ocrx_word' id='word_1_38' title='bbox 1235 475 1334 524; x_wconf 82' lang='grc' dir='ltr'>δόξης</span> 
     </span>
     <span class='ocr_line' id='line_1_7' title="bbox 295 542 543 590; baseline -0.004 -15"><span class='ocrx_word' id='word_1_39' title='bbox 295 542 520 590; x_wconf 84' lang='grc' dir='ltr'>καταφρονεῖν</span> <span class='ocrx_word' id='word_1_40' title='bbox 532 550 543 584; x_wconf 83' lang='lat'><em>3</em></span> 
     </span>
    </p>

    <p class='ocr_par' dir='ltr' id='par_1_4' title="bbox 295 592 1334 765">
     <span class='ocr_line' id='line_1_8' title="bbox 350 592 1334 648; baseline -0.003 -13"><span class='ocrx_word' id='word_1_41' title='bbox 350 596 552 648; x_wconf 87' lang='lat' dir='ltr'><strong>(Julianus</strong></span> <span class='ocrx_word' id='word_1_42' title='bbox 569 595 677 634; x_wconf 86' lang='lat' dir='ltr'><strong>Orat.</strong></span> <span class='ocrx_word' id='word_1_43' title='bbox 697 594 746 631; x_wconf 92' lang='lat' dir='ltr'><strong>VI</strong></span> <span class='ocrx_word' id='word_1_44' title='bbox 766 593 806 631; x_wconf 90' lang='lat' dir='ltr'><strong>in</strong></span> <span class='ocrx_word' id='word_1_45' title='bbox 833 592 1003 644; x_wconf 83' lang='lat' dir='ltr'><strong>Cynicos</strong></span> <span class='ocrx_word' id='word_1_46' title='bbox 1021 607 1112 645; x_wconf 85' lang='lat' dir='ltr'>pag.</span> <span class='ocrx_word' id='word_1_47' title='bbox 1147 607 1236 644; x_wconf 88' lang='lat'><strong>197.</strong></span> <span class='ocrx_word' id='word_1_48' title='bbox 1262 594 1334 632; x_wconf 83' lang='lat' dir='ltr'><strong>Re-</strong></span> 
     </span>
     <span class='ocr_line' id='line_1_9' title="bbox 295 651 1333 707; baseline -0.004 -13"><span class='ocrx_word' id='word_1_49' title='bbox 295 656 409 706; x_wconf 89' lang='lat' dir='ltr'><strong>posui</strong></span> <span class='ocrx_word' id='word_1_50' title='bbox 437 658 576 707; x_wconf 65' lang='lat' dir='ltr'><strong>(impertiit</strong></span> <span class='ocrx_word' id='word_1_51' title='bbox 612 667 684 704; x_wconf 88' lang='lat' dir='ltr'><strong>pro</strong></span> <span class='ocrx_word' id='word_1_52' title='bbox 708 651 1020 690; x_wconf 87' lang='lat' dir='ltr'><strong>membranarum</strong></span> <span class='ocrx_word' id='word_1_53' title='bbox 1056 653 1218 691; x_wconf 86' lang='lat' dir='ltr'><strong>lectione</strong></span> <span class='ocrx_word' id='word_1_54' title='bbox 1250 652 1333 705; x_wconf 84' lang='grc' dir='ltr'>θάρ-</span> 
     </span>
     <span class='ocr_line' id='line_1_10' title="bbox 297 716 388 765; baseline 0.011 -13"><span class='ocrx_word' id='word_1_55' title='bbox 297 716 388 765; x_wconf 87' lang='grc' dir='ltr'>σει.)</span> 
     </span>
    </p>

    <p class='ocr_par' dir='ltr' id='par_1_5' title="bbox 298 767 1332 882">
     <span class='ocr_line' id='line_1_11' title="bbox 350 767 1332 824; baseline -0.004 -13"><span class='ocrx_word' id='word_1_56' title='bbox 350 785 416 812; x_wconf 81' lang='lat'><strong>272.</strong></span> <span class='ocrx_word' id='word_1_57' title='bbox 446 771 590 824; x_wconf 77' lang='grc' dir='ltr'>’Έρωτα</span> <span class='ocrx_word' id='word_1_58' title='bbox 618 769 691 808; x_wconf 84' lang='grc' dir='ltr'>λύει</span> <span class='ocrx_word' id='word_1_59' title='bbox 717 768 837 819; x_wconf 88' lang='grc' dir='ltr'>λιμός,</span> <span class='ocrx_word' id='word_1_60' title='bbox 864 767 948 807; x_wconf 78' lang='grc' dir='ltr'>εἰδὲ</span> <span class='ocrx_word' id='word_1_61' title='bbox 974 768 1085 822; x_wconf 84' lang='grc' dir='ltr'>τούτῳ</span> <span class='ocrx_word' id='word_1_62' title='bbox 1110 771 1260 822; x_wconf 73' lang='grc' dir='ltr'>χρῆσθαι</span> <span class='ocrx_word' id='word_1_63' title='bbox 1282 767 1332 819; x_wconf 89' lang='grc' dir='ltr'><strong>μὴ</strong></span> 
     </span>
     <span class='ocr_line' id='line_1_12' title="bbox 298 829 625 882; baseline 0 -14"><span class='ocrx_word' id='word_1_64' title='bbox 298 830 462 879; x_wconf 87' lang='grc' dir='ltr'>δύνασαι,</span> <span class='ocrx_word' id='word_1_65' title='bbox 487 829 625 882; x_wconf 86' lang='grc' dir='ltr'>βρόχος.</span> 
     </span>
    </p>

    <p class='ocr_par' dir='ltr' id='par_1_6' title="bbox 297 885 1337 997">
     <span class='ocr_line' id='line_1_13' title="bbox 350 885 1337 939; baseline -0.002 -14"><span class='ocrx_word' id='word_1_66' title='bbox 350 889 539 939; x_wconf 88' lang='lat' dir='ltr'><strong>(Julianus</strong></span> <span class='ocrx_word' id='word_1_67' title='bbox 559 889 665 928; x_wconf 82' lang='lat' dir='ltr'><strong>Orat.</strong></span> <span class='ocrx_word' id='word_1_68' title='bbox 688 886 737 924; x_wconf 90' lang='lat' dir='ltr'><strong>VI</strong></span> <span class='ocrx_word' id='word_1_69' title='bbox 758 886 799 924; x_wconf 93' lang='lat' dir='ltr'><strong>in</strong></span> <span class='ocrx_word' id='word_1_70' title='bbox 815 886 984 938; x_wconf 84' lang='lat' dir='ltr'><strong>Cynicos</strong></span> <span class='ocrx_word' id='word_1_71' title='bbox 1003 899 1092 938; x_wconf 85' lang='lat' dir='ltr'><strong>pag.</strong></span> <span class='ocrx_word' id='word_1_72' title='bbox 1118 887 1206 936; x_wconf 87' lang='lat'><strong>198.</strong></span> <span class='ocrx_word' id='word_1_73' title='bbox 1225 885 1337 923; x_wconf 89' lang='lat' dir='ltr'><strong>Codi-</strong></span> 
     </span>
     <span class='ocr_line' id='line_1_14' title="bbox 297 945 990 997; baseline -0.003 -12"><span class='ocrx_word' id='word_1_74' title='bbox 297 961 382 985; x_wconf 85' lang='lat' dir='ltr'><strong>cum</strong></span> <span class='ocrx_word' id='word_1_75' title='bbox 400 948 629 997; x_wconf 79' lang='lat' dir='ltr'><strong>scripturam</strong></span> <span class='ocrx_word' id='word_1_76' title='bbox 646 945 688 984; x_wconf 82' lang='grc' dir='ltr'><strong>ἂν</strong></span> <span class='ocrx_word' id='word_1_77' title='bbox 709 946 853 984; x_wconf 88' lang='lat' dir='ltr'><strong>mutavi</strong></span> <span class='ocrx_word' id='word_1_78' title='bbox 873 946 915 984; x_wconf 90' lang='lat' dir='ltr'><strong>in</strong></span> <span class='ocrx_word' id='word_1_79' title='bbox 935 945 990 997; x_wconf 86' lang='grc' dir='ltr'>εἰ.)</span> 
     </span>
    </p>

    <p class='ocr_par' dir='ltr' id='par_1_7' title="bbox 297 1003 1336 1117">
     <span class='ocr_line' id='line_1_15' title="bbox 352 1003 1336 1058; baseline -0.002 -15"><span class='ocrx_word' id='word_1_80' title='bbox 352 1019 419 1045; x_wconf 82' lang='lat'><strong>273.</strong></span> <span class='ocrx_word' id='word_1_81' title='bbox 475 1007 550 1043; x_wconf 80' lang='grc' dir='ltr'>Οὐκ</span> <span class='ocrx_word' id='word_1_82' title='bbox 572 1006 611 1043; x_wconf 82' lang='grc' dir='ltr'>ἐκ</span> <span class='ocrx_word' id='word_1_83' title='bbox 628 1007 697 1043; x_wconf 85' lang='grc' dir='ltr'><strong>τῶν</strong></span> <span class='ocrx_word' id='word_1_84' title='bbox 713 1004 936 1058; x_wconf 88' lang='grc' dir='ltr'>μαζοφάγων,</span> <span class='ocrx_word' id='word_1_85' title='bbox 951 1004 1054 1056; x_wconf 82' lang='grc' dir='ltr'>φησὶν</span> <span class='ocrx_word' id='word_1_86' title='bbox 1072 1005 1090 1042; x_wconf 84' lang='grc' dir='ltr'>ὁ</span> <span class='ocrx_word' id='word_1_87' title='bbox 1106 1003 1285 1056; x_wconf 81' lang='grc' dir='ltr'>Διογένης,</span> <span class='ocrx_word' id='word_1_88' title='bbox 1306 1004 1336 1041; x_wconf 83' lang='grc' dir='ltr'><strong>οἱ</strong></span> 
     </span>
     <span class='ocr_line' id='line_1_16' title="bbox 297 1063 1187 1117; baseline 0.001 -15"><span class='ocrx_word' id='word_1_89' title='bbox 297 1064 466 1117; x_wconf 88' lang='grc' dir='ltr'>τύραννοι,</span> <span class='ocrx_word' id='word_1_90' title='bbox 485 1063 560 1101; x_wconf 88' lang='grc' dir='ltr'>ἀλλ’</span> <span class='ocrx_word' id='word_1_91' title='bbox 581 1065 620 1102; x_wconf 81' lang='grc' dir='ltr'>ἐκ</span> <span class='ocrx_word' id='word_1_92' title='bbox 636 1066 704 1102; x_wconf 84' lang='grc' dir='ltr'><strong>τῶν</strong></span> <span class='ocrx_word' id='word_1_93' title='bbox 727 1063 956 1102; x_wconf 81' lang='grc' dir='ltr'>δειπνούντων</span> <span class='ocrx_word' id='word_1_94' title='bbox 974 1064 1187 1107; x_wconf 85' lang='grc' dir='ltr'>πολυτελῶς.</span> 
     </span>
    </p>

    <p class='ocr_par' dir='ltr' id='par_1_8' title="bbox 298 1122 1339 1411">
     <span class='ocr_line' id='line_1_17' title="bbox 352 1122 1337 1174; baseline 0 -14"><span class='ocrx_word' id='word_1_95' title='bbox 352 1123 551 1174; x_wconf 89' lang='lat' dir='ltr'><strong>(Julianus</strong></span> <span class='ocrx_word' id='word_1_96' title='bbox 572 1126 682 1162; x_wconf 86' lang='lat' dir='ltr'><strong>Orat.</strong></span> <span class='ocrx_word' id='word_1_97' title='bbox 710 1122 761 1160; x_wconf 86' lang='lat' dir='ltr'><strong>Vl</strong></span> <span class='ocrx_word' id='word_1_98' title='bbox 782 1123 824 1161; x_wconf 91' lang='lat' dir='ltr'><strong>in</strong></span> <span class='ocrx_word' id='word_1_99' title='bbox 842 1123 1011 1174; x_wconf 86' lang='lat' dir='ltr'><strong>Cynicos</strong></span> <span class='ocrx_word' id='word_1_100' title='bbox 1030 1136 1119 1174; x_wconf 87' lang='lat' dir='ltr'><strong>pag.</strong></span> <span class='ocrx_word' id='word_1_101' title='bbox 1144 1124 1231 1173; x_wconf 87' lang='lat'>198.</span> <span class='ocrx_word' id='word_1_102' title='bbox 1250 1123 1337 1160; x_wconf 91' lang='lat' dir='ltr'><strong>Ple-</strong></span> 
     </span>
     <span class='ocr_line' id='line_1_18' title="bbox 300 1181 1335 1234; baseline 0 -14"><span class='ocrx_word' id='word_1_103' title='bbox 300 1182 389 1220; x_wconf 88' lang='lat' dir='ltr'><strong>nius</strong></span> <span class='ocrx_word' id='word_1_104' title='bbox 404 1182 592 1232; x_wconf 84' lang='lat' dir='ltr'>Diogenis</span> <span class='ocrx_word' id='word_1_105' title='bbox 606 1182 751 1220; x_wconf 91' lang='lat' dir='ltr'><strong>dictum</strong></span> <span class='ocrx_word' id='word_1_106' title='bbox 763 1182 880 1220; x_wconf 81' lang='lat' dir='ltr'><strong>refert</strong></span> <span class='ocrx_word' id='word_1_107' title='bbox 889 1182 1133 1234; x_wconf 80' lang='lat' dir='ltr'>Porphyrius</span> <span class='ocrx_word' id='word_1_108' title='bbox 1147 1183 1204 1219; x_wconf 90' lang='lat' dir='ltr'><strong>De</strong></span> <span class='ocrx_word' id='word_1_109' title='bbox 1218 1181 1335 1220; x_wconf 89' lang='lat' dir='ltr'><strong>absti-</strong></span> 
     </span>
     <span class='ocr_line' id='line_1_19' title="bbox 298 1239 1338 1293; baseline 0 -15"><span class='ocrx_word' id='word_1_110' title='bbox 298 1241 429 1279; x_wconf 86' lang='lat' dir='ltr'><strong>nentia</strong></span> <span class='ocrx_word' id='word_1_111' title='bbox 440 1239 511 1278; x_wconf 84' lang='lat' dir='ltr'><strong>lib·</strong></span> <span class='ocrx_word' id='word_1_112' title='bbox 525 1240 558 1291; x_wconf 87' lang='lat' dir='ltr'><strong>I,</strong></span> <span class='ocrx_word' id='word_1_113' title='bbox 577 1247 624 1289; x_wconf 74' lang='lat'><strong>47</strong></span> <span class='ocrx_word' id='word_1_114' title='bbox 647 1255 655 1278; x_wconf 91' lang='lat'><strong>:</strong></span> <span class='ocrx_word' id='word_1_115' title='bbox 677 1241 715 1279; x_wconf 81' lang='grc' dir='ltr'><strong>οὗ</strong></span> <span class='ocrx_word' id='word_1_116' title='bbox 730 1241 796 1292; x_wconf 89' lang='grc' dir='ltr'><strong>γὰρ</strong></span> <span class='ocrx_word' id='word_1_117' title='bbox 817 1242 855 1279; x_wconf 84' lang='grc' dir='ltr'>ἐκ</span> <span class='ocrx_word' id='word_1_118' title='bbox 869 1243 936 1279; x_wconf 84' lang='grc' dir='ltr'><strong>τῶν</strong></span> <span class='ocrx_word' id='word_1_119' title='bbox 955 1241 1182 1293; x_wconf 75' lang='grc' dir='ltr'>μαζοφάγων,</span> <span class='ocrx_word' id='word_1_120' title='bbox 1200 1240 1304 1293; x_wconf 86' lang='grc' dir='ltr'>φησὶν</span> <span class='ocrx_word' id='word_1_121' title='bbox 1320 1243 1338 1278; x_wconf 80' lang='grc' dir='ltr'>ὁ</span> 
     </span>
     <span class='ocr_line' id='line_1_20' title="bbox 298 1298 1339 1351; baseline -0.001 -13"><span class='ocrx_word' id='word_1_122' title='bbox 298 1299 482 1351; x_wconf 70' lang='grc' dir='ltr'>Διογένης,</span> <span class='ocrx_word' id='word_1_123' title='bbox 515 1301 546 1338; x_wconf 80' lang='grc' dir='ltr'><strong>οἱ</strong></span> <span class='ocrx_word' id='word_1_124' title='bbox 574 1298 723 1338; x_wconf 81' lang='grc' dir='ltr'>κλέπται</span> <span class='ocrx_word' id='word_1_125' title='bbox 748 1299 808 1338; x_wconf 88' lang='grc' dir='ltr'><strong>καὶ</strong></span> <span class='ocrx_word' id='word_1_126' title='bbox 837 1301 868 1338; x_wconf 81' lang='grc' dir='ltr'><strong>οἳ</strong></span> <span class='ocrx_word' id='word_1_127' title='bbox 888 1299 1063 1351; x_wconf 86' lang='grc' dir='ltr'>πολέμιοι,</span> <span class='ocrx_word' id='word_1_128' title='bbox 1095 1299 1172 1338; x_wconf 82' lang='grc' dir='ltr'>ἀλλ’</span> <span class='ocrx_word' id='word_1_129' title='bbox 1204 1301 1243 1338; x_wconf 85' lang='grc' dir='ltr'>ἐκ</span> <span class='ocrx_word' id='word_1_130' title='bbox 1270 1301 1339 1337; x_wconf 85' lang='grc' dir='ltr'><strong>τῶν</strong></span> 
     </span>
     <span class='ocr_line' id='line_1_21' title="bbox 298 1358 1071 1411; baseline 0 -15"><span class='ocrx_word' id='word_1_131' title='bbox 298 1358 501 1411; x_wconf 79' lang='grc' dir='ltr'>κρεοφάγων</span> <span class='ocrx_word' id='word_1_132' title='bbox 524 1359 555 1396; x_wconf 79' lang='grc' dir='ltr'><strong>οἳ</strong></span> <span class='ocrx_word' id='word_1_133' title='bbox 569 1358 784 1411; x_wconf 79' lang='grc' dir='ltr'>συκοφάνται</span> <span class='ocrx_word' id='word_1_134' title='bbox 799 1358 860 1397; x_wconf 77' lang='grc' dir='ltr'><strong>καὶ</strong></span> <span class='ocrx_word' id='word_1_135' title='bbox 879 1358 1071 1411; x_wconf 87' lang='grc' dir='ltr'>τύραννοι.)</span> 
     </span>
    </p>

    <p class='ocr_par' dir='ltr' id='par_1_9' title="bbox 301 1415 1339 1586">
     <span class='ocr_line' id='line_1_22' title="bbox 352 1415 1338 1470; baseline -0.001 -16"><span class='ocrx_word' id='word_1_136' title='bbox 352 1429 417 1457; x_wconf 76' lang='lat'><strong>274.</strong></span> <span class='ocrx_word' id='word_1_137' title='bbox 447 1415 613 1469; x_wconf 77' lang='grc' dir='ltr'>Διογένης</span> <span class='ocrx_word' id='word_1_138' title='bbox 633 1416 813 1470; x_wconf 83' lang='grc' dir='ltr'>μειράκιον</span> <span class='ocrx_word' id='word_1_139' title='bbox 843 1417 1045 1455; x_wconf 79' lang='grc' dir='ltr'>ἐκστατικὸν</span> <span class='ocrx_word' id='word_1_140' title='bbox 1076 1416 1157 1455; x_wconf 86' lang='grc' dir='ltr'>ἷδὼν</span> <span class='ocrx_word' id='word_1_141' title='bbox 1183 1416 1242 1454; x_wconf 81' lang='grc' dir='ltr'><strong>καὶ</strong></span> <span class='ocrx_word' id='word_1_142' title='bbox 1264 1431 1338 1455; x_wconf 91' lang='grc' dir='ltr'>πα-</span> 
     </span>
     <span class='ocr_line' id='line_1_23' title="bbox 302 1472 1339 1529; baseline -0.001 -17"><span class='ocrx_word' id='word_1_143' title='bbox 302 1479 502 1527; x_wconf 78' lang='grc' dir='ltr'>ραφρονοῦν,</span> <span class='ocrx_word' id='word_1_144' title='bbox 518 1475 711 1525; x_wconf 84' lang='grc' dir='ltr'>Νεανίσκε,</span> <span class='ocrx_word' id='word_1_145' title='bbox 733 1475 914 1529; x_wconf 83' lang='grc' dir='ltr'>ἔφησεν,ὁ</span> <span class='ocrx_word' id='word_1_146' title='bbox 937 1475 1054 1528; x_wconf 80' lang='grc' dir='ltr'>πατήρ</span> <span class='ocrx_word' id='word_1_147' title='bbox 1080 1491 1118 1514; x_wconf 91' lang='grc' dir='ltr'><strong>σε</strong></span> <span class='ocrx_word' id='word_1_148' title='bbox 1147 1474 1282 1527; x_wconf 83' lang='grc' dir='ltr'>μεθύων</span> <span class='ocrx_word' id='word_1_149' title='bbox 1305 1472 1339 1512; x_wconf 87' lang='grc' dir='ltr'><strong>ἔ-</strong></span> 
     </span>
     <span class='ocr_line' id='line_1_24' title="bbox 301 1549 432 1586; baseline 0.008 -15"><span class='ocrx_word' id='word_1_150' title='bbox 301 1549 432 1586; x_wconf 90' lang='grc' dir='ltr'>σπειρε.</span> 
     </span>
    </p>

    <p class='ocr_par' dir='ltr' id='par_1_10' title="bbox 301 1592 1338 1703">
     <span class='ocr_line' id='line_1_25' title="bbox 357 1592 1338 1644; baseline 0.003 -14"><span class='ocrx_word' id='word_1_151' title='bbox 357 1593 602 1643; x_wconf 88' lang='lat' dir='ltr'><strong>(Plutarchus</strong></span> <span class='ocrx_word' id='word_1_152' title='bbox 621 1594 678 1630; x_wconf 91' lang='lat' dir='ltr'><strong>De</strong></span> <span class='ocrx_word' id='word_1_153' title='bbox 693 1592 809 1633; x_wconf 86' lang='lat' dir='ltr'><strong>liber.</strong></span> <span class='ocrx_word' id='word_1_154' title='bbox 830 1592 943 1632; x_wconf 87' lang='lat' dir='ltr'><strong>educ.</strong></span> <span class='ocrx_word' id='word_1_155' title='bbox 957 1605 1039 1644; x_wconf 89' lang='lat' dir='ltr'><strong>cap.</strong></span> <span class='ocrx_word' id='word_1_156' title='bbox 1061 1592 1140 1641; x_wconf 75' lang='grc' dir='ltr'><strong>ΙΙΙ,ι</strong></span> <span class='ocrx_word' id='word_1_157' title='bbox 1151 1594 1229 1633; x_wconf 87' lang='lat' dir='ltr'><strong>vol.</strong></span> <span class='ocrx_word' id='word_1_158' title='bbox 1251 1593 1338 1640; x_wconf 90' lang='lat' dir='ltr'>VlI,</span> 
     </span>
     <span class='ocr_line' id='line_1_26' title="bbox 301 1652 717 1703; baseline 0.005 -14"><span class='ocrx_word' id='word_1_159' title='bbox 301 1664 389 1703; x_wconf 88' lang='lat' dir='ltr'><strong>pag.</strong></span> <span class='ocrx_word' id='word_1_160' title='bbox 414 1657 436 1696; x_wconf 79' lang='grc'><strong>4</strong></span> <span class='ocrx_word' id='word_1_161' title='bbox 457 1652 519 1692; x_wconf 91' lang='lat' dir='ltr'><strong>ed.</strong></span> <span class='ocrx_word' id='word_1_162' title='bbox 537 1652 717 1702; x_wconf 88' lang='lat' dir='ltr'><strong>Hutten.)</strong></span> 
     </span>
    </p>

    <p class='ocr_par' dir='ltr' id='par_1_11' title="bbox 301 1709 1344 1880">
     <span class='ocr_line' id='line_1_27' title="bbox 355 1709 1341 1762; baseline 0.002 -15"><span class='ocrx_word' id='word_1_163' title='bbox 355 1722 424 1750; x_wconf 80' lang='lat'><strong>275.</strong></span> <span class='ocrx_word' id='word_1_164' title='bbox 456 1709 673 1761; x_wconf 85' lang='grc' dir='ltr'>Ἀλέξανδρος</span> <span class='ocrx_word' id='word_1_165' title='bbox 689 1712 707 1747; x_wconf 82' lang='grc' dir='ltr'><strong>ὁ</strong></span> <span class='ocrx_word' id='word_1_166' title='bbox 728 1709 890 1762; x_wconf 81' lang='grc' dir='ltr'>βασιλεὺς</span> <span class='ocrx_word' id='word_1_167' title='bbox 910 1709 991 1749; x_wconf 84' lang='grc' dir='ltr'>ἰδὼν</span> <span class='ocrx_word' id='word_1_168' title='bbox 1022 1709 1189 1762; x_wconf 82' lang='grc' dir='ltr'>Διογένην</span> <span class='ocrx_word' id='word_1_169' title='bbox 1207 1711 1341 1761; x_wconf 84' lang='grc' dir='ltr'>κοιμώ-</span> 
     </span>
     <span class='ocr_line' id='line_1_28' title="bbox 304 1762 1344 1823; baseline 0.001 -16"><span class='ocrx_word' id='word_1_170' title='bbox 304 1783 406 1819; x_wconf 88' lang='grc' dir='ltr'>μενον</span> <span class='ocrx_word' id='word_1_171' title='bbox 424 1770 458 1807; x_wconf 81' lang='grc' dir='ltr'><strong>ἐν</strong></span> <span class='ocrx_word' id='word_1_172' title='bbox 480 1768 570 1822; x_wconf 84' lang='grc' dir='ltr'>πίθῳ</span> <span class='ocrx_word' id='word_1_173' title='bbox 587 1797 598 1816; x_wconf 91' lang='grc'>,</span> <span class='ocrx_word' id='word_1_174' title='bbox 618 1768 697 1822; x_wconf 87' lang='grc' dir='ltr'>ἔφη·</span> <span class='ocrx_word' id='word_1_175' title='bbox 714 1762 767 1807; x_wconf 44' lang='grc' dir='ltr'><strong>ὟΩ</strong></span> <span class='ocrx_word' id='word_1_176' title='bbox 784 1767 861 1807; x_wconf 64' lang='lat' dir='ltr'><strong>artes</strong></span> <span class='ocrx_word' id='word_1_177' title='bbox 879 1768 984 1818; x_wconf 82' lang='grc' dir='ltr'>μεστὲ</span> <span class='ocrx_word' id='word_1_178' title='bbox 1003 1771 1147 1822; x_wconf 82' lang='grc' dir='ltr'>φρενῶν.</span> <span class='ocrx_word' id='word_1_179' title='bbox 1169 1769 1214 1808; x_wconf 89' lang='grc' dir='ltr'>Ὁ</span> <span class='ocrx_word' id='word_1_180' title='bbox 1235 1769 1269 1809; x_wconf 83' lang='grc' dir='ltr'><strong>δὲ</strong></span> <span class='ocrx_word' id='word_1_181' title='bbox 1290 1786 1344 1823; x_wconf 92' lang='grc' dir='ltr'><strong>φι-</strong></span> 
     </span>
     <span class='ocr_line' id='line_1_29' title="bbox 301 1821 1125 1880; baseline 0.002 -16"><span class='ocrx_word' id='word_1_182' title='bbox 301 1825 447 1880; x_wconf 88' lang='grc' dir='ltr'>λόσοφος</span> <span class='ocrx_word' id='word_1_183' title='bbox 462 1825 613 1870; x_wconf 81' lang='grc' dir='ltr'>ἀναστὰς</span> <span class='ocrx_word' id='word_1_184' title='bbox 631 1826 710 1880; x_wconf 87' lang='grc' dir='ltr'>ἔφη·</span> <span class='ocrx_word' id='word_1_185' title='bbox 730 1821 779 1866; x_wconf 80' lang='grc' dir='ltr'><strong><em>Ὢ</em></strong></span> <span class='ocrx_word' id='word_1_186' title='bbox 797 1829 942 1879; x_wconf 78' lang='grc' dir='ltr'>βασιλεῦ</span> <span class='ocrx_word' id='word_1_187' title='bbox 962 1827 1125 1878; x_wconf 84' lang='grc' dir='ltr'>μέγιστε,</span> 
     </span>
    </p>
   </div>
   <div class='ocr_carea' id='block_1_4' title="bbox 305 1921 1082 2061">
    <p class='ocr_par' dir='ltr' id='par_1_12' title="bbox 305 1921 1082 2061">
     <span class='ocr_line' id='line_1_30' title="bbox 405 1921 1082 1964; baseline 0 -10"><span class='ocrx_word' id='word_1_188' title='bbox 405 1921 494 1955; x_wconf 86' lang='grc' dir='ltr'>Θέλω</span> <span class='ocrx_word' id='word_1_189' title='bbox 508 1922 603 1964; x_wconf 80' lang='grc' dir='ltr'>τύχης</span> <span class='ocrx_word' id='word_1_190' title='bbox 615 1921 795 1962; x_wconf 79' lang='grc' dir='ltr'>σταλαγμὸν</span> <span class='ocrx_word' id='word_1_191' title='bbox 809 1923 829 1960; x_wconf 82' lang='grc' dir='ltr'>ἢ</span> <span class='ocrx_word' id='word_1_192' title='bbox 849 1924 963 1963; x_wconf 83' lang='grc' dir='ltr'>φρενῶν</span> <span class='ocrx_word' id='word_1_193' title='bbox 983 1922 1082 1954; x_wconf 86' lang='grc' dir='ltr'>πίθον.</span> 
     </span>
     <span class='ocr_line' id='line_1_31' title="bbox 305 2002 1022 2061; baseline 0 -16"><span class='ocrx_word' id='word_1_194' title='bbox 305 2002 449 2060; x_wconf 44' lang='grc' dir='ltr'>Πρὸςιὸν</span> <span class='ocrx_word' id='word_1_195' title='bbox 463 2022 513 2051; x_wconf 88' lang='grc' dir='ltr'><strong>τις</strong></span> <span class='ocrx_word' id='word_1_196' title='bbox 527 2007 698 2061; x_wconf 85' lang='grc' dir='ltr'>ἀντέφησε</span> <span class='ocrx_word' id='word_1_197' title='bbox 713 2009 781 2046; x_wconf 87' lang='grc' dir='ltr'><strong>τῶν</strong></span> <span class='ocrx_word' id='word_1_198' title='bbox 796 2007 1022 2061; x_wconf 87' lang='grc' dir='ltr'>φιλοφρόνων·</span> 
     </span>
    </p>
   </div>
   <div class='ocr_carea' id='block_1_5' title="bbox 406 2095 1124 2184">
    <p class='ocr_par' dir='ltr' id='par_1_13' title="bbox 406 2095 1124 2184">
     <span class='ocr_line' id='line_1_32' title="bbox 406 2095 1124 2136; baseline 0.001 -10"><span class='ocrx_word' id='word_1_199' title='bbox 406 2095 509 2133; x_wconf 81' lang='grc' dir='ltr'>Ῥανὶς</span> <span class='ocrx_word' id='word_1_200' title='bbox 529 2097 643 2136; x_wconf 83' lang='grc' dir='ltr'>φρενῶν</span> <span class='ocrx_word' id='word_1_201' title='bbox 657 2106 710 2136; x_wconf 88' lang='grc' dir='ltr'><strong>μοι</strong></span> <span class='ocrx_word' id='word_1_202' title='bbox 735 2096 865 2135; x_wconf 81' lang='grc' dir='ltr'>μᾶλλον,</span> <span class='ocrx_word' id='word_1_203' title='bbox 876 2096 896 2133; x_wconf 83' lang='grc' dir='ltr'>ἢ</span> <span class='ocrx_word' id='word_1_204' title='bbox 909 2095 1000 2136; x_wconf 80' lang='grc' dir='ltr'>βυθὸς</span> <span class='ocrx_word' id='word_1_205' title='bbox 1014 2095 1124 2136; x_wconf 86' lang='grc' dir='ltr'>τύχης·</span> 
     </span>
     <span class='ocr_line' id='line_1_33' title="bbox 408 2141 1107 2184; baseline 0 -10"><span class='ocrx_word' id='word_1_206' title='bbox 408 2141 469 2178; x_wconf 85' lang='grc' dir='ltr'>Ἦς</span> <span class='ocrx_word' id='word_1_207' title='bbox 489 2143 531 2183; x_wconf 84' lang='grc' dir='ltr'><strong>μὴ</strong></span> <span class='ocrx_word' id='word_1_208' title='bbox 546 2143 705 2183; x_wconf 87' lang='grc' dir='ltr'>παρούσης</span> <span class='ocrx_word' id='word_1_209' title='bbox 718 2143 927 2183; x_wconf 83' lang='grc' dir='ltr'>δυστυχοῦσιν</span> <span class='ocrx_word' id='word_1_210' title='bbox 943 2144 975 2174; x_wconf 81' lang='grc' dir='ltr'>αἱ</span> <span class='ocrx_word' id='word_1_211' title='bbox 992 2144 1107 2184; x_wconf 85' lang='grc' dir='ltr'>φρένες.</span> 
     </span>
    </p>
   </div>
   <div class='ocr_carea' id='block_1_6' title="bbox 308 2213 1342 2325">
    <p class='ocr_par' dir='ltr' id='par_1_14' title="bbox 308 2213 1342 2325">
     <span class='ocr_line' id='line_1_34' title="bbox 361 2213 1342 2266; baseline 0 -14"><span class='ocrx_word' id='word_1_212' title='bbox 361 2213 578 2266; x_wconf 86' lang='lat' dir='ltr'><strong>(Antonius</strong></span> <span class='ocrx_word' id='word_1_213' title='bbox 596 2223 634 2252; x_wconf 86' lang='lat' dir='ltr'><strong>et</strong></span> <span class='ocrx_word' id='word_1_214' title='bbox 662 2214 854 2253; x_wconf 83' lang='lat' dir='ltr'><strong>Maximus</strong></span> <span class='ocrx_word' id='word_1_215' title='bbox 870 2214 992 2252; x_wconf 89' lang='lat' dir='ltr'><strong>Serm.</strong></span> <span class='ocrx_word' id='word_1_216' title='bbox 1014 2214 1062 2252; x_wconf 90' lang='lat' dir='ltr'><strong>de</strong></span> <span class='ocrx_word' id='word_1_217' title='bbox 1082 2215 1234 2253; x_wconf 88' lang='lat' dir='ltr'><strong>fortuna</strong></span> <span class='ocrx_word' id='word_1_218' title='bbox 1254 2228 1342 2266; x_wconf 86' lang='lat' dir='ltr'><strong>pro·</strong></span> 
     </span>
     <span class='ocr_line' id='line_1_35' title="bbox 308 2272 681 2325; baseline 0.003 -14"><span class='ocrx_word' id='word_1_219' title='bbox 308 2286 421 2325; x_wconf 86' lang='lat' dir='ltr'><strong>spera</strong></span> <span class='ocrx_word' id='word_1_220' title='bbox 438 2282 475 2311; x_wconf 92' lang='lat' dir='ltr'><strong>et</strong></span> <span class='ocrx_word' id='word_1_221' title='bbox 494 2272 681 2325; x_wconf 87' lang='lat' dir='ltr'><strong>adversa.)</strong></span> 
     </span>
    </p>
   </div>
   <div class='ocr_carea' id='block_1_7' title="bbox 311 2386 1354 2603">
    <p class='ocr_par' dir='ltr' id='par_1_15' title="bbox 311 2386 1354 2603">
     <span class='ocr_line' id='line_1_36' title="bbox 351 2386 1350 2430; baseline -0.002 -11"><span class='ocrx_word' id='word_1_222' title='bbox 351 2388 426 2419; x_wconf 88' lang='lat'><strong>271.</strong></span> <span class='ocrx_word' id='word_1_223' title='bbox 453 2387 561 2423; x_wconf 88' lang='lat' dir='ltr'><strong>Quum</strong></span> <span class='ocrx_word' id='word_1_224' title='bbox 575 2386 755 2419; x_wconf 87' lang='lat' dir='ltr'><strong>adolescens</strong></span> <span class='ocrx_word' id='word_1_225' title='bbox 771 2386 902 2427; x_wconf 83' lang='lat' dir='ltr'><strong>quidam</strong></span> <span class='ocrx_word' id='word_1_226' title='bbox 912 2386 947 2430; x_wconf 16' lang='lat' dir='ltr'><strong>*in</strong></span> <span class='ocrx_word' id='word_1_227' title='bbox 963 2386 1071 2426; x_wconf 85' lang='lat' dir='ltr'><strong>turba,</strong></span> <span class='ocrx_word' id='word_1_228' title='bbox 1085 2387 1239 2427; x_wconf 77' lang='lat' dir='ltr'><strong>praesente</strong></span> <span class='ocrx_word' id='word_1_229' title='bbox 1252 2386 1350 2418; x_wconf 89' lang='lat' dir='ltr'><strong>etiam</strong></span> 
     </span>
     <span class='ocr_line' id='line_1_37' title="bbox 311 2445 1350 2486; baseline -0.001 -9"><span class='ocrx_word' id='word_1_230' title='bbox 311 2445 453 2485; x_wconf 83' lang='lat' dir='ltr'><strong>Diogene</strong></span> <span class='ocrx_word' id='word_1_231' title='bbox 463 2470 472 2486; x_wconf 94' lang='lat'><em>‚</em></span> <span class='ocrx_word' id='word_1_232' title='bbox 487 2445 684 2486; x_wconf 84' lang='lat' dir='ltr'><strong>pepedisset‚</strong></span> <span class='ocrx_word' id='word_1_233' title='bbox 699 2445 786 2477; x_wconf 86' lang='lat' dir='ltr'><strong>hunc</strong></span> <span class='ocrx_word' id='word_1_234' title='bbox 803 2445 856 2477; x_wconf 92' lang='lat' dir='ltr'><strong>ille</strong></span> <span class='ocrx_word' id='word_1_235' title='bbox 871 2445 985 2477; x_wconf 87' lang='lat' dir='ltr'><strong>baculo</strong></span> <span class='ocrx_word' id='word_1_236' title='bbox 998 2445 1199 2484; x_wconf 82' lang='lat' dir='ltr'><strong>verberavit,</strong></span> <span class='ocrx_word' id='word_1_237' title='bbox 1213 2445 1324 2480; x_wconf 83' lang='lat' dir='ltr'><strong>dicens</strong></span> <span class='ocrx_word' id='word_1_238' title='bbox 1341 2446 1350 2476; x_wconf 75' lang='grc' dir='ltr'><strong>ε’</strong></span> 
     </span>
     <span class='ocr_line' id='line_1_38' title="bbox 312 2503 1354 2545; baseline -0.001 -9"><span class='ocrx_word' id='word_1_239' title='bbox 312 2504 416 2536; x_wconf 81' lang='lat' dir='ltr'><strong>Itane</strong></span> <span class='ocrx_word' id='word_1_240' title='bbox 437 2512 529 2543; x_wconf 85' lang='lat' dir='ltr'><strong>vero,</strong></span> <span class='ocrx_word' id='word_1_241' title='bbox 548 2512 568 2534; x_wconf 92' lang='lat' dir='ltr'><strong>o</strong></span> <span class='ocrx_word' id='word_1_242' title='bbox 587 2503 698 2536; x_wconf 81' lang='lat' dir='ltr'><strong>scelus</strong></span> <span class='ocrx_word' id='word_1_243' title='bbox 713 2508 722 2525; x_wconf 83' lang='lat'><em>&#39;</em></span> <span class='ocrx_word' id='word_1_244' title='bbox 735 2512 847 2545; x_wconf 77' lang='lat' dir='ltr'><strong>quum</strong></span> <span class='ocrx_word' id='word_1_245' title='bbox 858 2503 950 2536; x_wconf 79' lang='lat' dir='ltr'><strong>nihil</strong></span> <span class='ocrx_word' id='word_1_246' title='bbox 970 2504 1038 2536; x_wconf 80' lang='lat' dir='ltr'><strong>tali</strong></span> <span class='ocrx_word' id='word_1_247' title='bbox 1052 2503 1205 2536; x_wconf 80' lang='lat' dir='ltr'><strong>audacia</strong></span> <span class='ocrx_word' id='word_1_248' title='bbox 1216 2503 1354 2544; x_wconf 80' lang='lat' dir='ltr'><strong>publice</strong></span> 
     </span>
     <span class='ocr_line' id='line_1_39' title="bbox 313 2562 1354 2603; baseline -0.001 -8"><span class='ocrx_word' id='word_1_249' title='bbox 313 2562 473 2595; x_wconf 77' lang='lat' dir='ltr'><strong>adhibita</strong></span> <span class='ocrx_word' id='word_1_250' title='bbox 487 2562 632 2603; x_wconf 73' lang='lat' dir='ltr'><strong>diqnum</strong></span> <span class='ocrx_word' id='word_1_251' title='bbox 653 2563 775 2603; x_wconf 71' lang='lat' dir='ltr'><strong>eqerts,</strong></span> <span class='ocrx_word' id='word_1_252' title='bbox 788 2562 949 2602; x_wconf 79' lang='lat' dir='ltr'><strong>hincjam</strong></span> <span class='ocrx_word' id='word_1_253' title='bbox 969 2562 1064 2594; x_wconf 78' lang='lat' dir='ltr'><strong>nobis</strong></span> <span class='ocrx_word' id='word_1_254' title='bbox 1078 2562 1198 2603; x_wconf 77' lang='lat' dir='ltr'><strong>qlorioe</strong></span> <span class='ocrx_word' id='word_1_255' title='bbox 1208 2571 1269 2595; x_wconf 86' lang='lat' dir='ltr'><strong>con</strong></span> <span class='ocrx_word' id='word_1_256' title='bbox 1276 2565 1354 2595; x_wconf 82' lang='lat' dir='ltr'><strong>tem-</strong></span> 
     </span>
    </p>
   </div>
   <div class='ocr_carea' id='block_1_8' title="bbox 319 2622 643 2661">
    <p class='ocr_par' dir='ltr' id='par_1_16' title="bbox 319 2622 643 2661">
     <span class='ocr_line' id='line_1_40' title="bbox 319 2622 643 2661; baseline 0 -9"><span class='ocrx_word' id='word_1_257' title='bbox 319 2622 374 2653; x_wconf 79' lang='lat' dir='ltr'><strong>tor</strong></span> <span class='ocrx_word' id='word_1_258' title='bbox 386 2629 456 2652; x_wconf 81' lang='lat' dir='ltr'><strong>esse</strong></span> <span class='ocrx_word' id='word_1_259' title='bbox 471 2622 614 2661; x_wconf 76' lang='lat' dir='ltr'><strong>incipies</strong></span> <span class='ocrx_word' id='word_1_260' title='bbox 624 2624 643 2652; x_wconf 63' lang='grc' dir='ltr'><em>Ρ</em></span> 
     </span>
    </p>
   </div>
   <div class='ocr_carea' id='block_1_9' title="bbox 316 2678 1352 2723">
    <p class='ocr_par' dir='ltr' id='par_1_17' title="bbox 316 2678 1352 2723">
     <span class='ocr_line' id='line_1_41' title="bbox 316 2678 1352 2723; baseline 0.002 -13"><span class='ocrx_word' id='word_1_261' title='bbox 316 2691 320 2703; x_wconf 55' lang='grc' dir='ltr'>ι</span> <span class='ocrx_word' id='word_1_262' title='bbox 358 2681 430 2711; x_wconf 88' lang='grc'><strong>272.</strong></span> <span class='ocrx_word' id='word_1_263' title='bbox 453 2680 604 2711; x_wconf 82' lang='lat' dir='ltr'>Amorem</span> <span class='ocrx_word' id='word_1_264' title='bbox 617 2678 711 2711; x_wconf 83' lang='lat' dir='ltr'><strong>solvit</strong></span> <span class='ocrx_word' id='word_1_265' title='bbox 726 2679 836 2720; x_wconf 80' lang='lat' dir='ltr'><strong>fames,</strong></span> <span class='ocrx_word' id='word_1_266' title='bbox 847 2679 895 2712; x_wconf 90' lang='lat' dir='ltr'><strong>sin</strong></span> <span class='ocrx_word' id='word_1_267' title='bbox 905 2681 1013 2713; x_wconf 82' lang='lat' dir='ltr'><strong>autem</strong></span> <span class='ocrx_word' id='word_1_268' title='bbox 1027 2681 1086 2713; x_wconf 88' lang='lat' dir='ltr'><strong>hac</strong></span> <span class='ocrx_word' id='word_1_269' title='bbox 1101 2681 1149 2713; x_wconf 90' lang='lat' dir='ltr'><strong>uti</strong></span> <span class='ocrx_word' id='word_1_270' title='bbox 1169 2690 1232 2713; x_wconf 91' lang='lat' dir='ltr'><strong>non</strong></span> <span class='ocrx_word' id='word_1_271' title='bbox 1246 2682 1352 2723; x_wconf 88' lang='lat' dir='ltr'><strong>potes,</strong></span> 
     </span>
    </p>
   </div>
   <div class='ocr_carea' id='block_1_10' title="bbox 317 2737 461 2778">
    <p class='ocr_par' dir='ltr' id='par_1_18' title="bbox 317 2737 461 2778">
     <span class='ocr_line' id='line_1_42' title="bbox 317 2737 461 2778; baseline 0.007 -9"><span class='ocrx_word' id='word_1_272' title='bbox 317 2737 461 2778; x_wconf 83' lang='lat' dir='ltr'><strong>laqueus.</strong></span> 
     </span>
    </p>
   </div>
   <div class='ocr_carea' id='block_1_11' title="bbox 361 2796 1611 2892">
    <p class='ocr_par' dir='ltr' id='par_1_19' title="bbox 361 2796 1611 2892">
     <span class='ocr_line' id='line_1_43' title="bbox 361 2796 1391 2874; baseline 0.006 -47"><span class='ocrx_word' id='word_1_273' title='bbox 361 2798 433 2828; x_wconf 88' lang='lat'><strong>273.</strong></span> <span class='ocrx_word' id='word_1_274' title='bbox 456 2797 526 2828; x_wconf 92' lang='lat' dir='ltr'><strong>Non</strong></span> <span class='ocrx_word' id='word_1_275' title='bbox 542 2805 580 2828; x_wconf 85' lang='lat' dir='ltr'><strong>ex</strong></span> <span class='ocrx_word' id='word_1_276' title='bbox 597 2796 636 2828; x_wconf 92' lang='lat' dir='ltr'><strong>iis</strong></span> <span class='ocrx_word' id='word_1_277' title='bbox 649 2796 702 2845; x_wconf 85' lang='lat' dir='ltr'><strong>qni</strong></span> <span class='ocrx_word' id='word_1_278' title='bbox 719 2806 841 2829; x_wconf 86' lang='lat' dir='ltr'><strong>mazam</strong></span> <span class='ocrx_word' id='word_1_279' title='bbox 858 2798 986 2838; x_wconf 88' lang='lat' dir='ltr'><strong>esitant,</strong></span> <span class='ocrx_word' id='word_1_280' title='bbox 997 2799 1102 2839; x_wconf 85' lang='lat' dir='ltr'><strong>inquit</strong></span> <span class='ocrx_word' id='word_1_281' title='bbox 1123 2801 1287 2841; x_wconf 87' lang='lat' dir='ltr'><strong>Diogenes,</strong></span> <span class='ocrx_word' id='word_1_282' title='bbox 1303 2801 1355 2841; x_wconf 84' lang='lat' dir='ltr'><strong>ty·-</strong></span> <span class='ocrx_word' id='word_1_283' title='bbox 1388 2844 1391 2874; x_wconf 64' lang='lat' dir='ltr'>l</span> 
     </span>
     <span class='ocr_line' id='line_1_44' title="bbox 1335 2850 1611 2892; baseline 0.011 -13"><span class='ocrx_word' id='word_1_284' title='bbox 1335 2876 1338 2879; x_wconf 82' lang='lat'><strong>.</strong></span> <span class='ocrx_word' id='word_1_285' title='bbox 1389 2876 1391 2882; x_wconf 90' lang='lat'><strong>.</strong></span> <span class='ocrx_word' id='word_1_286' title='bbox 1420 2850 1611 2892; x_wconf 82' lang='lat' dir='ltr'>philosophi.</span> 
     </span>
    </p>
   </div>
   <div class='ocr_carea' id='block_1_12' title="bbox 318 2854 1274 2898">
    <p class='ocr_par' dir='ltr' id='par_1_20' title="bbox 318 2854 1274 2898">
     <span class='ocr_line' id='line_1_45' title="bbox 318 2854 1274 2898; baseline 0.004 -11"><span class='ocrx_word' id='word_1_287' title='bbox 318 2855 409 2887; x_wconf 89' lang='lat' dir='ltr'><strong>ranni</strong></span> <span class='ocrx_word' id='word_1_288' title='bbox 424 2854 503 2887; x_wconf 83' lang='lat' dir='ltr'><strong>fiunt</strong></span> <span class='ocrx_word' id='word_1_289' title='bbox 514 2879 524 2895; x_wconf 93' lang='lat'><strong><em>‚</em></strong></span> <span class='ocrx_word' id='word_1_290' title='bbox 540 2855 595 2887; x_wconf 90' lang='lat' dir='ltr'><strong>sed</strong></span> <span class='ocrx_word' id='word_1_291' title='bbox 613 2864 650 2888; x_wconf 89' lang='lat' dir='ltr'><strong>ex</strong></span> <span class='ocrx_word' id='word_1_292' title='bbox 671 2856 854 2888; x_wconf 88' lang='lat' dir='ltr'><strong>hominibus</strong></span> <span class='ocrx_word' id='word_1_293' title='bbox 868 2858 1049 2898; x_wconf 80' lang='lat' dir='ltr'><strong>apparatius</strong></span> <span class='ocrx_word' id='word_1_294' title='bbox 1064 2859 1274 2892; x_wconf 78' lang='lat' dir='ltr'><strong>coenantibus,</strong></span> 
     </span>
    </p>
   </div>
   <div class='ocr_carea' id='block_1_13' title="bbox 363 2913 1360 2954">
    <p class='ocr_par' dir='ltr' id='par_1_21' title="bbox 363 2913 1360 2954">
     <span class='ocr_line' id='line_1_46' title="bbox 363 2913 1360 2954; baseline 0.004 -8"><span class='ocrx_word' id='word_1_295' title='bbox 363 2916 435 2946; x_wconf 82' lang='lat'><strong>274.</strong></span> <span class='ocrx_word' id='word_1_296' title='bbox 459 2913 616 2954; x_wconf 84' lang='lat' dir='ltr'><strong>Diogenes</strong></span> <span class='ocrx_word' id='word_1_297' title='bbox 636 2922 769 2954; x_wconf 84' lang='lat' dir='ltr'><strong>puerum</strong></span> <span class='ocrx_word' id='word_1_298' title='bbox 787 2914 900 2946; x_wconf 86' lang='lat' dir='ltr'><strong>videns</strong></span> <span class='ocrx_word' id='word_1_299' title='bbox 911 2919 1016 2948; x_wconf 85' lang='lat' dir='ltr'><strong>mente</strong></span> <span class='ocrx_word' id='word_1_300' title='bbox 1031 2916 1204 2949; x_wconf 87' lang='lat' dir='ltr'><strong>alienatum</strong></span> <span class='ocrx_word' id='word_1_301' title='bbox 1223 2926 1260 2949; x_wconf 91' lang='lat' dir='ltr'><strong>ac</strong></span> <span class='ocrx_word' id='word_1_302' title='bbox 1275 2917 1360 2950; x_wconf 85' lang='lat' dir='ltr'><strong>desi-</strong></span> 
     </span>
    </p>
   </div>
   <div class='ocr_carea' id='block_1_14' title="bbox 321 2971 1301 3015">
    <p class='ocr_par' dir='ltr' id='par_1_22' title="bbox 321 2971 1301 3015">
     <span class='ocr_line' id='line_1_47' title="bbox 321 2971 1301 3015; baseline 0.005 -11"><span class='ocrx_word' id='word_1_303' title='bbox 321 2972 475 3013; x_wconf 84' lang='lat' dir='ltr'><strong>pientem.</strong></span> <span class='ocrx_word' id='word_1_304' title='bbox 496 2971 710 3013; x_wconf 81' lang='lat' dir='ltr'><strong>Adolescens,</strong></span> <span class='ocrx_word' id='word_1_305' title='bbox 727 2973 842 3013; x_wconf 89' lang='lat' dir='ltr'><strong>inquit,</strong></span> <span class='ocrx_word' id='word_1_306' title='bbox 858 2975 964 3014; x_wconf 80' lang='lat' dir='ltr'><strong>pater</strong></span> <span class='ocrx_word' id='word_1_307' title='bbox 984 2976 1017 3007; x_wconf 79' lang='lat' dir='ltr'><strong>te</strong></span> <span class='ocrx_word' id='word_1_308' title='bbox 1031 2974 1149 3007; x_wconf 82' lang='lat' dir='ltr'><strong>ebrius</strong></span> <span class='ocrx_word' id='word_1_309' title='bbox 1169 2978 1301 3015; x_wconf 68' lang='lat' dir='ltr'><strong>yenuit.</strong></span> 
     </span>
    </p>
   </div>
   <div class='ocr_carea' id='block_1_15' title="bbox 324 3031 1357 3190">
    <p class='ocr_par' dir='ltr' id='par_1_23' title="bbox 324 3031 1357 3190">
     <span class='ocr_line' id='line_1_48' title="bbox 362 3031 1357 3075; baseline 0.004 -11"><span class='ocrx_word' id='word_1_310' title='bbox 362 3034 436 3065; x_wconf 85' lang='lat'><strong>275.</strong></span> <span class='ocrx_word' id='word_1_311' title='bbox 462 3033 571 3069; x_wconf 89' lang='lat' dir='ltr'><strong>Quum</strong></span> <span class='ocrx_word' id='word_1_312' title='bbox 587 3031 779 3071; x_wconf 81' lang='lat' dir='ltr'><strong>Alexander,</strong></span> <span class='ocrx_word' id='word_1_313' title='bbox 798 3032 1008 3065; x_wconf 87' lang='lat' dir='ltr'><strong>Macedonum</strong></span> <span class='ocrx_word' id='word_1_314' title='bbox 1026 3042 1103 3075; x_wconf 86' lang='lat' dir='ltr'><strong>rex,</strong></span> <span class='ocrx_word' id='word_1_315' title='bbox 1125 3034 1298 3075; x_wconf 84' lang='lat' dir='ltr'><strong>Diogenem</strong></span> <span class='ocrx_word' id='word_1_316' title='bbox 1324 3036 1357 3068; x_wconf 92' lang='lat' dir='ltr'><strong>in</strong></span> 
     </span>
     <span class='ocr_line' id='line_1_49' title="bbox 324 3089 1355 3130; baseline 0.005 -9"><span class='ocrx_word' id='word_1_317' title='bbox 324 3089 410 3122; x_wconf 92' lang='lat' dir='ltr'><strong>dolio</strong></span> <span class='ocrx_word' id='word_1_318' title='bbox 423 3090 635 3122; x_wconf 77' lang='lat' dir='ltr'><strong>dormientem</strong></span> <span class='ocrx_word' id='word_1_319' title='bbox 655 3089 803 3130; x_wconf 83' lang='lat' dir='ltr'><strong>vidisset,</strong></span> <span class='ocrx_word' id='word_1_320' title='bbox 825 3090 1016 3124; x_wconf 79' lang='lat' dir='ltr'><strong>exclamavit</strong></span> <span class='ocrx_word' id='word_1_321' title='bbox 1033 3103 1042 3124; x_wconf 73' lang='grc' dir='ltr'>ε</span> <span class='ocrx_word' id='word_1_322' title='bbox 1067 3094 1093 3124; x_wconf 92' lang='grc' dir='ltr'><em>Ο</em></span> <span class='ocrx_word' id='word_1_323' title='bbox 1113 3093 1246 3125; x_wconf 71' lang='lat' dir='ltr'><strong>dolium</strong></span> <span class='ocrx_word' id='word_1_324' title='bbox 1260 3103 1355 3126; x_wconf 73' lang='lat' dir='ltr'><strong>nten-</strong></span> 
     </span>
     <span class='ocr_line' id='line_1_50' title="bbox 325 3142 1357 3190; baseline 0.005 -10"><span class='ocrx_word' id='word_1_325' title='bbox 325 3150 367 3180; x_wconf 81' lang='lat' dir='ltr'><strong>tis</strong></span> <span class='ocrx_word' id='word_1_326' title='bbox 392 3148 486 3181; x_wconf 77' lang='lat' dir='ltr'><strong>bonae</strong></span> <span class='ocrx_word' id='word_1_327' title='bbox 508 3149 772 3190; x_wconf 79' lang='lat' dir='ltr'><strong>plenissimum!</strong></span> <span class='ocrx_word' id='word_1_328' title='bbox 797 3147 1006 3189; x_wconf 87' lang='lat' dir='ltr'><strong>Philosophus</strong></span> <span class='ocrx_word' id='word_1_329' title='bbox 1029 3150 1124 3190; x_wconf 80' lang='lat' dir='ltr'><strong>igilur</strong></span> <span class='ocrx_word' id='word_1_330' title='bbox 1148 3153 1285 3184; x_wconf 79' lang='lat' dir='ltr'><strong>surrexit</strong></span> <span class='ocrx_word' id='word_1_331' title='bbox 1306 3142 1357 3185; x_wconf 73' lang='lat' dir='ltr'><strong>re-</strong></span> 
     </span>
    </p>
   </div>
   <div class='ocr_carea' id='block_1_16' title="bbox 324 3207 840 3248">
    <p class='ocr_par' dir='ltr' id='par_1_24' title="bbox 324 3207 840 3248">
     <span class='ocr_line' id='line_1_51' title="bbox 324 3207 840 3248; baseline 0.002 -10"><span class='ocrx_word' id='word_1_332' title='bbox 324 3207 485 3248; x_wconf 88' lang='lat' dir='ltr'><strong>spondens</strong></span> <span class='ocrx_word' id='word_1_333' title='bbox 501 3219 510 3240; x_wconf 74' lang='lat' dir='ltr'><em>z</em></span> <span class='ocrx_word' id='word_1_334' title='bbox 529 3210 655 3248; x_wconf 79' lang='lat' dir='ltr'><strong>Requm</strong></span> <span class='ocrx_word' id='word_1_335' title='bbox 670 3208 840 3247; x_wconf 80' lang='lat' dir='ltr'><strong>maxime,</strong></span> 
     </span>
    </p>
   </div>
   <div class='ocr_carea' id='block_1_17' title="bbox 328 3285 937 3370">
    <p class='ocr_par' dir='ltr' id='par_1_25' title="bbox 328 3285 937 3370">
     <span class='ocr_line' id='line_1_52' title="bbox 328 3285 937 3325; baseline 0 -10"><span class='ocrx_word' id='word_1_336' title='bbox 328 3323 331 3325; x_wconf 24' lang='grc' dir='ltr'><strong><em>ι</em></strong></span> <span class='ocrx_word' id='word_1_337' title='bbox 397 3287 453 3315; x_wconf 74' lang='lat' dir='ltr'><strong>Rei</strong></span> <span class='ocrx_word' id='word_1_338' title='bbox 468 3287 609 3316; x_wconf 73' lang='lat' dir='ltr'><strong>secundae</strong></span> <span class='ocrx_word' id='word_1_339' title='bbox 622 3289 712 3323; x_wconf 66' lang='grc' dir='ltr'>φιλία</span> <span class='ocrx_word' id='word_1_340' title='bbox 728 3285 840 3316; x_wconf 77' lang='lat' dir='ltr'><strong>mentis</strong></span> <span class='ocrx_word' id='word_1_341' title='bbox 854 3287 937 3316; x_wconf 74' lang='lat' dir='ltr'><strong>dolio</strong></span> 
     </span>
     <span class='ocr_line' id='line_1_53' title="bbox 398 3340 538 3370; baseline 0.007 -2"><span class='ocrx_word' id='word_1_342' title='bbox 398 3340 538 3370; x_wconf 80' lang='lat' dir='ltr'><strong>Proestat.</strong></span> 
     </span>
    </p>
   </div>
   <div class='ocr_carea' id='block_1_18' title="bbox 326 3409 1197 3445">
    <p class='ocr_par' dir='ltr' id='par_1_26' title="bbox 326 3409 1197 3445">
     <span class='ocr_line' id='line_1_54' title="bbox 326 3409 1197 3445; baseline 0.005 -4"><span class='ocrx_word' id='word_1_343' title='bbox 326 3409 385 3441; x_wconf 83' lang='lat' dir='ltr'><strong>Cui</strong></span> <span class='ocrx_word' id='word_1_344' title='bbox 399 3419 438 3442; x_wconf 85' lang='lat' dir='ltr'><strong>ex</strong></span> <span class='ocrx_word' id='word_1_345' title='bbox 454 3411 613 3444; x_wconf 83' lang='lat' dir='ltr'><strong>benevolis</strong></span> <span class='ocrx_word' id='word_1_346' title='bbox 632 3411 799 3444; x_wconf 85' lang='lat' dir='ltr'><strong>Alexandri</strong></span> <span class='ocrx_word' id='word_1_347' title='bbox 823 3411 992 3444; x_wconf 82' lang='lat' dir='ltr'><strong>comitibus</strong></span> <span class='ocrx_word' id='word_1_348' title='bbox 1011 3420 1171 3444; x_wconf 87' lang='lat' dir='ltr'><strong>nonnemo</strong></span> <span class='ocrx_word' id='word_1_349' title='bbox 1188 3425 1197 3445; x_wconf 87' lang='lat'><strong>:</strong></span> 
     </span>
    </p>
   </div>
   <div class='ocr_carea' id='block_1_19' title="bbox 1393 298 2453 1290">
    <p class='ocr_par' dir='ltr' id='par_1_27' title="bbox 1393 298 2446 590">
     <span class='ocr_line' id='line_1_55' title="bbox 1447 298 2431 357; baseline 0.004 -15"><span class='ocrx_word' id='word_1_350' title='bbox 1447 316 1513 343; x_wconf 76' lang='lat'><strong>27⁶.</strong></span> <span class='ocrx_word' id='word_1_351' title='bbox 1542 302 1707 356; x_wconf 78' lang='grc' dir='ltr'>Διογένης</span> <span class='ocrx_word' id='word_1_352' title='bbox 1726 301 1894 357; x_wconf 81' lang='grc' dir='ltr'>ἔφασκεν,</span> <span class='ocrx_word' id='word_1_353' title='bbox 1910 302 2037 351; x_wconf 75' lang='grc' dir='ltr'>ἡδονὴν</span> <span class='ocrx_word' id='word_1_354' title='bbox 2056 304 2168 352; x_wconf 74' lang='grc' dir='ltr'>ἀληθῆ</span> <span class='ocrx_word' id='word_1_355' title='bbox 2188 298 2293 357; x_wconf 73' lang='grc' dir='ltr'>εἶναι,</span> <span class='ocrx_word' id='word_1_356' title='bbox 2312 304 2353 347; x_wconf 73' lang='grc' dir='ltr'><strong>τὸ</strong></span> <span class='ocrx_word' id='word_1_357' title='bbox 2367 305 2431 356; x_wconf 78' lang='grc' dir='ltr'><strong>τὴν</strong></span> 
     </span>
     <span class='ocr_line' id='line_1_56' title="bbox 1393 361 2446 415; baseline 0.005 -15"><span class='ocrx_word' id='word_1_358' title='bbox 1393 361 1509 414; x_wconf 84' lang='grc' dir='ltr'>ψυχὴν</span> <span class='ocrx_word' id='word_1_359' title='bbox 1528 364 1563 401; x_wconf 82' lang='grc' dir='ltr'><strong>ἐν</strong></span> <span class='ocrx_word' id='word_1_360' title='bbox 1585 362 1714 415; x_wconf 81' lang='grc' dir='ltr'>ἡσυχίᾳ</span> <span class='ocrx_word' id='word_1_361' title='bbox 1736 362 1795 400; x_wconf 86' lang='grc' dir='ltr'><strong>καὶ</strong></span> <span class='ocrx_word' id='word_1_362' title='bbox 1823 361 2006 413; x_wconf 70' lang='grc' dir='ltr'>ἱλαρότητι</span> <span class='ocrx_word' id='word_1_363' title='bbox 2019 361 2126 415; x_wconf 81' lang='grc' dir='ltr'>ἔχειν·</span> <span class='ocrx_word' id='word_1_364' title='bbox 2148 363 2228 404; x_wconf 80' lang='grc' dir='ltr'>ἄνευ</span> <span class='ocrx_word' id='word_1_365' title='bbox 2247 364 2284 404; x_wconf 84' lang='grc' dir='ltr'><strong>δὲ</strong></span> <span class='ocrx_word' id='word_1_366' title='bbox 2302 365 2446 415; x_wconf 73' lang='grc' dir='ltr'>ταύτης,</span> 
     </span>
     <span class='ocr_line' id='line_1_57' title="bbox 1394 417 2433 475; baseline 0.006 -17"><span class='ocrx_word' id='word_1_367' title='bbox 1394 418 1471 459; x_wconf 78' lang='grc' dir='ltr'>οὐδὲ</span> <span class='ocrx_word' id='word_1_368' title='bbox 1489 420 1533 459; x_wconf 83' lang='grc' dir='ltr'><strong>τὰ</strong></span> <span class='ocrx_word' id='word_1_369' title='bbox 1552 420 1664 460; x_wconf 89' lang='grc' dir='ltr'>Μίδου</span> <span class='ocrx_word' id='word_1_370' title='bbox 1686 420 1762 459; x_wconf 80' lang='grc' dir='ltr'>οὐδὲ</span> <span class='ocrx_word' id='word_1_371' title='bbox 1790 420 1942 472; x_wconf 83' lang='grc' dir='ltr'>Κροίσου</span> <span class='ocrx_word' id='word_1_372' title='bbox 1955 420 2124 473; x_wconf 82' lang='grc' dir='ltr'>χρήματα</span> <span class='ocrx_word' id='word_1_373' title='bbox 2149 422 2311 475; x_wconf 79' lang='grc' dir='ltr'>ὠφέλιμα</span> <span class='ocrx_word' id='word_1_374' title='bbox 2331 417 2433 464; x_wconf 73' lang='grc' dir='ltr'>εἶναι·</span> 
     </span>
     <span class='ocr_line' id='line_1_58' title="bbox 1395 477 2433 533; baseline 0.006 -17"><span class='ocrx_word' id='word_1_375' title='bbox 1395 477 1454 516; x_wconf 79' lang='grc' dir='ltr'><strong>ἐὰν</strong></span> <span class='ocrx_word' id='word_1_376' title='bbox 1483 477 1520 517; x_wconf 80' lang='grc' dir='ltr'><strong>δέ</strong></span> <span class='ocrx_word' id='word_1_377' title='bbox 1541 494 1591 522; x_wconf 85' lang='grc' dir='ltr'><strong>τις</strong></span> <span class='ocrx_word' id='word_1_378' title='bbox 1617 477 1639 525; x_wconf 83' lang='grc' dir='ltr'>ἢ</span> <span class='ocrx_word' id='word_1_379' title='bbox 1659 478 1745 531; x_wconf 81' lang='grc' dir='ltr'>ὑπὲρ</span> <span class='ocrx_word' id='word_1_380' title='bbox 1767 482 1892 531; x_wconf 78' lang='grc' dir='ltr'>μικροῦ</span> <span class='ocrx_word' id='word_1_381' title='bbox 1919 479 1942 526; x_wconf 85' lang='grc' dir='ltr'>ἢ</span> <span class='ocrx_word' id='word_1_382' title='bbox 1967 480 2054 532; x_wconf 82' lang='grc' dir='ltr'>ὑπὲρ</span> <span class='ocrx_word' id='word_1_383' title='bbox 2081 481 2234 533; x_wconf 80' lang='grc' dir='ltr'>μεγάλου</span> <span class='ocrx_word' id='word_1_384' title='bbox 2253 483 2433 533; x_wconf 74' lang='grc' dir='ltr'>λυπῆται,</span> 
     </span>
     <span class='ocr_line' id='line_1_59' title="bbox 1395 536 2045 590; baseline 0.002 -16"><span class='ocrx_word' id='word_1_385' title='bbox 1395 538 1457 575; x_wconf 83' lang='grc' dir='ltr'><strong>οὐκ</strong></span> <span class='ocrx_word' id='word_1_386' title='bbox 1476 537 1668 588; x_wconf 78' lang='grc' dir='ltr'>εὐδαίμων,</span> <span class='ocrx_word' id='word_1_387' title='bbox 1690 537 1780 576; x_wconf 80' lang='grc' dir='ltr'>ἀλλὰ</span> <span class='ocrx_word' id='word_1_388' title='bbox 1801 536 2045 590; x_wconf 82' lang='grc' dir='ltr'>κακοδαίμων.</span> 
     </span>
    </p>

    <p class='ocr_par' dir='ltr' id='par_1_28' title="bbox 1396 595 2453 1058">
     <span class='ocr_line' id='line_1_60' title="bbox 1452 595 2436 649; baseline 0.007 -16"><span class='ocrx_word' id='word_1_389' title='bbox 1452 595 1679 647; x_wconf 85' lang='lat' dir='ltr'><strong>(Sententiae</strong></span> <span class='ocrx_word' id='word_1_390' title='bbox 1693 596 1843 634; x_wconf 76' lang='lat' dir='ltr'><strong>selectae</strong></span> <span class='ocrx_word' id='word_1_391' title='bbox 1862 596 2096 646; x_wconf 91' lang='lat' dir='ltr'><strong>Democriti,</strong></span> <span class='ocrx_word' id='word_1_392' title='bbox 2111 597 2270 649; x_wconf 85' lang='lat' dir='ltr'><strong>Epicuri</strong></span> <span class='ocrx_word' id='word_1_393' title='bbox 2289 608 2328 639; x_wconf 86' lang='lat' dir='ltr'><strong>et</strong></span> <span class='ocrx_word' id='word_1_394' title='bbox 2337 600 2436 640; x_wconf 78' lang='lat' dir='ltr'><strong>alio-</strong></span> 
     </span>
     <span class='ocr_line' id='line_1_61' title="bbox 1396 653 2440 712; baseline 0.008 -22"><span class='ocrx_word' id='word_1_395' title='bbox 1396 666 1480 691; x_wconf 90' lang='lat' dir='ltr'><strong>rum</strong></span> <span class='ocrx_word' id='word_1_396' title='bbox 1496 654 1717 706; x_wconf 87' lang='lat' dir='ltr'><strong>philosoph.</strong></span> <span class='ocrx_word' id='word_1_397' title='bbox 1734 667 1756 692; x_wconf 91' lang='lat' dir='ltr'><strong>e</strong></span> <span class='ocrx_word' id='word_1_398' title='bbox 1769 655 1856 694; x_wconf 84' lang='lat' dir='ltr'><strong>cod.</strong></span> <span class='ocrx_word' id='word_1_399' title='bbox 1876 653 2001 705; x_wconf 87' lang='lat' dir='ltr'><strong>Lugd.</strong></span> <span class='ocrx_word' id='word_1_400' title='bbox 2023 655 2106 696; x_wconf 89' lang='lat' dir='ltr'><strong>Bat.</strong></span> <span class='ocrx_word' id='word_1_401' title='bbox 2123 657 2186 696; x_wconf 90' lang='lat' dir='ltr'><strong>ed.</strong></span> <span class='ocrx_word' id='word_1_402' title='bbox 2207 657 2254 699; x_wconf 86' lang='lat' dir='ltr'><strong>L.</strong></span> <span class='ocrx_word' id='word_1_403' title='bbox 2276 657 2324 697; x_wconf 83' lang='lat' dir='ltr'><strong>R.</strong></span> <span class='ocrx_word' id='word_1_404' title='bbox 2340 658 2440 712; x_wconf 76' lang='lat' dir='ltr'><strong>Bey-</strong></span> 
     </span>
     <span class='ocr_line' id='line_1_62' title="bbox 1399 711 2453 771; baseline 0.008 -21"><span class='ocrx_word' id='word_1_405' title='bbox 1399 724 1474 750; x_wconf 89' lang='lat' dir='ltr'><strong>nen</strong></span> <span class='ocrx_word' id='word_1_406' title='bbox 1499 711 1703 766; x_wconf 81' lang='lat' dir='ltr'><strong>[Lugduni</strong></span> <span class='ocrx_word' id='word_1_407' title='bbox 1731 713 1965 752; x_wconf 84' lang='lat' dir='ltr'><strong>Batavorum</strong></span> <span class='ocrx_word' id='word_1_408' title='bbox 2001 714 2368 771; x_wconf 83' lang='lat' dir='ltr'><strong>MDcccxxxvll]</strong></span> <span class='ocrx_word' id='word_1_409' title='bbox 2395 731 2453 758; x_wconf 82' lang='lat' dir='ltr'><strong>n..</strong></span> 
     </span>
     <span class='ocr_line' id='line_1_63' title="bbox 1402 771 2440 826; baseline 0.009 -19"><span class='ocrx_word' id='word_1_410' title='bbox 1402 771 1475 808; x_wconf 85' lang='lat'><strong>168</strong></span> <span class='ocrx_word' id='word_1_411' title='bbox 1493 783 1580 822; x_wconf 85' lang='lat' dir='ltr'><strong>pag.</strong></span> <span class='ocrx_word' id='word_1_412' title='bbox 1603 772 1664 810; x_wconf 84' lang='lat'><strong>26.</strong></span> <span class='ocrx_word' id='word_1_413' title='bbox 1685 771 1762 810; x_wconf 86' lang='lat' dir='ltr'><strong>Pro</strong></span> <span class='ocrx_word' id='word_1_414' title='bbox 1783 771 1943 821; x_wconf 87' lang='grc' dir='ltr'>Μηιδου,</span> <span class='ocrx_word' id='word_1_415' title='bbox 1958 774 2065 824; x_wconf 90' lang='lat' dir='ltr'><strong>quod</strong></span> <span class='ocrx_word' id='word_1_416' title='bbox 2078 773 2120 811; x_wconf 89' lang='lat' dir='ltr'><strong>in</strong></span> <span class='ocrx_word' id='word_1_417' title='bbox 2134 774 2268 815; x_wconf 85' lang='lat' dir='ltr'><strong>codice</strong></span> <span class='ocrx_word' id='word_1_418' title='bbox 2280 775 2440 826; x_wconf 75' lang='lat' dir='ltr'><strong>legitur,</strong></span> 
     </span>
     <span class='ocr_line' id='line_1_64' title="bbox 1398 828 2437 882; baseline 0.008 -16"><span class='ocrx_word' id='word_1_419' title='bbox 1398 829 1555 880; x_wconf 88' lang='lat' dir='ltr'><strong>reposui</strong></span> <span class='ocrx_word' id='word_1_420' title='bbox 1570 828 1682 868; x_wconf 90' lang='grc' dir='ltr'>Μίδου</span> <span class='ocrx_word' id='word_1_421' title='bbox 1697 830 1809 881; x_wconf 83' lang='lat' dir='ltr'><strong>cujus</strong></span> <span class='ocrx_word' id='word_1_422' title='bbox 1825 839 1924 869; x_wconf 87' lang='lat' dir='ltr'><strong>notae</strong></span> <span class='ocrx_word' id='word_1_423' title='bbox 1933 839 2023 871; x_wconf 88' lang='lat' dir='ltr'><strong>sunt</strong></span> <span class='ocrx_word' id='word_1_424' title='bbox 2031 831 2194 872; x_wconf 87' lang='lat' dir='ltr'><strong>divitiae.</strong></span> <span class='ocrx_word' id='word_1_425' title='bbox 2210 832 2298 874; x_wconf 85' lang='lat' dir='ltr'><strong>Vid.</strong></span> <span class='ocrx_word' id='word_1_426' title='bbox 2312 833 2437 882; x_wconf 84' lang='lat' dir='ltr'><strong>Cicer.</strong></span> 
     </span>
     <span class='ocr_line' id='line_1_65' title="bbox 1398 887 2439 943; baseline 0.008 -19"><span class='ocrx_word' id='word_1_427' title='bbox 1398 887 1454 924; x_wconf 89' lang='lat' dir='ltr'><strong>De</strong></span> <span class='ocrx_word' id='word_1_428' title='bbox 1474 888 1553 927; x_wconf 89' lang='lat' dir='ltr'><strong>div.</strong></span> <span class='ocrx_word' id='word_1_429' title='bbox 1582 902 1617 935; x_wconf 91' lang='lat'><strong>1,</strong></span> <span class='ocrx_word' id='word_1_430' title='bbox 1641 889 1709 935; x_wconf 82' lang='lat'><strong>36,</strong></span> <span class='ocrx_word' id='word_1_431' title='bbox 1732 889 1928 929; x_wconf 90' lang='lat' dir='ltr'><strong>scholiast.</strong></span> <span class='ocrx_word' id='word_1_432' title='bbox 1947 890 2147 941; x_wconf 82' lang='lat' dir='ltr'><strong>Aristoph.</strong></span> <span class='ocrx_word' id='word_1_433' title='bbox 2171 890 2276 930; x_wconf 88' lang='lat' dir='ltr'><strong>Plut.</strong></span> <span class='ocrx_word' id='word_1_434' title='bbox 2298 905 2341 933; x_wconf 79' lang='lat' dir='ltr'><strong>v,</strong></span> <span class='ocrx_word' id='word_1_435' title='bbox 2362 893 2439 943; x_wconf 82' lang='lat'><strong>287</strong></span> 
     </span>
     <span class='ocr_line' id='line_1_66' title="bbox 1397 946 2442 1002; baseline 0.006 -18"><span class='ocrx_word' id='word_1_436' title='bbox 1397 954 1436 984; x_wconf 90' lang='lat' dir='ltr'><strong>et</strong></span> <span class='ocrx_word' id='word_1_437' title='bbox 1460 946 1686 996; x_wconf 88' lang='lat' dir='ltr'><strong>Diogenian.</strong></span> <span class='ocrx_word' id='word_1_438' title='bbox 1706 946 1796 995; x_wconf 87' lang='lat' dir='ltr'><strong>Vll,</strong></span> <span class='ocrx_word' id='word_1_439' title='bbox 1828 952 1892 992; x_wconf 79' lang='lat'><strong>42·</strong></span> <span class='ocrx_word' id='word_1_440' title='bbox 1918 947 2107 987; x_wconf 84' lang='lat' dir='ltr'><strong>Praeterea</strong></span> <span class='ocrx_word' id='word_1_441' title='bbox 2129 947 2190 988; x_wconf 80' lang='grc' dir='ltr'><strong>καὶ</strong></span> <span class='ocrx_word' id='word_1_442' title='bbox 2213 949 2442 1002; x_wconf 78' lang='lat' dir='ltr'><strong>particulam</strong></span> 
     </span>
     <span class='ocr_line' id='line_1_67' title="bbox 1398 1005 1803 1058; baseline 0.007 -16"><span class='ocrx_word' id='word_1_443' title='bbox 1398 1014 1487 1055; x_wconf 91' lang='lat' dir='ltr'><strong>post</strong></span> <span class='ocrx_word' id='word_1_444' title='bbox 1506 1005 1587 1043; x_wconf 83' lang='grc' dir='ltr'>ἄνευ</span> <span class='ocrx_word' id='word_1_445' title='bbox 1607 1005 1643 1043; x_wconf 82' lang='grc' dir='ltr'><strong>δὲ</strong></span> <span class='ocrx_word' id='word_1_446' title='bbox 1659 1006 1803 1058; x_wconf 87' lang='lat' dir='ltr'><strong>omisi.)</strong></span> 
     </span>
    </p>

    <p class='ocr_par' dir='ltr' id='par_1_29' title="bbox 1398 1063 2443 1175">
     <span class='ocr_line' id='line_1_68' title="bbox 1452 1063 2443 1120; baseline 0.006 -19"><span class='ocrx_word' id='word_1_447' title='bbox 1452 1077 1520 1104; x_wconf 84' lang='lat'><strong>277.</strong></span> <span class='ocrx_word' id='word_1_448' title='bbox 1554 1063 1655 1102; x_wconf 81' lang='grc' dir='ltr'>Εἰσὶν</span> <span class='ocrx_word' id='word_1_449' title='bbox 1679 1065 1710 1102; x_wconf 75' lang='grc' dir='ltr'><strong>οἳ</strong></span> <span class='ocrx_word' id='word_1_450' title='bbox 1727 1065 1799 1109; x_wconf 83' lang='grc' dir='ltr'>τοῖς</span> <span class='ocrx_word' id='word_1_451' title='bbox 1826 1064 1969 1109; x_wconf 88' lang='grc' dir='ltr'>πολλοῖς</span> <span class='ocrx_word' id='word_1_452' title='bbox 1987 1064 2189 1117; x_wconf 81' lang='grc' dir='ltr'>ἀρέσκοντες</span> <span class='ocrx_word' id='word_1_453' title='bbox 2206 1065 2332 1118; x_wconf 79' lang='grc' dir='ltr'>γάλλοι</span> <span class='ocrx_word' id='word_1_454' title='bbox 2353 1067 2443 1120; x_wconf 58' lang='lat' dir='ltr'><strong>pa).-</strong></span> 
     </span>
     <span class='ocr_line' id='line_1_69' title="bbox 1398 1121 1720 1175; baseline 0.003 -14"><span class='ocrx_word' id='word_1_455' title='bbox 1398 1124 1456 1161; x_wconf 89' lang='grc' dir='ltr'><strong>λον</strong></span> <span class='ocrx_word' id='word_1_456' title='bbox 1485 1122 1507 1168; x_wconf 80' lang='grc' dir='ltr'>ἢ</span> <span class='ocrx_word' id='word_1_457' title='bbox 1528 1121 1720 1175; x_wconf 85' lang='grc' dir='ltr'>φιλόσοφοι.</span> 
     </span>
    </p>

    <p class='ocr_par' dir='ltr' id='par_1_30' title="bbox 1454 1179 2275 1236">
     <span class='ocr_line' id='line_1_70' title="bbox 1454 1179 2275 1236; baseline 0.002 -18"><span class='ocrx_word' id='word_1_458' title='bbox 1454 1179 1816 1232; x_wconf 88' lang='lat' dir='ltr'><strong>(Pseudodiogenes</strong></span> <span class='ocrx_word' id='word_1_459' title='bbox 1830 1181 1953 1234; x_wconf 88' lang='lat' dir='ltr'><strong>Epist.</strong></span> <span class='ocrx_word' id='word_1_460' title='bbox 1982 1181 2031 1220; x_wconf 89' lang='lat' dir='ltr'><strong>ad</strong></span> <span class='ocrx_word' id='word_1_461' title='bbox 2050 1181 2275 1236; x_wconf 85' lang='lat' dir='ltr'><strong>Cratetem.)</strong></span> 
     </span>
    </p>

    <p class='ocr_par' dir='ltr' id='par_1_31' title="bbox 1452 1239 1776 1290">
     <span class='ocr_line' id='line_1_71' title="bbox 1452 1239 1776 1290; baseline -0.006 -12"><span class='ocrx_word' id='word_1_462' title='bbox 1452 1252 1519 1278; x_wconf 86' lang='grc'><strong>278.</strong></span> <span class='ocrx_word' id='word_1_463' title='bbox 1552 1242 1614 1278; x_wconf 82' lang='grc' dir='ltr'>Δεῖ</span> <span class='ocrx_word' id='word_1_464' title='bbox 1645 1239 1776 1290; x_wconf 83' lang='grc' dir='ltr'>ζητεῖν,</span> 
     </span>
    </p>
   </div>
   <div class='ocr_carea' id='block_1_20' title="bbox 1504 1326 2460 1371">
    <p class='ocr_par' dir='ltr' id='par_1_32' title="bbox 1504 1326 2460 1371">
     <span class='ocr_line' id='line_1_72' title="bbox 1504 1326 2460 1371; baseline 0.003 -13"><span class='ocrx_word' id='word_1_465' title='bbox 1504 1327 1593 1358; x_wconf 89' lang='grc' dir='ltr'>Ὅττι</span> <span class='ocrx_word' id='word_1_466' title='bbox 1609 1337 1655 1358; x_wconf 90' lang='grc' dir='ltr'><strong>τοι</strong></span> <span class='ocrx_word' id='word_1_467' title='bbox 1677 1327 1708 1359; x_wconf 86' lang='grc' dir='ltr'><strong>ἐν</strong></span> <span class='ocrx_word' id='word_1_468' title='bbox 1727 1326 1888 1368; x_wconf 82' lang='grc' dir='ltr'>μεγάροισι</span> <span class='ocrx_word' id='word_1_469' title='bbox 1905 1327 2003 1359; x_wconf 83' lang='grc' dir='ltr'>κακόν</span> <span class='ocrx_word' id='word_1_470' title='bbox 2019 1326 2046 1359; x_wconf 81' lang='grc' dir='ltr'><strong>τ’</strong></span> <span class='ocrx_word' id='word_1_471' title='bbox 2055 1326 2172 1368; x_wconf 72' lang='grc' dir='ltr'>ἀγαθόν</span> <span class='ocrx_word' id='word_1_472' title='bbox 2183 1338 2218 1360; x_wconf 82' lang='grc' dir='ltr'><strong>τε</strong></span> <span class='ocrx_word' id='word_1_473' title='bbox 2229 1327 2383 1361; x_wconf 74' lang='grc' dir='ltr'>τέτυκται.</span> <span class='ocrx_word' id='word_1_474' title='bbox 2430 1368 2434 1371; x_wconf 19' lang='lat' dir='ltr'>v</span> <span class='ocrx_word' id='word_1_475' title='bbox 2457 1339 2460 1342; x_wconf 60' lang='lat'><em>⁴</em></span> 
     </span>
    </p>
   </div>
   <div class='ocr_carea' id='block_1_21' title="bbox 1403 1402 2466 1867">
    <p class='ocr_par' dir='ltr' id='par_1_33' title="bbox 1403 1402 2449 1630">
     <span class='ocr_line' id='line_1_73' title="bbox 1456 1402 2446 1455; baseline 0.006 -16"><span class='ocrx_word' id='word_1_476' title='bbox 1456 1403 1663 1455; x_wconf 86' lang='lat' dir='ltr'><strong>(Diogenes</strong></span> <span class='ocrx_word' id='word_1_477' title='bbox 1680 1402 1855 1441; x_wconf 86' lang='lat' dir='ltr'><strong>Laertius</strong></span> <span class='ocrx_word' id='word_1_478' title='bbox 1874 1403 1917 1441; x_wconf 92' lang='lat' dir='ltr'><strong>in</strong></span> <span class='ocrx_word' id='word_1_479' title='bbox 1945 1404 2025 1441; x_wconf 90' lang='lat' dir='ltr'><strong>vita</strong></span> <span class='ocrx_word' id='word_1_480' title='bbox 2043 1403 2259 1444; x_wconf 86' lang='lat' dir='ltr'><strong>Menedemi</strong></span> <span class='ocrx_word' id='word_1_481' title='bbox 2283 1404 2353 1444; x_wconf 88' lang='lat' dir='ltr'><strong>lib.</strong></span> <span class='ocrx_word' id='word_1_482' title='bbox 2371 1404 2422 1444; x_wconf 81' lang='lat' dir='ltr'><strong>vl</strong></span> <span class='ocrx_word' id='word_1_483' title='bbox 2435 1435 2446 1454; x_wconf 95' lang='lat'>,</span> 
     </span>
     <span class='ocr_line' id='line_1_74' title="bbox 1408 1460 2445 1514; baseline 0.003 -16"><span class='ocrx_word' id='word_1_484' title='bbox 1408 1463 1479 1499; x_wconf 80' lang='lat'><strong>103</strong></span> <span class='ocrx_word' id='word_1_485' title='bbox 1502 1474 1511 1500; x_wconf 74' lang='grc' dir='ltr'>ε</span> <span class='ocrx_word' id='word_1_486' title='bbox 1532 1460 1591 1499; x_wconf 80' lang='grc' dir='ltr'><strong>καὶ</strong></span> <span class='ocrx_word' id='word_1_487' title='bbox 1611 1461 1696 1514; x_wconf 80' lang='grc' dir='ltr'>ὅπερ</span> <span class='ocrx_word' id='word_1_488' title='bbox 1724 1461 1813 1505; x_wconf 86' lang='grc' dir='ltr'>τινὲς</span> <span class='ocrx_word' id='word_1_489' title='bbox 1835 1461 1892 1500; x_wconf 79' lang='grc' dir='ltr'><strong>ἐπὶ</strong></span> <span class='ocrx_word' id='word_1_490' title='bbox 1908 1461 2136 1514; x_wconf 76' lang='grc' dir='ltr'>Σωκράτους,</span> <span class='ocrx_word' id='word_1_491' title='bbox 2163 1466 2263 1502; x_wconf 75' lang='grc' dir='ltr'>τοῦτο</span> <span class='ocrx_word' id='word_1_492' title='bbox 2293 1464 2445 1510; x_wconf 67' lang='grc' dir='ltr'>Διοκλῆς</span> 
     </span>
     <span class='ocr_line' id='line_1_75' title="bbox 1403 1519 2449 1575; baseline 0.003 -18"><span class='ocrx_word' id='word_1_493' title='bbox 1403 1519 1460 1558; x_wconf 84' lang='grc' dir='ltr'><strong>ἐπὶ</strong></span> <span class='ocrx_word' id='word_1_494' title='bbox 1481 1519 1662 1572; x_wconf 87' lang='grc' dir='ltr'>Διογένους</span> <span class='ocrx_word' id='word_1_495' title='bbox 1682 1519 1896 1574; x_wconf 85' lang='grc' dir='ltr'>ἀναγράφει,</span> <span class='ocrx_word' id='word_1_496' title='bbox 1918 1524 2039 1560; x_wconf 65' lang='grc' dir='ltr'>τοῦτον</span> <span class='ocrx_word' id='word_1_497' title='bbox 2060 1521 2203 1575; x_wconf 86' lang='grc' dir='ltr'>φάσκων</span> <span class='ocrx_word' id='word_1_498' title='bbox 2229 1522 2360 1574; x_wconf 82' lang='grc' dir='ltr'>λέγειν,</span> <span class='ocrx_word' id='word_1_499' title='bbox 2386 1525 2449 1562; x_wconf 84' lang='grc' dir='ltr'>Δεῖ</span> 
     </span>
     <span class='ocr_line' id='line_1_76' title="bbox 1403 1579 1628 1630; baseline 0.009 -14"><span class='ocrx_word' id='word_1_500' title='bbox 1403 1580 1516 1626; x_wconf 88' lang='grc' dir='ltr'>ζητεῖν</span> <span class='ocrx_word' id='word_1_501' title='bbox 1533 1579 1628 1630; x_wconf 86' lang='grc' dir='ltr'>κτλ.)</span> 
     </span>
    </p>

    <p class='ocr_par' dir='ltr' id='par_1_34' title="bbox 1404 1637 2466 1802">
     <span class='ocr_line' id='line_1_77' title="bbox 1458 1637 2466 1692; baseline 0.002 -16"><span class='ocrx_word' id='word_1_502' title='bbox 1458 1650 1523 1678; x_wconf 83' lang='grc'><strong>279.</strong></span> <span class='ocrx_word' id='word_1_503' title='bbox 1557 1637 1600 1676; x_wconf 92' lang='grc' dir='ltr'>Ὁ</span> <span class='ocrx_word' id='word_1_504' title='bbox 1621 1637 1786 1690; x_wconf 87' lang='grc' dir='ltr'>Διογένης</span> <span class='ocrx_word' id='word_1_505' title='bbox 1801 1638 1888 1690; x_wconf 70' lang='grc' dir='ltr'>πρὸς</span> <span class='ocrx_word' id='word_1_506' title='bbox 1911 1638 1968 1676; x_wconf 79' lang='grc' dir='ltr'><strong>τὸν</strong></span> <span class='ocrx_word' id='word_1_507' title='bbox 1985 1638 2224 1678; x_wconf 78' lang='grc' dir='ltr'>ἐπιδεικνύντα</span> <span class='ocrx_word' id='word_1_508' title='bbox 2250 1640 2345 1692; x_wconf 77' lang='grc' dir='ltr'>αὐτῷ</span> <span class='ocrx_word' id='word_1_509' title='bbox 2358 1638 2466 1692; x_wconf 38' lang='lat' dir='ltr'><strong>&amp;po-&#39;⁵</strong></span> 
     </span>
     <span class='ocr_line' id='line_1_78' title="bbox 1404 1695 2452 1750; baseline -0.001 -15"><span class='ocrx_word' id='word_1_510' title='bbox 1404 1697 1559 1744; x_wconf 87' lang='grc' dir='ltr'>σκόπιον,</span> <span class='ocrx_word' id='word_1_511' title='bbox 1581 1695 1780 1750; x_wconf 84' lang='grc' dir='ltr'>Χρήσιμον,</span> <span class='ocrx_word' id='word_1_512' title='bbox 1807 1695 1888 1749; x_wconf 88' lang='grc' dir='ltr'>ἔφη,</span> <span class='ocrx_word' id='word_1_513' title='bbox 1900 1696 1940 1735; x_wconf 81' lang='grc' dir='ltr'><strong>τὸ</strong></span> <span class='ocrx_word' id='word_1_514' title='bbox 1961 1696 2059 1749; x_wconf 83' lang='grc' dir='ltr'>ἔργον</span> <span class='ocrx_word' id='word_1_515' title='bbox 2077 1697 2160 1750; x_wconf 79' lang='grc' dir='ltr'>πρὸς</span> <span class='ocrx_word' id='word_1_516' title='bbox 2176 1697 2215 1736; x_wconf 84' lang='grc' dir='ltr'><strong>τὸ</strong></span> <span class='ocrx_word' id='word_1_517' title='bbox 2234 1695 2283 1745; x_wconf 85' lang='grc' dir='ltr'><strong>μὴ</strong></span> <span class='ocrx_word' id='word_1_518' title='bbox 2304 1699 2452 1749; x_wconf 74' lang='grc' dir='ltr'>ὑστερῆ-</span> 
     </span>
     <span class='ocr_line' id='line_1_79' title="bbox 1405 1755 1790 1802; baseline 0.003 -8"><span class='ocrx_word' id='word_1_519' title='bbox 1405 1771 1464 1794; x_wconf 91' lang='grc' dir='ltr'><strong>σαι</strong></span> <span class='ocrx_word' id='word_1_520' title='bbox 1479 1755 1631 1795; x_wconf 83' lang='grc' dir='ltr'>δείπνου.</span> <span class='ocrx_word' id='word_1_521' title='bbox 1787 1800 1790 1802; x_wconf 43' lang='grc'>,</span> 
     </span>
    </p>

    <p class='ocr_par' dir='ltr' id='par_1_35' title="bbox 1459 1814 2157 1867">
     <span class='ocr_line' id='line_1_80' title="bbox 1459 1814 2157 1867; baseline 0.001 -16"><span class='ocrx_word' id='word_1_522' title='bbox 1459 1815 1664 1867; x_wconf 83' lang='lat' dir='ltr'><strong>(Diogenes</strong></span> <span class='ocrx_word' id='word_1_523' title='bbox 1684 1814 1858 1852; x_wconf 79' lang='lat' dir='ltr'><strong>Laertius</strong></span> <span class='ocrx_word' id='word_1_524' title='bbox 1877 1814 1948 1853; x_wconf 86' lang='lat' dir='ltr'><strong>lib.</strong></span> <span class='ocrx_word' id='word_1_525' title='bbox 1966 1814 2031 1862; x_wconf 86' lang='lat' dir='ltr'><strong>vl,</strong></span> <span class='ocrx_word' id='word_1_526' title='bbox 2059 1815 2157 1865; x_wconf 63' lang='grc' dir='ltr'>τοι..)</span> 
     </span>
    </p>
   </div>
   <div class='ocr_carea' id='block_1_22' title="bbox 1461 1868 2472 1927">
    <p class='ocr_par' dir='ltr' id='par_1_36' title="bbox 1461 1868 2472 1927">
     <span class='ocr_line' id='line_1_81' title="bbox 1461 1868 2472 1927; baseline -0.01 -14"><span class='ocrx_word' id='word_1_527' title='bbox 1461 1886 1529 1913; x_wconf 81' lang='lat'><strong>280.</strong></span> <span class='ocrx_word' id='word_1_528' title='bbox 1561 1871 1657 1924; x_wconf 83' lang='grc' dir='ltr'>Πρὸς</span> <span class='ocrx_word' id='word_1_529' title='bbox 1679 1872 1737 1910; x_wconf 81' lang='grc' dir='ltr'><strong>τὸν</strong></span> <span class='ocrx_word' id='word_1_530' title='bbox 1756 1872 1994 1911; x_wconf 81' lang='grc' dir='ltr'>ἐπιδεικνύντα</span> <span class='ocrx_word' id='word_1_531' title='bbox 2018 1873 2111 1926; x_wconf 81' lang='grc' dir='ltr'>αὐτῷ</span> <span class='ocrx_word' id='word_1_532' title='bbox 2132 1870 2301 1924; x_wconf 73' lang='grc' dir='ltr'>μουσικὴν</span> <span class='ocrx_word' id='word_1_533' title='bbox 2318 1872 2397 1927; x_wconf 82' lang='grc' dir='ltr'>ἔφη·</span> <span class='ocrx_word' id='word_1_534' title='bbox 2419 1872 2423 1881; x_wconf 86' lang='grc'><em>’</em></span> <span class='ocrx_word' id='word_1_535' title='bbox 2459 1868 2472 1903; x_wconf 60' lang='grc' dir='ltr'><strong>’ᾗ</strong></span> 
     </span>
    </p>
   </div>
   <div class='ocr_carea' id='block_1_23' title="bbox 1511 1964 2311 2055">
    <p class='ocr_par' dir='ltr' id='par_1_37' title="bbox 1511 1964 2311 2055">
     <span class='ocr_line' id='line_1_82' title="bbox 1512 1964 2311 2007; baseline 0.003 -10"><span class='ocrx_word' id='word_1_536' title='bbox 1512 1964 1656 2006; x_wconf 79' lang='grc' dir='ltr'>Γνώμαις</span> <span class='ocrx_word' id='word_1_537' title='bbox 1678 1965 1737 2007; x_wconf 81' lang='grc' dir='ltr'><strong>γὰρ</strong></span> <span class='ocrx_word' id='word_1_538' title='bbox 1757 1965 1877 2006; x_wconf 84' lang='grc' dir='ltr'>ἀνδρῶν</span> <span class='ocrx_word' id='word_1_539' title='bbox 1893 1964 1927 1997; x_wconf 76' lang='grc' dir='ltr'>εὖ</span> <span class='ocrx_word' id='word_1_540' title='bbox 1946 1965 1999 2006; x_wconf 84' lang='grc' dir='ltr'><strong>μὲν</strong></span> <span class='ocrx_word' id='word_1_541' title='bbox 2018 1966 2175 1997; x_wconf 80' lang='grc' dir='ltr'>οἰκοῦνται</span> <span class='ocrx_word' id='word_1_542' title='bbox 2188 1966 2311 2007; x_wconf 80' lang='grc' dir='ltr'>πόλεις,</span> 
     </span>
     <span class='ocr_line' id='line_1_83' title="bbox 1511 2011 2261 2055; baseline 0.003 -12"><span class='ocrx_word' id='word_1_543' title='bbox 1511 2011 1554 2043; x_wconf 56' lang='lat' dir='ltr'><strong>Ee</strong></span> <span class='ocrx_word' id='word_1_544' title='bbox 1571 2012 1598 2043; x_wconf 87' lang='grc' dir='ltr'><strong>δ’</strong></span> <span class='ocrx_word' id='word_1_545' title='bbox 1618 2012 1715 2052; x_wconf 83' lang='grc' dir='ltr'>οἶκος,</span> <span class='ocrx_word' id='word_1_546' title='bbox 1734 2012 1770 2044; x_wconf 84' lang='grc' dir='ltr'><strong>οὐ</strong></span> <span class='ocrx_word' id='word_1_547' title='bbox 1793 2013 1948 2054; x_wconf 81' lang='grc' dir='ltr'>ψαλμοῖσι</span> <span class='ocrx_word' id='word_1_548' title='bbox 1965 2013 2018 2044; x_wconf 90' lang='grc' dir='ltr'><strong>καὶ</strong></span> <span class='ocrx_word' id='word_1_549' title='bbox 2033 2013 2261 2055; x_wconf 82' lang='grc' dir='ltr'>τερετίσμασιν.</span> 
     </span>
    </p>
   </div>
   <div class='ocr_carea' id='block_1_24' title="bbox 1410 2092 2453 2322">
    <p class='ocr_par' dir='ltr' id='par_1_38' title="bbox 1465 2092 2172 2146">
     <span class='ocr_line' id='line_1_84' title="bbox 1465 2092 2172 2146; baseline 0.004 -16"><span class='ocrx_word' id='word_1_550' title='bbox 1465 2092 1670 2145; x_wconf 84' lang='lat' dir='ltr'><strong>(Diogenes</strong></span> <span class='ocrx_word' id='word_1_551' title='bbox 1690 2096 1866 2134; x_wconf 86' lang='lat' dir='ltr'><strong>Laertius</strong></span> <span class='ocrx_word' id='word_1_552' title='bbox 1891 2095 1963 2134; x_wconf 92' lang='lat' dir='ltr'><strong>lib.</strong></span> <span class='ocrx_word' id='word_1_553' title='bbox 1978 2095 2044 2143; x_wconf 85' lang='lat' dir='ltr'><strong>vl,</strong></span> <span class='ocrx_word' id='word_1_554' title='bbox 2071 2096 2172 2146; x_wconf 71' lang='grc' dir='ltr'>τοι..)</span> 
     </span>
    </p>

    <p class='ocr_par' dir='ltr' id='par_1_39' title="bbox 1410 2147 2453 2265">
     <span class='ocr_line' id='line_1_85' title="bbox 1464 2147 2453 2206; baseline 0.004 -18"><span class='ocrx_word' id='word_1_555' title='bbox 1464 2164 1531 2190; x_wconf 76' lang='lat'><strong>281.</strong></span> <span class='ocrx_word' id='word_1_556' title='bbox 1560 2151 1722 2206; x_wconf 87' lang='grc' dir='ltr'>Ἔφασκε</span> <span class='ocrx_word' id='word_1_557' title='bbox 1744 2155 1830 2191; x_wconf 81' lang='grc' dir='ltr'>θεῶν</span> <span class='ocrx_word' id='word_1_558' title='bbox 1849 2152 1911 2204; x_wconf 87' lang='grc' dir='ltr'><strong>μὲν</strong></span> <span class='ocrx_word' id='word_1_559' title='bbox 1925 2153 2010 2192; x_wconf 81' lang='grc' dir='ltr'>ἴδιον</span> <span class='ocrx_word' id='word_1_560' title='bbox 2031 2147 2118 2192; x_wconf 64' lang='grc' dir='ltr'>εἶναι</span> <span class='ocrx_word' id='word_1_561' title='bbox 2138 2152 2286 2204; x_wconf 77' lang='grc' dir='ltr'>μηδενὸς</span> <span class='ocrx_word' id='word_1_562' title='bbox 2305 2154 2453 2192; x_wconf 78' lang='grc' dir='ltr'>δεῖσθαι·</span> 
     </span>
     <span class='ocr_line' id='line_1_86' title="bbox 1410 2211 2159 2265; baseline 0.003 -17"><span class='ocrx_word' id='word_1_563' title='bbox 1410 2212 1479 2248; x_wconf 79' lang='grc' dir='ltr'><strong>τῶν</strong></span> <span class='ocrx_word' id='word_1_564' title='bbox 1500 2211 1535 2248; x_wconf 84' lang='grc' dir='ltr'><strong>δὲ</strong></span> <span class='ocrx_word' id='word_1_565' title='bbox 1557 2212 1644 2255; x_wconf 84' lang='grc' dir='ltr'>θεοῖς</span> <span class='ocrx_word' id='word_1_566' title='bbox 1662 2211 1790 2262; x_wconf 79' lang='grc' dir='ltr'>ὁμοίων</span> <span class='ocrx_word' id='word_1_567' title='bbox 1809 2211 1848 2250; x_wconf 84' lang='grc' dir='ltr'><strong>τὸ</strong></span> <span class='ocrx_word' id='word_1_568' title='bbox 1865 2212 1991 2264; x_wconf 87' lang='grc' dir='ltr'>ὀλίγων</span> <span class='ocrx_word' id='word_1_569' title='bbox 2006 2212 2159 2265; x_wconf 76' lang='grc' dir='ltr'>χρῄζειν.</span> 
     </span>
    </p>

    <p class='ocr_par' dir='ltr' id='par_1_40' title="bbox 1467 2271 2170 2322">
     <span class='ocr_line' id='line_1_87' title="bbox 1467 2271 2170 2322; baseline 0.001 -13"><span class='ocrx_word' id='word_1_570' title='bbox 1467 2272 1672 2322; x_wconf 87' lang='lat' dir='ltr'><strong>(Diogenes</strong></span> <span class='ocrx_word' id='word_1_571' title='bbox 1691 2271 1864 2309; x_wconf 89' lang='lat' dir='ltr'><strong>Laertius</strong></span> <span class='ocrx_word' id='word_1_572' title='bbox 1885 2272 1952 2310; x_wconf 89' lang='lat' dir='ltr'><strong>lib.</strong></span> <span class='ocrx_word' id='word_1_573' title='bbox 1973 2271 2043 2319; x_wconf 87' lang='lat' dir='ltr'><strong>vl,</strong></span> <span class='ocrx_word' id='word_1_574' title='bbox 2068 2272 2170 2322; x_wconf 85' lang='lat'><strong>105.)</strong></span> 
     </span>
    </p>
   </div>
   <div class='ocr_carea' id='block_1_25' title="bbox 1417 2382 2469 2833">
    <p class='ocr_par' dir='ltr' id='par_1_41' title="bbox 1500 2382 2261 2464">
     <span class='ocr_line' id='line_1_88' title="bbox 1500 2382 2192 2419; baseline -0.001 -7"><span class='ocrx_word' id='word_1_575' title='bbox 1500 2383 1557 2412; x_wconf 84' lang='lat' dir='ltr'><strong>Rei</strong></span> <span class='ocrx_word' id='word_1_576' title='bbox 1573 2382 1714 2411; x_wconf 72' lang='lat' dir='ltr'><strong>secundm</strong></span> <span class='ocrx_word' id='word_1_577' title='bbox 1726 2383 1856 2419; x_wconf 80' lang='lat' dir='ltr'><strong>abyssus</strong></span> <span class='ocrx_word' id='word_1_578' title='bbox 1870 2382 1957 2410; x_wconf 81' lang='lat' dir='ltr'><strong>haud</strong></span> <span class='ocrx_word' id='word_1_579' title='bbox 1970 2385 2095 2419; x_wconf 78' lang='lat' dir='ltr'><strong>quttam</strong></span> <span class='ocrx_word' id='word_1_580' title='bbox 2107 2383 2192 2411; x_wconf 78' lang='lat' dir='ltr'><strong>valet</strong></span> 
     </span>
     <span class='ocr_line' id='line_1_89' title="bbox 1505 2434 2261 2464; baseline 0.001 -1"><span class='ocrx_word' id='word_1_581' title='bbox 1505 2434 1618 2464; x_wconf 78' lang='lat' dir='ltr'><strong>Mentis</strong></span> <span class='ocrx_word' id='word_1_582' title='bbox 1631 2443 1642 2464; x_wconf 90' lang='lat'><strong>.·</strong></span> <span class='ocrx_word' id='word_1_583' title='bbox 1659 2443 1762 2463; x_wconf 82' lang='lat' dir='ltr'><strong>carere</strong></span> <span class='ocrx_word' id='word_1_584' title='bbox 1774 2438 1878 2464; x_wconf 77' lang='lat' dir='ltr'><strong>mente</strong></span> <span class='ocrx_word' id='word_1_585' title='bbox 1891 2443 1967 2463; x_wconf 84' lang='lat' dir='ltr'><strong>nam</strong></span> <span class='ocrx_word' id='word_1_586' title='bbox 1980 2434 2192 2463; x_wconf 69' lang='lat' dir='ltr'><strong>misem—imum</strong></span> <span class='ocrx_word' id='word_1_587' title='bbox 2206 2438 2261 2464; x_wconf 75' lang='lat' dir='ltr'><strong>est.</strong></span> 
     </span>
    </p>

    <p class='ocr_par' dir='ltr' id='par_1_42' title="bbox 1417 2499 2469 2766">
     <span class='ocr_line' id='line_1_90' title="bbox 1460 2499 2469 2540; baseline 0 -8"><span class='ocrx_word' id='word_1_588' title='bbox 1460 2503 1531 2533; x_wconf 85' lang='grc'><strong>276.</strong></span> <span class='ocrx_word' id='word_1_589' title='bbox 1556 2500 1713 2539; x_wconf 82' lang='lat' dir='ltr'><strong>Diogenes</strong></span> <span class='ocrx_word' id='word_1_590' title='bbox 1737 2499 1884 2539; x_wconf 85' lang='lat' dir='ltr'><strong>dicebat,</strong></span> <span class='ocrx_word' id='word_1_591' title='bbox 1919 2508 2028 2531; x_wconf 85' lang='lat' dir='ltr'><strong>veram</strong></span> <span class='ocrx_word' id='word_1_592' title='bbox 2053 2500 2248 2540; x_wconf 78' lang='lat' dir='ltr'><strong>voluptatem</strong></span> <span class='ocrx_word' id='word_1_593' title='bbox 2291 2499 2324 2531; x_wconf 89' lang='lat' dir='ltr'><strong>in</strong></span> <span class='ocrx_word' id='word_1_594' title='bbox 2360 2499 2469 2532; x_wconf 77' lang='lat' dir='ltr'><strong>animi·</strong></span> 
     </span>
     <span class='ocr_line' id='line_1_91' title="bbox 1417 2557 2460 2599; baseline -0.001 -9"><span class='ocrx_word' id='word_1_595' title='bbox 1417 2557 1649 2599; x_wconf 76' lang='lat' dir='ltr'><strong>tranquillitate</strong></span> <span class='ocrx_word' id='word_1_596' title='bbox 1675 2559 1707 2590; x_wconf 78' lang='lat' dir='ltr'><strong>et</strong></span> <span class='ocrx_word' id='word_1_597' title='bbox 1732 2557 1889 2590; x_wconf 83' lang='lat' dir='ltr'><strong>hilaritate</strong></span> <span class='ocrx_word' id='word_1_598' title='bbox 1906 2557 2099 2597; x_wconf 86' lang='lat' dir='ltr'><strong>consistere;</strong></span> <span class='ocrx_word' id='word_1_599' title='bbox 2121 2566 2197 2590; x_wconf 86' lang='lat' dir='ltr'><strong>nam</strong></span> <span class='ocrx_word' id='word_1_600' title='bbox 2218 2558 2288 2590; x_wconf 73' lang='lat' dir='ltr'><strong>sine</strong></span> <span class='ocrx_word' id='word_1_601' title='bbox 2316 2557 2376 2590; x_wconf 81' lang='lat' dir='ltr'><strong>hac</strong></span> <span class='ocrx_word' id='word_1_602' title='bbox 2399 2565 2460 2590; x_wconf 83' lang='lat' dir='ltr'><strong>nec</strong></span> 
     </span>
     <span class='ocr_line' id='line_1_92' title="bbox 1418 2615 2461 2656; baseline -0.001 -7"><span class='ocrx_word' id='word_1_603' title='bbox 1418 2616 1513 2649; x_wconf 88' lang='lat' dir='ltr'><strong>Midae</strong></span> <span class='ocrx_word' id='word_1_604' title='bbox 1537 2625 1598 2648; x_wconf 91' lang='lat' dir='ltr'><strong>nec</strong></span> <span class='ocrx_word' id='word_1_605' title='bbox 1621 2617 1722 2648; x_wconf 78' lang='lat' dir='ltr'><strong>Croesi</strong></span> <span class='ocrx_word' id='word_1_606' title='bbox 1739 2615 1866 2648; x_wconf 86' lang='lat' dir='ltr'><strong>divitias</strong></span> <span class='ocrx_word' id='word_1_607' title='bbox 1882 2616 1976 2648; x_wconf 90' lang='lat' dir='ltr'><strong>utiles</strong></span> <span class='ocrx_word' id='word_1_608' title='bbox 1995 2624 2086 2656; x_wconf 89' lang='lat' dir='ltr'><strong>esse;</strong></span> <span class='ocrx_word' id='word_1_609' title='bbox 2113 2616 2139 2647; x_wconf 90' lang='lat' dir='ltr'><strong>si</strong></span> <span class='ocrx_word' id='word_1_610' title='bbox 2155 2616 2226 2656; x_wconf 84' lang='lat' dir='ltr'><strong>quis</strong></span> <span class='ocrx_word' id='word_1_611' title='bbox 2242 2624 2319 2648; x_wconf 83' lang='lat' dir='ltr'><strong>vero</strong></span> <span class='ocrx_word' id='word_1_612' title='bbox 2343 2616 2461 2648; x_wconf 68' lang='lat' dir='ltr'><strong>reeive</strong></span> 
     </span>
     <span class='ocr_line' id='line_1_93' title="bbox 1418 2673 2460 2717; baseline 0 -10"><span class='ocrx_word' id='word_1_613' title='bbox 1418 2684 1517 2717; x_wconf 83' lang='lat' dir='ltr'><strong>parva</strong></span> <span class='ocrx_word' id='word_1_614' title='bbox 1533 2675 1599 2707; x_wconf 88' lang='lat' dir='ltr'><strong>sive</strong></span> <span class='ocrx_word' id='word_1_615' title='bbox 1614 2684 1730 2716; x_wconf 83' lang='lat' dir='ltr'><strong>magna</strong></span> <span class='ocrx_word' id='word_1_616' title='bbox 1755 2675 1894 2715; x_wconf 88' lang='lat' dir='ltr'><strong>doleret,</strong></span> <span class='ocrx_word' id='word_1_617' title='bbox 1916 2683 1990 2707; x_wconf 92' lang='lat' dir='ltr'><strong>eum</strong></span> <span class='ocrx_word' id='word_1_618' title='bbox 2013 2683 2077 2706; x_wconf 90' lang='lat' dir='ltr'><strong>non</strong></span> <span class='ocrx_word' id='word_1_619' title='bbox 2101 2673 2252 2707; x_wconf 79' lang='lat' dir='ltr'><strong>felicitate</strong></span> <span class='ocrx_word' id='word_1_620' title='bbox 2270 2674 2339 2715; x_wconf 82' lang='lat' dir='ltr'><strong>nti,</strong></span> <span class='ocrx_word' id='word_1_621' title='bbox 2354 2675 2408 2707; x_wconf 79' lang='lat' dir='ltr'><strong>sed</strong></span> <span class='ocrx_word' id='word_1_622' title='bbox 2426 2675 2460 2707; x_wconf 81' lang='lat' dir='ltr'><strong>in</strong></span> 
     </span>
     <span class='ocr_line' id='line_1_94' title="bbox 1420 2733 1706 2766; baseline -0.003 0"><span class='ocrx_word' id='word_1_623' title='bbox 1420 2734 1554 2766; x_wconf 84' lang='lat' dir='ltr'><strong>miseriis</strong></span> <span class='ocrx_word' id='word_1_624' title='bbox 1572 2733 1706 2766; x_wconf 85' lang='lat' dir='ltr'><strong>versari.</strong></span> 
     </span>
    </p>

    <p class='ocr_par' dir='ltr' id='par_1_43' title="bbox 1462 2791 2459 2833">
     <span class='ocr_line' id='line_1_95' title="bbox 1462 2791 2459 2833; baseline -0.002 -8"><span class='ocrx_word' id='word_1_625' title='bbox 1462 2796 1534 2826; x_wconf 81' lang='grc'><strong>277.</strong></span> <span class='ocrx_word' id='word_1_626' title='bbox 1559 2792 1623 2830; x_wconf 90' lang='lat' dir='ltr'><strong>Qui</strong></span> <span class='ocrx_word' id='word_1_627' title='bbox 1633 2792 1828 2825; x_wconf 77' lang='lat' dir='ltr'><strong>multitudini</strong></span> <span class='ocrx_word' id='word_1_628' title='bbox 1841 2792 1977 2833; x_wconf 87' lang='lat' dir='ltr'><strong>placent,</strong></span> <span class='ocrx_word' id='word_1_629' title='bbox 1988 2791 2144 2832; x_wconf 84' lang='lat' dir='ltr'><strong>spadones</strong></span> <span class='ocrx_word' id='word_1_630' title='bbox 2154 2792 2261 2832; x_wconf 84' lang='lat' dir='ltr'><strong>potius</strong></span> <span class='ocrx_word' id='word_1_631' title='bbox 2273 2794 2349 2824; x_wconf 85' lang='lat' dir='ltr'><strong>sunt</strong></span> <span class='ocrx_word' id='word_1_632' title='bbox 2361 2798 2459 2832; x_wconf 82' lang='lat' dir='ltr'><strong>quam</strong></span> 
     </span>
    </p>
   </div>
   <div class='ocr_carea' id='block_1_26' title="bbox 1464 2906 2268 3002">
    <p class='ocr_par' dir='ltr' id='par_1_44' title="bbox 1464 2906 2268 3002">
     <span class='ocr_line' id='line_1_96' title="bbox 1464 2906 1820 2949; baseline -0.006 -8"><span class='ocrx_word' id='word_1_633' title='bbox 1464 2911 1540 2941; x_wconf 90' lang='grc'><strong>278.</strong></span> <span class='ocrx_word' id='word_1_634' title='bbox 1567 2906 1800 2949; x_wconf 86' lang='lat' dir='ltr'><strong>Inquirendum</strong></span> <span class='ocrx_word' id='word_1_635' title='bbox 1811 2930 1820 2946; x_wconf 90' lang='lat'>‚</span> 
     </span>
     <span class='ocr_line' id='line_1_97' title="bbox 1510 2965 2268 3002; baseline -0.001 -7"><span class='ocrx_word' id='word_1_636' title='bbox 1510 2966 1588 3001; x_wconf 85' lang='lat' dir='ltr'><strong>Quid</strong></span> <span class='ocrx_word' id='word_1_637' title='bbox 1609 2965 1745 2995; x_wconf 86' lang='lat' dir='ltr'><strong>domibus</strong></span> <span class='ocrx_word' id='word_1_638' title='bbox 1760 2965 1871 2994; x_wconf 87' lang='lat' dir='ltr'><strong>nostris</strong></span> <span class='ocrx_word' id='word_1_639' title='bbox 1885 2965 1969 3002; x_wconf 84' lang='lat' dir='ltr'><strong>pravi</strong></span> <span class='ocrx_word' id='word_1_640' title='bbox 1988 2965 2122 3001; x_wconf 85' lang='lat' dir='ltr'><strong>rectique</strong></span> <span class='ocrx_word' id='word_1_641' title='bbox 2135 2966 2268 3001; x_wconf 83' lang='lat' dir='ltr'><strong>geratur.</strong></span> 
     </span>
    </p>
   </div>
   <div class='ocr_carea' id='block_1_27' title="bbox 1423 3042 2481 3201">
    <p class='ocr_par' dir='ltr' id='par_1_45' title="bbox 1423 3042 2481 3201">
     <span class='ocr_line' id='line_1_98' title="bbox 1467 3042 2462 3083; baseline -0.001 -8"><span class='ocrx_word' id='word_1_642' title='bbox 1467 3045 1539 3075; x_wconf 89' lang='grc'><strong>279.</strong></span> <span class='ocrx_word' id='word_1_643' title='bbox 1564 3042 1719 3083; x_wconf 83' lang='lat' dir='ltr'><strong>Diogenes</strong></span> <span class='ocrx_word' id='word_1_644' title='bbox 1732 3042 1859 3074; x_wconf 86' lang='lat' dir='ltr'><strong>cuidam</strong></span> <span class='ocrx_word' id='word_1_645' title='bbox 1873 3042 2053 3075; x_wconf 81' lang='lat' dir='ltr'><strong>ostendenti</strong></span> <span class='ocrx_word' id='word_1_646' title='bbox 2072 3042 2131 3083; x_wconf 89' lang='lat' dir='ltr'><strong>ipsi</strong></span> <span class='ocrx_word' id='word_1_647' title='bbox 2153 3042 2352 3082; x_wconf 85' lang='lat' dir='ltr'><strong>horologium</strong></span> <span class='ocrx_word' id='word_1_648' title='bbox 2365 3065 2375 3081; x_wconf 93' lang='lat'><strong>‚</strong></span> <span class='ocrx_word' id='word_1_649' title='bbox 2400 3044 2462 3075; x_wconf 76' lang='lat' dir='ltr'><strong>Res</strong></span> 
     </span>
     <span class='ocr_line' id='line_1_99' title="bbox 1423 3092 2338 3146; baseline -0.001 -13"><span class='ocrx_word' id='word_1_650' title='bbox 1423 3109 1507 3146; x_wconf 66' lang='lat' dir='ltr'><strong>sane</strong></span> <span class='ocrx_word' id='word_1_651' title='bbox 1527 3102 1637 3140; x_wconf 76' lang='lat' dir='ltr'><strong>utilis,</strong></span> <span class='ocrx_word' id='word_1_652' title='bbox 1652 3102 1768 3142; x_wconf 86' lang='lat' dir='ltr'><strong>inquit,</strong></span> <span class='ocrx_word' id='word_1_653' title='bbox 1783 3109 1825 3133; x_wconf 79' lang='lat' dir='ltr'><strong>ne</strong></span> <span class='ocrx_word' id='word_1_654' title='bbox 1845 3109 1921 3133; x_wconf 85' lang='lat' dir='ltr'><strong>sero</strong></span> <span class='ocrx_word' id='word_1_655' title='bbox 1937 3101 1985 3133; x_wconf 88' lang='lat' dir='ltr'><strong>ad</strong></span> <span class='ocrx_word' id='word_1_656' title='bbox 1996 3109 2131 3133; x_wconf 80' lang='lat' dir='ltr'><strong>coenam</strong></span> <span class='ocrx_word' id='word_1_657' title='bbox 2148 3092 2338 3134; x_wconf 67' lang='lat' dir='ltr'><strong>veniamus.</strong></span> 
     </span>
     <span class='ocr_line' id='line_1_100' title="bbox 1467 3159 2481 3201; baseline -0.001 -9"><span class='ocrx_word' id='word_1_658' title='bbox 1467 3164 1538 3192; x_wconf 81' lang='lat'><strong>280.</strong></span> <span class='ocrx_word' id='word_1_659' title='bbox 1567 3163 1647 3193; x_wconf 77' lang='lat' dir='ltr'><strong>Eum</strong></span> <span class='ocrx_word' id='word_1_660' title='bbox 1661 3160 1717 3201; x_wconf 90' lang='lat' dir='ltr'><strong>qui</strong></span> <span class='ocrx_word' id='word_1_661' title='bbox 1728 3160 1883 3193; x_wconf 87' lang='lat' dir='ltr'><strong>musicam</strong></span> <span class='ocrx_word' id='word_1_662' title='bbox 1897 3160 1956 3201; x_wconf 89' lang='lat' dir='ltr'><strong>ipsi</strong></span> <span class='ocrx_word' id='word_1_663' title='bbox 1975 3160 2153 3192; x_wconf 79' lang='lat' dir='ltr'><strong>ostentabat</strong></span> <span class='ocrx_word' id='word_1_664' title='bbox 2165 3160 2211 3192; x_wconf 88' lang='lat' dir='ltr'><strong>sic</strong></span> <span class='ocrx_word' id='word_1_665' title='bbox 2222 3159 2378 3192; x_wconf 88' lang='lat' dir='ltr'><strong>allocutus</strong></span> <span class='ocrx_word' id='word_1_666' title='bbox 2393 3160 2461 3191; x_wconf 81' lang='lat' dir='ltr'><strong>est:</strong></span> <span class='ocrx_word' id='word_1_667' title='bbox 2476 3195 2481 3201; x_wconf 41' lang='lat'><em>¹</em></span> 
     </span>
    </p>
   </div>
   <div class='ocr_carea' id='block_1_28' title="bbox 1494 3235 2141 3326">
    <p class='ocr_par' dir='ltr' id='par_1_46' title="bbox 1494 3235 2141 3326">
     <span class='ocr_line' id='line_1_101' title="bbox 1494 3235 2141 3273; baseline 0.003 -11"><span class='ocrx_word' id='word_1_668' title='bbox 1494 3235 1600 3265; x_wconf 73' lang='lat' dir='ltr'><strong>Virum</strong></span> <span class='ocrx_word' id='word_1_669' title='bbox 1614 3236 1750 3266; x_wconf 85' lang='lat' dir='ltr'><strong>consiliis</strong></span> <span class='ocrx_word' id='word_1_670' title='bbox 1762 3236 1839 3266; x_wconf 88' lang='lat' dir='ltr'><strong>bene</strong></span> <span class='ocrx_word' id='word_1_671' title='bbox 1851 3237 1998 3271; x_wconf 74' lang='lat' dir='ltr'><strong>reguntur</strong></span> <span class='ocrx_word' id='word_1_672' title='bbox 2015 3235 2124 3273; x_wconf 87' lang='lat' dir='ltr'><strong>oppida</strong></span> <span class='ocrx_word' id='word_1_673' title='bbox 2133 3257 2141 3270; x_wconf 79' lang='grc'>,</span> 
     </span>
     <span class='ocr_line' id='line_1_102' title="bbox 1498 3288 2099 3326; baseline 0 -10"><span class='ocrx_word' id='word_1_674' title='bbox 1498 3288 1555 3317; x_wconf 86' lang='lat' dir='ltr'><strong>Sed</strong></span> <span class='ocrx_word' id='word_1_675' title='bbox 1569 3289 1653 3318; x_wconf 83' lang='lat' dir='ltr'><strong>nulla</strong></span> <span class='ocrx_word' id='word_1_676' title='bbox 1666 3291 1757 3318; x_wconf 82' lang='lat' dir='ltr'><strong>cantu</strong></span> <span class='ocrx_word' id='word_1_677' title='bbox 1773 3288 1860 3325; x_wconf 80' lang='lat' dir='ltr'><strong>dirigi</strong></span> <span class='ocrx_word' id='word_1_678' title='bbox 1874 3291 1963 3326; x_wconf 85' lang='lat' dir='ltr'><strong>queat</strong></span> <span class='ocrx_word' id='word_1_679' title='bbox 1982 3289 2099 3318; x_wconf 85' lang='lat' dir='ltr'><strong>domus.</strong></span> 
     </span>
    </p>
   </div>
   <div class='ocr_carea' id='block_1_29' title="bbox 1470 3357 2464 3401">
    <p class='ocr_par' dir='ltr' id='par_1_47' title="bbox 1470 3357 2464 3401">
     <span class='ocr_line' id='line_1_103' title="bbox 1470 3357 2464 3401; baseline 0 -11"><span class='ocrx_word' id='word_1_680' title='bbox 1470 3362 1541 3391; x_wconf 84' lang='grc'><strong>281.</strong></span> <span class='ocrx_word' id='word_1_681' title='bbox 1567 3360 1699 3392; x_wconf 84' lang='lat' dir='ltr'><strong>Dicebat</strong></span> <span class='ocrx_word' id='word_1_682' title='bbox 1711 3360 1846 3392; x_wconf 84' lang='lat' dir='ltr'><strong>deorum</strong></span> <span class='ocrx_word' id='word_1_683' title='bbox 1866 3369 1935 3392; x_wconf 87' lang='lat' dir='ltr'><strong>esse</strong></span> <span class='ocrx_word' id='word_1_684' title='bbox 1951 3359 2114 3401; x_wconf 84' lang='lat' dir='ltr'><strong>proprium</strong></span> <span class='ocrx_word' id='word_1_685' title='bbox 2133 3358 2220 3390; x_wconf 87' lang='lat' dir='ltr'><strong>nulla</strong></span> <span class='ocrx_word' id='word_1_686' title='bbox 2242 3366 2276 3390; x_wconf 89' lang='lat' dir='ltr'><strong>re</strong></span> <span class='ocrx_word' id='word_1_687' title='bbox 2299 3357 2464 3399; x_wconf 83' lang='lat' dir='ltr'><strong>indigere;</strong></span> 
     </span>
    </p>
   </div>
   <div class='ocr_carea' id='block_1_30' title="bbox 1396 3416 2457 3459">
    <p class='ocr_par' dir='ltr' id='par_1_48' title="bbox 1396 3416 2457 3459">
     <span class='ocr_line' id='line_1_104' title="bbox 1396 3416 2457 3459; baseline -0.003 -9"><span class='ocrx_word' id='word_1_688' title='bbox 1396 3424 1399 3450; x_wconf 89' lang='grc' dir='ltr'>Ι</span> <span class='ocrx_word' id='word_1_689' title='bbox 1426 3425 1535 3449; x_wconf 88' lang='lat' dir='ltr'><strong>eorum</strong></span> <span class='ocrx_word' id='word_1_690' title='bbox 1556 3426 1645 3458; x_wconf 84' lang='lat' dir='ltr'><strong>vero,</strong></span> <span class='ocrx_word' id='word_1_691' title='bbox 1667 3419 1721 3459; x_wconf 79' lang='lat' dir='ltr'><strong>qui</strong></span> <span class='ocrx_word' id='word_1_692' title='bbox 1734 3418 1795 3451; x_wconf 84' lang='lat' dir='ltr'><strong>diis</strong></span> <span class='ocrx_word' id='word_1_693' title='bbox 1810 3420 1918 3451; x_wconf 84' lang='lat' dir='ltr'><strong>essent</strong></span> <span class='ocrx_word' id='word_1_694' title='bbox 1935 3418 2067 3459; x_wconf 86' lang='lat' dir='ltr'><strong>similes,</strong></span> <span class='ocrx_word' id='word_1_695' title='bbox 2088 3417 2197 3459; x_wconf 86' lang='lat' dir='ltr'><strong>paucis</strong></span> <span class='ocrx_word' id='word_1_696' title='bbox 2217 3416 2311 3449; x_wconf 86' lang='lat' dir='ltr'><strong>rebus</strong></span> <span class='ocrx_word' id='word_1_697' title='bbox 2325 3424 2429 3456; x_wconf 79' lang='lat' dir='ltr'><strong>egere.</strong></span> <span class='ocrx_word' id='word_1_698' title='bbox 2455 3445 2457 3447; x_wconf 90' lang='lat'><strong>.</strong></span> 
     </span>
    </p>
   </div>
   <div class='ocr_carea' id='block_1_31' title="bbox 2516 0 2606 2543">
    <p class='ocr_par' dir='ltr' id='par_1_49' title="bbox 2516 0 2606 2543">
     <span class='ocr_line' id='line_1_105' title="bbox 2516 0 2606 2543; baseline 0 0"><span class='ocrx_word' id='word_1_699' title='bbox 2516 0 2606 2543; x_wconf 95' lang='lat' dir='ltr'><strong> </strong></span> 
     </span>
    </p>
   </div>
  </div>
 </body>
</html>
