<?xml version="1.0" encoding="UTF-8"?>
<!DOCTYPE html PUBLIC "-//W3C//DTD XHTML 1.0 Transitional//EN"
    "http://www.w3.org/TR/xhtml1/DTD/xhtml1-transitional.dtd">
<html xmlns="http://www.w3.org/1999/xhtml" xml:lang="en" lang="en">
 <head>
  <title>
</title>
<meta http-equiv="Content-Type" content="text/html;charset=utf-8" />
  <meta name='ocr-system' content='tesseract 3.04.00' />
  <meta name='ocr-capabilities' content='ocr_page ocr_carea ocr_par ocr_line ocrx_word'/>
</head>
<body>
  <div class='ocr_page' id='page_1' title='image "./fragmentaphiloso02mulluoft_0099.png"; bbox 0 0 2638 3840; ppageno 0'>
   <div class='ocr_carea' id='block_1_1' title="bbox 0 0 127 3840">
    <p class='ocr_par' dir='ltr' id='par_1_1' title="bbox 0 0 127 3840">
     <span class='ocr_line' id='line_1_1' title="bbox 0 0 127 3840; baseline 0 0"><span class='ocrx_word' id='word_1_1' title='bbox 0 0 127 3840; x_wconf 95' lang='lat' dir='ltr'> </span> 
     </span>
    </p>
   </div>
   <div class='ocr_carea' id='block_1_2' title="bbox 188 229 2215 293">
    <p class='ocr_par' dir='ltr' id='par_1_2' title="bbox 188 229 2215 293">
     <span class='ocr_line' id='line_1_2' title="bbox 188 229 2215 293; baseline 0 0"><span class='ocrx_word' id='word_1_2' title='bbox 188 229 483 293; x_wconf 95' lang='lat' dir='ltr'> </span> <span class='ocrx_word' id='word_1_3' title='bbox 1999 229 2215 293; x_wconf 95' lang='lat' dir='ltr'> </span> 
     </span>
    </p>
   </div>
   <div class='ocr_carea' id='block_1_3' title="bbox 483 379 1999 490">
    <p class='ocr_par' dir='ltr' id='par_1_3' title="bbox 483 379 1999 490">
     <span class='ocr_line' id='line_1_3' title="bbox 483 379 1999 490; baseline -0.005 -1"><span class='ocrx_word' id='word_1_4' title='bbox 483 388 656 489; x_wconf 89' lang='lat' dir='ltr'>DE</span> <span class='ocrx_word' id='word_1_5' title='bbox 731 380 1220 490; x_wconf 83' lang='lat' dir='ltr'><strong>GORGIA</strong></span> <span class='ocrx_word' id='word_1_6' title='bbox 1294 379 1999 487; x_wconf 85' lang='lat' dir='ltr'><strong>LEONTINO.</strong></span> 
     </span>
    </p>
   </div>
   <div class='ocr_carea' id='block_1_4' title="bbox 1049 579 1425 599">
    <p class='ocr_par' dir='ltr' id='par_1_4' title="bbox 1049 579 1425 599">
     <span class='ocr_line' id='line_1_4' title="bbox 1049 579 1425 599; baseline -0.003 -1"><span class='ocrx_word' id='word_1_7' title='bbox 1049 579 1425 599; x_wconf 48' lang='grc' dir='ltr'><strong>ψ</strong></span> 
     </span>
    </p>
   </div>
   <div class='ocr_carea' id='block_1_5' title="bbox 162 695 1213 2157">
    <p class='ocr_par' dir='ltr' id='par_1_5' title="bbox 162 695 1213 1686">
     <span class='ocr_line' id='line_1_5' title="bbox 216 695 1208 751; baseline -0.004 -13"><span class='ocrx_word' id='word_1_8' title='bbox 216 697 384 749; x_wconf 79' lang='lat' dir='ltr'><strong>Gorgias</strong></span> <span class='ocrx_word' id='word_1_9' title='bbox 401 697 471 751; x_wconf 82' lang='grc' dir='ltr'>(ι),</span> <span class='ocrx_word' id='word_1_10' title='bbox 486 696 741 750; x_wconf 88' lang='lat' dir='ltr'>philosophus</span> <span class='ocrx_word' id='word_1_11' title='bbox 753 705 791 736; x_wconf 92' lang='lat' dir='ltr'>et</span> <span class='ocrx_word' id='word_1_12' title='bbox 807 696 952 745; x_wconf 79' lang='lat' dir='ltr'>rhetor,</span> <span class='ocrx_word' id='word_1_13' title='bbox 965 695 1128 750; x_wconf 89' lang='lat' dir='ltr'>patriam</span> <span class='ocrx_word' id='word_1_14' title='bbox 1142 695 1208 734; x_wconf 86' lang='lat' dir='ltr'>ha-</span> 
     </span>
     <span class='ocr_line' id='line_1_6' title="bbox 162 754 1207 805; baseline -0.004 -8"><span class='ocrx_word' id='word_1_15' title='bbox 162 755 250 797; x_wconf 88' lang='lat' dir='ltr'>buit</span> <span class='ocrx_word' id='word_1_16' title='bbox 268 756 502 804; x_wconf 73' lang='lat' dir='ltr'>Leontinos,</span> <span class='ocrx_word' id='word_1_17' title='bbox 523 755 666 794; x_wconf 88' lang='lat' dir='ltr'>claram</span> <span class='ocrx_word' id='word_1_18' title='bbox 694 755 840 794; x_wconf 85' lang='lat' dir='ltr'>Siciliae</span> <span class='ocrx_word' id='word_1_19' title='bbox 864 755 1082 805; x_wconf 84' lang='lat' dir='ltr'>civitatem,</span> <span class='ocrx_word' id='word_1_20' title='bbox 1103 754 1207 794; x_wconf 91' lang='lat' dir='ltr'>unde</span> 
     </span>
     <span class='ocr_line' id='line_1_7' title="bbox 162 813 1209 866; baseline -0.002 -12"><span class='ocrx_word' id='word_1_21' title='bbox 162 815 377 855; x_wconf 83' lang='lat' dir='ltr'>Leontinus</span> <span class='ocrx_word' id='word_1_22' title='bbox 384 813 680 865; x_wconf 86' lang='lat' dir='ltr'>cognominatus</span> <span class='ocrx_word' id='word_1_23' title='bbox 689 813 1022 866; x_wconf 78' lang='lat' dir='ltr'>est(2).Falluntur</span> <span class='ocrx_word' id='word_1_24' title='bbox 1028 814 1131 852; x_wconf 90' lang='lat' dir='ltr'>enim</span> <span class='ocrx_word' id='word_1_25' title='bbox 1140 813 1209 865; x_wconf 88' lang='lat' dir='ltr'>qui</span> 
     </span>
     <span class='ocr_line' id='line_1_8' title="bbox 163 871 1210 925; baseline 0 -13"><span class='ocrx_word' id='word_1_26' title='bbox 163 885 251 912; x_wconf 82' lang='lat' dir='ltr'>eum</span> <span class='ocrx_word' id='word_1_27' title='bbox 272 885 295 912; x_wconf 85' lang='lat' dir='ltr'>a</span> <span class='ocrx_word' id='word_1_28' title='bbox 315 872 495 911; x_wconf 81' lang='lat' dir='ltr'>Luciand&#39;</span> <span class='ocrx_word' id='word_1_29' title='bbox 507 871 730 911; x_wconf 86' lang='lat' dir='ltr'>insulanum</span> <span class='ocrx_word' id='word_1_30' title='bbox 753 872 806 924; x_wconf 86' lang='lat'>(3)</span> <span class='ocrx_word' id='word_1_31' title='bbox 829 881 1008 911; x_wconf 86' lang='lat' dir='ltr'>vocatum</span> <span class='ocrx_word' id='word_1_32' title='bbox 1028 885 1112 911; x_wconf 86' lang='lat' dir='ltr'>esse</span> <span class='ocrx_word' id='word_1_33' title='bbox 1135 886 1210 925; x_wconf 90' lang='lat' dir='ltr'>pu-</span> 
     </span>
     <span class='ocr_line' id='line_1_9' title="bbox 163 929 1210 983; baseline -0.001 -12"><span class='ocrx_word' id='word_1_34' title='bbox 163 938 260 971; x_wconf 81' lang='lat' dir='ltr'>tant.</span> <span class='ocrx_word' id='word_1_35' title='bbox 275 931 333 970; x_wconf 83' lang='lat' dir='ltr'>De</span> <span class='ocrx_word' id='word_1_36' title='bbox 350 931 470 970; x_wconf 86' lang='lat' dir='ltr'>natali</span> <span class='ocrx_word' id='word_1_37' title='bbox 491 929 578 982; x_wconf 87' lang='lat' dir='ltr'>ejus</span> <span class='ocrx_word' id='word_1_38' title='bbox 596 943 699 970; x_wconf 90' lang='lat' dir='ltr'>anno</span> <span class='ocrx_word' id='word_1_39' title='bbox 715 943 759 969; x_wconf 90' lang='lat' dir='ltr'>ac</span> <span class='ocrx_word' id='word_1_40' title='bbox 778 930 827 969; x_wconf 92' lang='lat' dir='ltr'>de</span> <span class='ocrx_word' id='word_1_41' title='bbox 845 938 1031 983; x_wconf 90' lang='lat' dir='ltr'>tempore,</span> <span class='ocrx_word' id='word_1_42' title='bbox 1050 944 1129 983; x_wconf 89' lang='lat' dir='ltr'>quo</span> <span class='ocrx_word' id='word_1_43' title='bbox 1142 944 1210 970; x_wconf 92' lang='lat' dir='ltr'>su-</span> 
     </span>
     <span class='ocr_line' id='line_1_10' title="bbox 162 988 1208 1041; baseline 0.001 -12"><span class='ocrx_word' id='word_1_44' title='bbox 162 1002 340 1041; x_wconf 84' lang='lat' dir='ltr'>premum</span> <span class='ocrx_word' id='word_1_45' title='bbox 360 988 505 1028; x_wconf 91' lang='lat' dir='ltr'>obierit</span> <span class='ocrx_word' id='word_1_46' title='bbox 522 988 624 1028; x_wconf 90' lang='lat' dir='ltr'>diem</span> <span class='ocrx_word' id='word_1_47' title='bbox 638 1018 650 1037; x_wconf 97' lang='lat'>,</span> <span class='ocrx_word' id='word_1_48' title='bbox 667 997 818 1028; x_wconf 83' lang='lat' dir='ltr'>veteres</span> <span class='ocrx_word' id='word_1_49' title='bbox 847 989 1058 1040; x_wconf 75' lang='lat' dir='ltr'>scriptores</span> <span class='ocrx_word' id='word_1_50' title='bbox 1077 989 1208 1030; x_wconf 86' lang='lat' dir='ltr'>silent.</span> 
     </span>
     <span class='ocr_line' id='line_1_11' title="bbox 165 1047 1211 1099; baseline -0.002 -11"><span class='ocrx_word' id='word_1_51' title='bbox 165 1048 243 1088; x_wconf 91' lang='lat' dir='ltr'>Sed</span> <span class='ocrx_word' id='word_1_52' title='bbox 259 1057 373 1088; x_wconf 87' lang='lat' dir='ltr'>natus</span> <span class='ocrx_word' id='word_1_53' title='bbox 388 1056 447 1087; x_wconf 89' lang='lat' dir='ltr'>est</span> <span class='ocrx_word' id='word_1_54' title='bbox 464 1047 526 1087; x_wconf 81' lang='lat' dir='ltr'>vir</span> <span class='ocrx_word' id='word_1_55' title='bbox 540 1047 609 1099; x_wconf 93' lang='lat' dir='ltr'>qui</span> <span class='ocrx_word' id='word_1_56' title='bbox 625 1047 865 1098; x_wconf 74' lang='lat' dir='ltr'>longissimae</span> <span class='ocrx_word' id='word_1_57' title='bbox 878 1048 1001 1086; x_wconf 87' lang='lat' dir='ltr'>aetatis</span> <span class='ocrx_word' id='word_1_58' title='bbox 1017 1047 1211 1086; x_wconf 82' lang='lat' dir='ltr'>beneficio</span> 
     </span>
     <span class='ocr_line' id='line_1_12' title="bbox 166 1106 1209 1159; baseline -0.002 -12"><span class='ocrx_word' id='word_1_59' title='bbox 166 1121 254 1147; x_wconf 91' lang='lat' dir='ltr'>cum</span> <span class='ocrx_word' id='word_1_60' title='bbox 274 1108 408 1147; x_wconf 90' lang='lat' dir='ltr'>multis</span> <span class='ocrx_word' id='word_1_61' title='bbox 432 1106 548 1146; x_wconf 88' lang='lat' dir='ltr'>simul</span> <span class='ocrx_word' id='word_1_62' title='bbox 570 1106 727 1153; x_wconf 88' lang='lat' dir='ltr'>floruit,</span> <span class='ocrx_word' id='word_1_63' title='bbox 754 1114 797 1145; x_wconf 91' lang='lat' dir='ltr'>ut</span> <span class='ocrx_word' id='word_1_64' title='bbox 830 1119 914 1145; x_wconf 90' lang='lat' dir='ltr'>mea</span> <span class='ocrx_word' id='word_1_65' title='bbox 945 1106 1019 1145; x_wconf 83' lang='lat' dir='ltr'>sert</span> <span class='ocrx_word' id='word_1_66' title='bbox 1047 1106 1209 1159; x_wconf 88' lang='lat' dir='ltr'>opinio,</span> 
     </span>
     <span class='ocr_line' id='line_1_13' title="bbox 165 1164 1209 1219; baseline 0 -14"><span class='ocrx_word' id='word_1_67' title='bbox 165 1166 411 1219; x_wconf 79' lang='lat' dir='ltr'>Olympiadis</span> <span class='ocrx_word' id='word_1_68' title='bbox 443 1164 565 1206; x_wconf 79' lang='lat' dir='ltr'>LXXI</span> <span class='ocrx_word' id='word_1_69' title='bbox 597 1179 700 1204; x_wconf 87' lang='lat' dir='ltr'>anno</span> <span class='ocrx_word' id='word_1_70' title='bbox 734 1166 863 1218; x_wconf 89' lang='lat' dir='ltr'>primo</span> <span class='ocrx_word' id='word_1_71' title='bbox 893 1165 976 1204; x_wconf 78' lang='lat' dir='ltr'>sive</span> <span class='ocrx_word' id='word_1_72' title='bbox 1000 1174 1089 1205; x_wconf 90' lang='lat' dir='ltr'>ante</span> <span class='ocrx_word' id='word_1_73' title='bbox 1114 1165 1209 1206; x_wconf 87' lang='lat' dir='ltr'>Chr.</span> 
     </span>
     <span class='ocr_line' id='line_1_14' title="bbox 168 1222 1211 1276; baseline 0 -13"><span class='ocrx_word' id='word_1_74' title='bbox 168 1226 262 1276; x_wconf 80' lang='grc'><strong>496.</strong></span> <span class='ocrx_word' id='word_1_75' title='bbox 286 1224 420 1276; x_wconf 86' lang='lat' dir='ltr'>ltaque</span> <span class='ocrx_word' id='word_1_76' title='bbox 450 1222 709 1276; x_wconf 87' lang='lat' dir='ltr'>Porphyrius·</span> <span class='ocrx_word' id='word_1_77' title='bbox 728 1223 830 1276; x_wconf 88' lang='lat' dir='ltr'>apud</span> <span class='ocrx_word' id='word_1_78' title='bbox 858 1223 1015 1263; x_wconf 87' lang='lat' dir='ltr'>Suidam</span> <span class='ocrx_word' id='word_1_79' title='bbox 1046 1237 1134 1263; x_wconf 93' lang='lat' dir='ltr'>eum</span> <span class='ocrx_word' id='word_1_80' title='bbox 1162 1223 1211 1263; x_wconf 91' lang='lat' dir='ltr'>ad</span> 
     </span>
     <span class='ocr_line' id='line_1_15' title="bbox 166 1280 1212 1335; baseline 0.001 -14"><span class='ocrx_word' id='word_1_81' title='bbox 166 1282 437 1335; x_wconf 82' lang='lat' dir='ltr'>Olympiadem</span> <span class='ocrx_word' id='word_1_82' title='bbox 451 1280 586 1319; x_wconf 82' lang='lat' dir='ltr'>LXXX</span> <span class='ocrx_word' id='word_1_83' title='bbox 605 1281 770 1330; x_wconf 86' lang='lat' dir='ltr'>rettulit,</span> <span class='ocrx_word' id='word_1_84' title='bbox 790 1282 1016 1321; x_wconf 86' lang='lat' dir='ltr'>auctoritate</span> <span class='ocrx_word' id='word_1_85' title='bbox 1034 1291 1072 1321; x_wconf 94' lang='lat' dir='ltr'>et</span> <span class='ocrx_word' id='word_1_86' title='bbox 1089 1284 1212 1333; x_wconf 84' lang='lat' dir='ltr'>gratia</span> 
     </span>
     <span class='ocr_line' id='line_1_16' title="bbox 166 1338 1212 1394; baseline -0.001 -13"><span class='ocrx_word' id='word_1_87' title='bbox 166 1340 380 1394; x_wconf 74' lang='lat' dir='ltr'>sophistam</span> <span class='ocrx_word' id='word_1_88' title='bbox 403 1348 482 1378; x_wconf 89' lang='lat' dir='ltr'>tum</span> <span class='ocrx_word' id='word_1_89' title='bbox 500 1338 604 1391; x_wconf 87' lang='lat' dir='ltr'>apud</span> <span class='ocrx_word' id='word_1_90' title='bbox 623 1338 781 1378; x_wconf 86' lang='lat' dir='ltr'>Graecos</span> <span class='ocrx_word' id='word_1_91' title='bbox 799 1340 971 1390; x_wconf 86' lang='lat' dir='ltr'>viguisse</span> <span class='ocrx_word' id='word_1_92' title='bbox 987 1340 1072 1379; x_wconf 92' lang='lat' dir='ltr'>sine</span> <span class='ocrx_word' id='word_1_93' title='bbox 1089 1340 1212 1380; x_wconf 92' lang='lat' dir='ltr'>dubio</span> 
     </span>
     <span class='ocr_line' id='line_1_17' title="bbox 166 1397 1212 1451; baseline -0.002 -10"><span class='ocrx_word' id='word_1_94' title='bbox 166 1400 378 1441; x_wconf 84' lang='lat' dir='ltr'>arbitratus</span> <span class='ocrx_word' id='word_1_95' title='bbox 397 1399 468 1451; x_wconf 92' lang='grc'>(4).</span> <span class='ocrx_word' id='word_1_96' title='bbox 491 1397 625 1451; x_wconf 81' lang='lat' dir='ltr'>Neque</span> <span class='ocrx_word' id='word_1_97' title='bbox 655 1411 806 1438; x_wconf 88' lang='lat' dir='ltr'>errasse</span> <span class='ocrx_word' id='word_1_98' title='bbox 835 1398 992 1437; x_wconf 83' lang='lat' dir='ltr'>videtur</span> <span class='ocrx_word' id='word_1_99' title='bbox 1019 1398 1212 1439; x_wconf 81' lang='lat' dir='ltr'>Eusebius</span> 
     </span>
     <span class='ocr_line' id='line_1_18' title="bbox 165 1457 1211 1512; baseline -0.003 -13"><span class='ocrx_word' id='word_1_100' title='bbox 165 1460 235 1512; x_wconf 82' lang='lat' dir='ltr'>qui</span> <span class='ocrx_word' id='word_1_101' title='bbox 269 1459 313 1499; x_wconf 89' lang='lat' dir='ltr'>in</span> <span class='ocrx_word' id='word_1_102' title='bbox 342 1458 491 1497; x_wconf 89' lang='lat' dir='ltr'>Canon.</span> <span class='ocrx_word' id='word_1_103' title='bbox 515 1457 652 1497; x_wconf 90' lang='lat' dir='ltr'>chron.</span> <span class='ocrx_word' id='word_1_104' title='bbox 681 1457 718 1495; x_wconf 86' lang='lat'>11</span> <span class='ocrx_word' id='word_1_105' title='bbox 739 1471 778 1510; x_wconf 88' lang='lat' dir='ltr'>p.</span> <span class='ocrx_word' id='word_1_106' title='bbox 802 1458 877 1495; x_wconf 83' lang='lat'>213</span> <span class='ocrx_word' id='word_1_107' title='bbox 907 1457 1093 1509; x_wconf 84' lang='lat' dir='ltr'>Gorgiam</span> <span class='ocrx_word' id='word_1_108' title='bbox 1124 1472 1211 1497; x_wconf 90' lang='lat' dir='ltr'>cum</span> 
     </span>
     <span class='ocr_line' id='line_1_19' title="bbox 166 1514 1213 1568; baseline -0.002 -11"><span class='ocrx_word' id='word_1_109' title='bbox 166 1516 390 1557; x_wconf 79' lang='lat' dir='ltr'>Democrito</span> <span class='ocrx_word' id='word_1_110' title='bbox 429 1515 638 1565; x_wconf 80' lang='lat' dir='ltr'>Abderita,</span> <span class='ocrx_word' id='word_1_111' title='bbox 679 1514 913 1567; x_wconf 82' lang='lat' dir='ltr'>Empedocle</span> <span class='ocrx_word' id='word_1_112' title='bbox 926 1547 939 1566; x_wconf 88' lang='lat'>,</span> <span class='ocrx_word' id='word_1_113' title='bbox 977 1515 1213 1568; x_wconf 80' lang='lat' dir='ltr'>Hippocrate</span> 
     </span>
     <span class='ocr_line' id='line_1_20' title="bbox 166 1573 1213 1626; baseline 0 -12"><span class='ocrx_word' id='word_1_114' title='bbox 166 1574 334 1623; x_wconf 89' lang='lat' dir='ltr'>medico,</span> <span class='ocrx_word' id='word_1_115' title='bbox 356 1574 516 1626; x_wconf 79' lang='lat' dir='ltr'>Hippia,</span> <span class='ocrx_word' id='word_1_116' title='bbox 538 1573 719 1624; x_wconf 85' lang='lat' dir='ltr'>Prodico,</span> <span class='ocrx_word' id='word_1_117' title='bbox 739 1573 896 1612; x_wconf 88' lang='lat' dir='ltr'>Zenone</span> <span class='ocrx_word' id='word_1_118' title='bbox 924 1582 962 1613; x_wconf 89' lang='lat' dir='ltr'>et</span> <span class='ocrx_word' id='word_1_119' title='bbox 981 1573 1213 1614; x_wconf 87' lang='lat' dir='ltr'>Parmenide</span> 
     </span>
     <span class='ocr_line' id='line_1_21' title="bbox 164 1631 1118 1686; baseline 0.001 -14"><span class='ocrx_word' id='word_1_120' title='bbox 164 1633 396 1686; x_wconf 78' lang='lat' dir='ltr'>Olympiade</span> <span class='ocrx_word' id='word_1_121' title='bbox 416 1631 607 1673; x_wconf 84' lang='lat' dir='ltr'>LXXXVI</span> <span class='ocrx_word' id='word_1_122' title='bbox 627 1632 846 1672; x_wconf 82' lang='lat' dir='ltr'>innotuisse</span> <span class='ocrx_word' id='word_1_123' title='bbox 873 1633 1118 1674; x_wconf 85' lang='lat' dir='ltr'>testificatur.</span> 
     </span>
    </p>

    <p class='ocr_par' dir='ltr' id='par_1_6' title="bbox 164 1690 1213 2157">
     <span class='ocr_line' id='line_1_22' title="bbox 220 1690 1212 1746; baseline -0.001 -14"><span class='ocrx_word' id='word_1_124' title='bbox 220 1692 336 1732; x_wconf 83' lang='lat' dir='ltr'>Pater</span> <span class='ocrx_word' id='word_1_125' title='bbox 350 1692 561 1732; x_wconf 81' lang='lat' dir='ltr'>clarissimi</span> <span class='ocrx_word' id='word_1_126' title='bbox 584 1691 665 1731; x_wconf 82' lang='lat' dir='ltr'>viri</span> <span class='ocrx_word' id='word_1_127' title='bbox 694 1705 717 1730; x_wconf 93' lang='lat' dir='ltr'>a</span> <span class='ocrx_word' id='word_1_128' title='bbox 744 1691 937 1731; x_wconf 84' lang='lat' dir='ltr'>Pausania</span> <span class='ocrx_word' id='word_1_129' title='bbox 956 1690 1009 1746; x_wconf 87' lang='lat'>(5)</span> <span class='ocrx_word' id='word_1_130' title='bbox 1026 1692 1212 1731; x_wconf 88' lang='lat' dir='ltr'>Carman-</span> 
     </span>
     <span class='ocr_line' id='line_1_23' title="bbox 166 1750 1212 1800; baseline -0.001 -9"><span class='ocrx_word' id='word_1_131' title='bbox 166 1752 267 1792; x_wconf 87' lang='lat' dir='ltr'>tidas</span> <span class='ocrx_word' id='word_1_132' title='bbox 279 1781 291 1800; x_wconf 93' lang='lat'><em>‚</em></span> <span class='ocrx_word' id='word_1_133' title='bbox 309 1765 332 1790; x_wconf 91' lang='lat' dir='ltr'>a</span> <span class='ocrx_word' id='word_1_134' title='bbox 346 1751 468 1791; x_wconf 90' lang='lat' dir='ltr'>Suida</span> <span class='ocrx_word' id='word_1_135' title='bbox 487 1750 784 1790; x_wconf 84' lang='lat' dir='ltr'>Charmantidas</span> <span class='ocrx_word' id='word_1_136' title='bbox 815 1752 1054 1790; x_wconf 89' lang='lat' dir='ltr'>nominatur.</span> <span class='ocrx_word' id='word_1_137' title='bbox 1082 1751 1212 1790; x_wconf 79' lang='lat' dir='ltr'>Frater</span> 
     </span>
     <span class='ocr_line' id='line_1_24' title="bbox 164 1810 1212 1864; baseline -0.002 -13"><span class='ocrx_word' id='word_1_138' title='bbox 164 1811 323 1864; x_wconf 78' lang='lat' dir='ltr'>Gorgiae</span> <span class='ocrx_word' id='word_1_139' title='bbox 345 1811 563 1851; x_wconf 78' lang='lat' dir='ltr'>Herodicus</span> <span class='ocrx_word' id='word_1_140' title='bbox 595 1810 771 1850; x_wconf 88' lang='lat' dir='ltr'>medicus</span> <span class='ocrx_word' id='word_1_141' title='bbox 804 1810 897 1859; x_wconf 81' lang='lat' dir='ltr'>suit,</span> <span class='ocrx_word' id='word_1_142' title='bbox 927 1819 1025 1850; x_wconf 89' lang='lat' dir='ltr'>teste</span> <span class='ocrx_word' id='word_1_143' title='bbox 1049 1811 1212 1859; x_wconf 84' lang='lat' dir='ltr'>Platone</span> 
     </span>
     <span class='ocr_line' id='line_1_25' title="bbox 165 1868 1212 1925; baseline -0.002 -15"><span class='ocrx_word' id='word_1_144' title='bbox 165 1870 224 1925; x_wconf 84' lang='grc'>(6)</span> <span class='ocrx_word' id='word_1_145' title='bbox 240 1872 283 1910; x_wconf 92' lang='lat' dir='ltr'>in</span> <span class='ocrx_word' id='word_1_146' title='bbox 301 1869 450 1920; x_wconf 81' lang='lat' dir='ltr'>Gorgia</span> <span class='ocrx_word' id='word_1_147' title='bbox 476 1883 516 1922; x_wconf 88' lang='lat' dir='ltr'>p.</span> <span class='ocrx_word' id='word_1_148' title='bbox 535 1871 611 1915; x_wconf 88' lang='grc'>448</span> <span class='ocrx_word' id='word_1_149' title='bbox 632 1868 676 1916; x_wconf 89' lang='lat' dir='ltr'>B,</span> <span class='ocrx_word' id='word_1_150' title='bbox 693 1868 874 1909; x_wconf 88' lang='lat' dir='ltr'>diversus</span> <span class='ocrx_word' id='word_1_151' title='bbox 894 1882 918 1908; x_wconf 95' lang='lat' dir='ltr'>a</span> <span class='ocrx_word' id='word_1_152' title='bbox 940 1869 1212 1921; x_wconf 88' lang='lat' dir='ltr'>Selymbriano</span> 
     </span>
     <span class='ocr_line' id='line_1_26' title="bbox 164 1927 1213 1982; baseline -0.002 -13"><span class='ocrx_word' id='word_1_153' title='bbox 164 1929 339 1982; x_wconf 84' lang='lat' dir='ltr'>ejusdem</span> <span class='ocrx_word' id='word_1_154' title='bbox 374 1928 547 1972; x_wconf 88' lang='lat' dir='ltr'>nominis</span> <span class='ocrx_word' id='word_1_155' title='bbox 580 1927 734 1966; x_wconf 88' lang='lat' dir='ltr'>rhetore</span> <span class='ocrx_word' id='word_1_156' title='bbox 765 1936 804 1966; x_wconf 88' lang='lat' dir='ltr'>et</span> <span class='ocrx_word' id='word_1_157' title='bbox 840 1928 1089 1979; x_wconf 81' lang='lat' dir='ltr'>gymnasticae</span> <span class='ocrx_word' id='word_1_158' title='bbox 1118 1928 1213 1967; x_wconf 88' lang='lat' dir='ltr'>artis</span> 
     </span>
     <span class='ocr_line' id='line_1_27' title="bbox 165 1986 1211 2040; baseline -0.002 -13"><span class='ocrx_word' id='word_1_159' title='bbox 165 1988 352 2039; x_wconf 86' lang='lat' dir='ltr'>magistro</span> <span class='ocrx_word' id='word_1_160' title='bbox 368 1986 438 2040; x_wconf 86' lang='lat'><strong>(7).</strong></span> <span class='ocrx_word' id='word_1_161' title='bbox 457 1987 641 2026; x_wconf 88' lang='lat' dir='ltr'>Sororem</span> <span class='ocrx_word' id='word_1_162' title='bbox 669 1986 778 2038; x_wconf 88' lang='lat' dir='ltr'>ejus,</span> <span class='ocrx_word' id='word_1_163' title='bbox 804 1986 918 2038; x_wconf 88' lang='lat' dir='ltr'>cujus</span> <span class='ocrx_word' id='word_1_164' title='bbox 947 1999 1089 2025; x_wconf 88' lang='lat' dir='ltr'>nomen</span> <span class='ocrx_word' id='word_1_165' title='bbox 1120 1987 1211 2025; x_wconf 90' lang='lat' dir='ltr'>reti·</span> 
     </span>
     <span class='ocr_line' id='line_1_28' title="bbox 165 2043 1212 2097; baseline -0.001 -12"><span class='ocrx_word' id='word_1_166' title='bbox 165 2054 289 2094; x_wconf 82' lang='lat' dir='ltr'>cetur,</span> <span class='ocrx_word' id='word_1_167' title='bbox 309 2045 482 2087; x_wconf 81' lang='lat' dir='ltr'>Deierati</span> <span class='ocrx_word' id='word_1_168' title='bbox 510 2043 663 2084; x_wconf 86' lang='lat' dir='ltr'>cuidam</span> <span class='ocrx_word' id='word_1_169' title='bbox 698 2044 896 2097; x_wconf 85' lang='lat' dir='ltr'>nupsisse,</span> <span class='ocrx_word' id='word_1_170' title='bbox 924 2044 1136 2084; x_wconf 86' lang='lat' dir='ltr'>Pausanias</span> <span class='ocrx_word' id='word_1_171' title='bbox 1157 2045 1212 2096; x_wconf 88' lang='grc'>(8)</span> 
     </span>
     <span class='ocr_line' id='line_1_29' title="bbox 164 2103 1211 2157; baseline -0.002 -12"><span class='ocrx_word' id='word_1_172' title='bbox 164 2113 311 2147; x_wconf 85' lang='lat' dir='ltr'>narrat.</span> <span class='ocrx_word' id='word_1_173' title='bbox 347 2104 423 2144; x_wconf 88' lang='lat' dir='ltr'>Sed</span> <span class='ocrx_word' id='word_1_174' title='bbox 457 2104 547 2157; x_wconf 89' lang='lat' dir='ltr'>quis</span> <span class='ocrx_word' id='word_1_175' title='bbox 587 2103 705 2143; x_wconf 83' lang='lat' dir='ltr'>suerit</span> <span class='ocrx_word' id='word_1_176' title='bbox 739 2104 813 2143; x_wconf 86' lang='lat' dir='ltr'>iste</span> <span class='ocrx_word' id='word_1_177' title='bbox 843 2103 1063 2152; x_wconf 85' lang='lat' dir='ltr'>Deierates,</span> <span class='ocrx_word' id='word_1_178' title='bbox 1099 2104 1211 2156; x_wconf 89' lang='lat' dir='ltr'>igno-</span> 
     </span>
    </p>
   </div>
   <div class='ocr_carea' id='block_1_6' title="bbox 162 2221 1217 3488">
    <p class='ocr_par' dir='ltr' id='par_1_7' title="bbox 162 2221 1217 3488">
     <span class='ocr_line' id='line_1_30' title="bbox 204 2221 1209 2264; baseline -0.002 -8"><span class='ocrx_word' id='word_1_179' title='bbox 204 2223 249 2264; x_wconf 81' lang='grc' dir='ltr'>(ί)</span> <span class='ocrx_word' id='word_1_180' title='bbox 263 2222 357 2256; x_wconf 83' lang='lat' dir='ltr'>cont.</span> <span class='ocrx_word' id='word_1_181' title='bbox 373 2222 415 2255; x_wconf 82' lang='lat' dir='ltr'>u.</span> <span class='ocrx_word' id='word_1_182' title='bbox 432 2221 491 2255; x_wconf 70' lang='lat' dir='ltr'>Ed.</span> <span class='ocrx_word' id='word_1_183' title='bbox 504 2221 605 2255; x_wconf 78' lang='lat' dir='ltr'>Fossii</span> <span class='ocrx_word' id='word_1_184' title='bbox 619 2221 660 2255; x_wconf 88' lang='lat' dir='ltr'>de</span> <span class='ocrx_word' id='word_1_185' title='bbox 675 2221 791 2263; x_wconf 82' lang='lat' dir='ltr'>Gorgia</span> <span class='ocrx_word' id='word_1_186' title='bbox 803 2222 960 2255; x_wconf 83' lang='lat' dir='ltr'>Leontino</span> <span class='ocrx_word' id='word_1_187' title='bbox 969 2222 1209 2255; x_wconf 68' lang='lat' dir='ltr'>commentatio.</span> 
     </span>
     <span class='ocr_line' id='line_1_31' title="bbox 163 2268 1214 2314; baseline -0.002 -10"><span class='ocrx_word' id='word_1_188' title='bbox 163 2269 252 2304; x_wconf 66' lang='lat' dir='ltr'>itala</span> <span class='ocrx_word' id='word_1_189' title='bbox 269 2273 367 2311; x_wconf 56' lang='grc' dir='ltr'>ἰωὴ</span> <span class='ocrx_word' id='word_1_190' title='bbox 382 2269 535 2303; x_wconf 77' lang='lat' dir='ltr'>Leonardi</span> <span class='ocrx_word' id='word_1_191' title='bbox 545 2269 701 2314; x_wconf 65' lang='lat' dir='ltr'>§Jmugelii</span> <span class='ocrx_word' id='word_1_192' title='bbox 713 2269 753 2302; x_wconf 87' lang='lat' dir='ltr'>de</span> <span class='ocrx_word' id='word_1_193' title='bbox 768 2268 885 2309; x_wconf 81' lang='lat' dir='ltr'>Gorgia</span> <span class='ocrx_word' id='word_1_194' title='bbox 895 2269 1022 2303; x_wconf 76' lang='lat' dir='ltr'>rhetore</span> <span class='ocrx_word' id='word_1_195' title='bbox 1032 2269 1214 2302; x_wconf 74' lang='lat' dir='ltr'>dissertatio</span> 
     </span>
     <span class='ocr_line' id='line_1_32' title="bbox 162 2315 1212 2358; baseline -0.002 -8"><span class='ocrx_word' id='word_1_196' title='bbox 162 2316 284 2350; x_wconf 71' lang='lat' dir='ltr'>inserts</span> <span class='ocrx_word' id='word_1_197' title='bbox 298 2318 470 2358; x_wconf 72' lang='grc' dir='ltr'>Συναγωγῇ</span> <span class='ocrx_word' id='word_1_198' title='bbox 488 2319 617 2358; x_wconf 81' lang='grc' dir='ltr'><strong>τεχνῶν.</strong></span> <span class='ocrx_word' id='word_1_199' title='bbox 637 2315 829 2357; x_wconf 74' lang='lat' dir='ltr'>Stutgardiae</span> <span class='ocrx_word' id='word_1_200' title='bbox 851 2318 950 2355; x_wconf 73' lang='lat'><strong>¹8283</strong></span> <span class='ocrx_word' id='word_1_201' title='bbox 966 2316 1126 2349; x_wconf 67' lang='lat' dir='ltr'>francisci</span> <span class='ocrx_word' id='word_1_202' title='bbox 1149 2318 1212 2349; x_wconf 89' lang='lat' dir='ltr'>Su·</span> 
     </span>
     <span class='ocr_line' id='line_1_33' title="bbox 162 2362 1214 2405; baseline -0.001 -8"><span class='ocrx_word' id='word_1_203' title='bbox 162 2363 304 2398; x_wconf 67' lang='lat' dir='ltr'>sanililii</span> <span class='ocrx_word' id='word_1_204' title='bbox 322 2363 363 2397; x_wconf 83' lang='lat' dir='ltr'>de</span> <span class='ocrx_word' id='word_1_205' title='bbox 378 2363 620 2397; x_wconf 48' lang='lat' dir='ltr'>amandino</span> <span class='ocrx_word' id='word_1_206' title='bbox 645 2372 708 2405; x_wconf 82' lang='lat' dir='ltr'>qua</span> <span class='ocrx_word' id='word_1_207' title='bbox 729 2363 863 2405; x_wconf 78' lang='lat' dir='ltr'>Gorgias</span> <span class='ocrx_word' id='word_1_208' title='bbox 886 2363 1068 2405; x_wconf 78' lang='lat' dir='ltr'>Empedocli</span> <span class='ocrx_word' id='word_1_209' title='bbox 1081 2362 1214 2404; x_wconf 75' lang='lat' dir='ltr'>junctus</span> 
     </span>
     <span class='ocr_line' id='line_1_34' title="bbox 165 2410 1212 2452; baseline -0.001 -8"><span class='ocrx_word' id='word_1_210' title='bbox 165 2410 261 2444; x_wconf 75' lang='lat' dir='ltr'>tuerit</span> <span class='ocrx_word' id='word_1_211' title='bbox 282 2410 457 2452; x_wconf 79' lang='lat' dir='ltr'>disputatio</span> <span class='ocrx_word' id='word_1_212' title='bbox 472 2411 504 2444; x_wconf 87' lang='lat' dir='ltr'>in</span> <span class='ocrx_word' id='word_1_213' title='bbox 517 2410 625 2443; x_wconf 78' lang='lat' dir='ltr'>Jalinii</span> <span class='ocrx_word' id='word_1_214' title='bbox 639 2410 816 2444; x_wconf 75' lang='lat' dir='ltr'>Annalibus</span> <span class='ocrx_word' id='word_1_215' title='bbox 830 2410 942 2444; x_wconf 72' lang='lat' dir='ltr'>Ptiitot.</span> <span class='ocrx_word' id='word_1_216' title='bbox 962 2412 1041 2443; x_wconf 70' lang='lat'>1850</span> <span class='ocrx_word' id='word_1_217' title='bbox 1053 2420 1085 2452; x_wconf 82' lang='lat' dir='ltr'>p.</span> <span class='ocrx_word' id='word_1_218' title='bbox 1099 2412 1212 2443; x_wconf 73' lang='lat' dir='ltr'>loo-⁴2.</span> 
     </span>
     <span class='ocr_line' id='line_1_35' title="bbox 164 2457 1213 2499; baseline -0.002 -8"><span class='ocrx_word' id='word_1_219' title='bbox 164 2474 206 2483; x_wconf 88' lang='lat'>-</span> <span class='ocrx_word' id='word_1_220' title='bbox 224 2458 271 2498; x_wconf 80' lang='lat'>(²)</span> <span class='ocrx_word' id='word_1_221' title='bbox 295 2458 471 2498; x_wconf 75' lang='lat' dir='ltr'>Dionysius</span> <span class='ocrx_word' id='word_1_222' title='bbox 501 2458 792 2491; x_wconf 76' lang='lat' dir='ltr'>italicarnassensis</span> <span class='ocrx_word' id='word_1_223' title='bbox 816 2457 858 2491; x_wconf 78' lang='lat' dir='ltr'>de</span> <span class='ocrx_word' id='word_1_224' title='bbox 883 2458 975 2499; x_wconf 78' lang='lat' dir='ltr'>Lysia</span> <span class='ocrx_word' id='word_1_225' title='bbox 997 2457 1073 2498; x_wconf 73' lang='lat' dir='ltr'>iud.</span> <span class='ocrx_word' id='word_1_226' title='bbox 1105 2457 1167 2491; x_wconf 83' lang='lat' dir='ltr'>vol.</span> <span class='ocrx_word' id='word_1_227' title='bbox 1187 2458 1213 2489; x_wconf 83' lang='lat' dir='ltr'>V</span> 
     </span>
     <span class='ocr_line' id='line_1_36' title="bbox 164 2503 1213 2548; baseline -0.003 -9"><span class='ocrx_word' id='word_1_228' title='bbox 164 2513 197 2548; x_wconf 79' lang='lat' dir='ltr'>p.</span> <span class='ocrx_word' id='word_1_229' title='bbox 217 2507 279 2538; x_wconf 75' lang='lat'>⁴⁵8</span> <span class='ocrx_word' id='word_1_230' title='bbox 298 2504 350 2538; x_wconf 83' lang='lat' dir='ltr'>ed.</span> <span class='ocrx_word' id='word_1_231' title='bbox 370 2504 479 2538; x_wconf 79' lang='lat' dir='ltr'>Reislt.</span> <span class='ocrx_word' id='word_1_232' title='bbox 500 2516 509 2536; x_wconf 74' lang='lat' dir='ltr'>z</span> <span class='ocrx_word' id='word_1_233' title='bbox 528 2504 617 2543; x_wconf 76' lang='grc' dir='ltr'><strong>δηλοῖ</strong></span> <span class='ocrx_word' id='word_1_234' title='bbox 633 2504 666 2538; x_wconf 66' lang='grc' dir='ltr'>δὲ</span> <span class='ocrx_word' id='word_1_235' title='bbox 690 2507 783 2537; x_wconf 84' lang='grc' dir='ltr'><strong>τοῦτο</strong></span> <span class='ocrx_word' id='word_1_236' title='bbox 803 2503 933 2547; x_wconf 75' lang='grc' dir='ltr'>Γοργίας</span> <span class='ocrx_word' id='word_1_237' title='bbox 949 2515 983 2537; x_wconf 85' lang='grc' dir='ltr'><strong>τε</strong></span> <span class='ocrx_word' id='word_1_238' title='bbox 1008 2505 1027 2536; x_wconf 82' lang='grc' dir='ltr'>ὁ</span> <span class='ocrx_word' id='word_1_239' title='bbox 1051 2506 1213 2541; x_wconf 74' lang='grc' dir='ltr'><strong>Λεοντῖνος</strong></span> 
     </span>
     <span class='ocr_line' id='line_1_37' title="bbox 166 2548 1215 2594; baseline -0.001 -10"><span class='ocrx_word' id='word_1_240' title='bbox 166 2553 235 2586; x_wconf 82' lang='grc' dir='ltr'><strong>κτλ.</strong></span> <span class='ocrx_word' id='word_1_241' title='bbox 247 2553 388 2585; x_wconf 82' lang='lat' dir='ltr'>Pausan.</span> <span class='ocrx_word' id='word_1_242' title='bbox 406 2550 462 2584; x_wconf 83' lang='lat' dir='ltr'>lib.</span> <span class='ocrx_word' id='word_1_243' title='bbox 477 2548 534 2590; x_wconf 78' lang='lat' dir='ltr'>Vl.</span> <span class='ocrx_word' id='word_1_244' title='bbox 557 2554 606 2591; x_wconf 87' lang='grc'>17,</span> <span class='ocrx_word' id='word_1_245' title='bbox 623 2553 641 2584; x_wconf 91' lang='grc'><strong>7</strong></span> <span class='ocrx_word' id='word_1_246' title='bbox 656 2564 664 2584; x_wconf 77' lang='lat'>2</span> <span class='ocrx_word' id='word_1_247' title='bbox 679 2552 734 2584; x_wconf 75' lang='grc' dir='ltr'>καὶ</span> <span class='ocrx_word' id='word_1_248' title='bbox 751 2552 805 2584; x_wconf 86' lang='grc' dir='ltr'>τδν</span> <span class='ocrx_word' id='word_1_249' title='bbox 817 2554 980 2585; x_wconf 75' lang='grc' dir='ltr'>Λεοντῖνον</span> <span class='ocrx_word' id='word_1_250' title='bbox 995 2552 1125 2594; x_wconf 82' lang='grc' dir='ltr'><strong>Γοργίαν</strong></span> <span class='ocrx_word' id='word_1_251' title='bbox 1141 2552 1215 2584; x_wconf 79' lang='grc' dir='ltr'><strong>ίδείν</strong></span> 
     </span>
     <span class='ocr_line' id='line_1_38' title="bbox 164 2598 1214 2641; baseline 0 -10"><span class='ocrx_word' id='word_1_252' title='bbox 164 2599 249 2632; x_wconf 63' lang='lat' dir='ltr'>mv</span> <span class='ocrx_word' id='word_1_253' title='bbox 265 2599 332 2631; x_wconf 78' lang='grc' dir='ltr'><strong>κτλ.</strong></span> <span class='ocrx_word' id='word_1_254' title='bbox 352 2598 402 2631; x_wconf 72' lang='lat' dir='ltr'>ct.</span> <span class='ocrx_word' id='word_1_255' title='bbox 422 2599 491 2631; x_wconf 86' lang='lat' dir='ltr'>cic.</span> <span class='ocrx_word' id='word_1_256' title='bbox 509 2599 556 2631; x_wconf 85' lang='lat' dir='ltr'>De</span> <span class='ocrx_word' id='word_1_257' title='bbox 569 2600 652 2631; x_wconf 80' lang='lat' dir='ltr'>orat.</span> <span class='ocrx_word' id='word_1_258' title='bbox 668 2598 725 2632; x_wconf 85' lang='lat' dir='ltr'>lib.</span> <span class='ocrx_word' id='word_1_259' title='bbox 748 2600 807 2639; x_wconf 80' lang='lat' dir='ltr'>m,</span> <span class='ocrx_word' id='word_1_260' title='bbox 824 2602 877 2632; x_wconf 81' lang='lat'>32.</span> <span class='ocrx_word' id='word_1_261' title='bbox 889 2617 930 2627; x_wconf 86' lang='lat'><em>-</em></span> <span class='ocrx_word' id='word_1_262' title='bbox 946 2599 991 2641; x_wconf 84' lang='grc'>(3)</span> <span class='ocrx_word' id='word_1_263' title='bbox 1007 2601 1087 2633; x_wconf 73' lang='lat' dir='ltr'>Nam</span> <span class='ocrx_word' id='word_1_264' title='bbox 1113 2608 1214 2640; x_wconf 85' lang='lat' dir='ltr'>quum</span> 
     </span>
     <span class='ocr_line' id='line_1_39' title="bbox 163 2645 1215 2688; baseline -0.001 -9"><span class='ocrx_word' id='word_1_265' title='bbox 163 2645 243 2679; x_wconf 79' lang='lat' dir='ltr'>oiim</span> <span class='ocrx_word' id='word_1_266' title='bbox 261 2645 347 2687; x_wconf 80' lang='lat' dir='ltr'>apud</span> <span class='ocrx_word' id='word_1_267' title='bbox 374 2645 551 2680; x_wconf 73' lang='lat' dir='ltr'>Lucianum</span> <span class='ocrx_word' id='word_1_268' title='bbox 571 2645 664 2680; x_wconf 79' lang='lat' dir='ltr'>Rhet.</span> <span class='ocrx_word' id='word_1_269' title='bbox 682 2647 835 2688; x_wconf 65' lang='lat' dir='ltr'>praecept.</span> <span class='ocrx_word' id='word_1_270' title='bbox 858 2656 887 2679; x_wconf 85' lang='lat' dir='ltr'>c.</span> <span class='ocrx_word' id='word_1_271' title='bbox 910 2651 931 2679; x_wconf 78' lang='grc'>9</span> <span class='ocrx_word' id='word_1_272' title='bbox 958 2647 1115 2687; x_wconf 82' lang='lat' dir='ltr'>tegeretur</span> <span class='ocrx_word' id='word_1_273' title='bbox 1132 2646 1215 2678; x_wconf 73' lang='grc' dir='ltr'><strong>ιωλα</strong></span> 
     </span>
     <span class='ocr_line' id='line_1_40' title="bbox 163 2693 1215 2736; baseline -0.001 -9"><span class='ocrx_word' id='word_1_274' title='bbox 163 2693 402 2736; x_wconf 68' lang='grc' dir='ltr'><strong>παραδείγματα</strong></span> <span class='ocrx_word' id='word_1_275' title='bbox 413 2693 589 2735; x_wconf 74' lang='grc' dir='ltr'><strong>παρατιθεὶς</strong></span> <span class='ocrx_word' id='word_1_276' title='bbox 606 2697 671 2726; x_wconf 80' lang='grc' dir='ltr'>τῶν</span> <span class='ocrx_word' id='word_1_277' title='bbox 682 2693 797 2734; x_wconf 80' lang='grc' dir='ltr'><strong>λόγων,</strong></span> <span class='ocrx_word' id='word_1_278' title='bbox 811 2694 850 2727; x_wconf 78' lang='grc' dir='ltr'>οὐ</span> <span class='ocrx_word' id='word_1_279' title='bbox 863 2693 955 2736; x_wconf 74' lang='grc' dir='ltr'><strong>ῥᾴδια</strong></span> <span class='ocrx_word' id='word_1_280' title='bbox 967 2694 1147 2736; x_wconf 77' lang='grc' dir='ltr'><strong>μιμεῖσθαι,</strong></span> <span class='ocrx_word' id='word_1_281' title='bbox 1161 2693 1215 2726; x_wconf 71' lang='lat' dir='ltr'>ota</span> 
     </span>
     <span class='ocr_line' id='line_1_41' title="bbox 163 2740 1214 2782; baseline 0 -9"><span class='ocrx_word' id='word_1_282' title='bbox 163 2741 205 2774; x_wconf 77' lang='grc' dir='ltr'><strong>τὰ</strong></span> <span class='ocrx_word' id='word_1_283' title='bbox 222 2745 278 2779; x_wconf 74' lang='grc' dir='ltr'><strong>τῆς</strong></span> <span class='ocrx_word' id='word_1_284' title='bbox 293 2741 428 2777; x_wconf 71' lang='grc' dir='ltr'><strong>παλαιᾶς</strong></span> <span class='ocrx_word' id='word_1_285' title='bbox 440 2740 587 2782; x_wconf 75' lang='grc' dir='ltr'><strong>ίργαοίας</strong></span> <span class='ocrx_word' id='word_1_286' title='bbox 598 2741 696 2782; x_wconf 64' lang='grc' dir='ltr'><strong>ἐστίν,</strong></span> <span class='ocrx_word' id='word_1_287' title='bbox 710 2741 867 2780; x_wconf 79' lang='grc' dir='ltr'>Ἡγησίου</span> <span class='ocrx_word' id='word_1_288' title='bbox 882 2742 936 2774; x_wconf 84' lang='grc' dir='ltr'>καὶ</span> <span class='ocrx_word' id='word_1_289' title='bbox 956 2745 1018 2774; x_wconf 86' lang='grc' dir='ltr'>τῶν</span> <span class='ocrx_word' id='word_1_290' title='bbox 1037 2741 1113 2782; x_wconf 74' lang='grc' dir='ltr'>ἀμφὶ</span> <span class='ocrx_word' id='word_1_291' title='bbox 1135 2741 1214 2782; x_wconf 63' lang='lat' dir='ltr'>xp&amp;-</span> 
     </span>
     <span class='ocr_line' id='line_1_42' title="bbox 164 2787 1213 2828; baseline 0 -8"><span class='ocrx_word' id='word_1_292' title='bbox 164 2798 245 2826; x_wconf 85' lang='grc' dir='ltr'><strong>τητα</strong></span> <span class='ocrx_word' id='word_1_293' title='bbox 262 2788 317 2820; x_wconf 78' lang='grc' dir='ltr'>καὶ</span> <span class='ocrx_word' id='word_1_294' title='bbox 346 2788 526 2828; x_wconf 73' lang='grc' dir='ltr'><strong>Νησιώτην,</strong></span> <span class='ocrx_word' id='word_1_295' title='bbox 553 2787 676 2828; x_wconf 72' lang='lat' dir='ltr'>primns</span> <span class='ocrx_word' id='word_1_296' title='bbox 700 2788 848 2822; x_wconf 66' lang='lat' dir='ltr'>Gravius</span> <span class='ocrx_word' id='word_1_297' title='bbox 873 2790 1041 2828; x_wconf 70' lang='grc' dir='ltr'><strong>Νησιώτην</strong></span> <span class='ocrx_word' id='word_1_298' title='bbox 1062 2789 1213 2828; x_wconf 81' lang='lat' dir='ltr'>Gorgiam</span> 
     </span>
     <span class='ocr_line' id='line_1_43' title="bbox 163 2833 1213 2868; baseline -0.001 -1"><span class='ocrx_word' id='word_1_299' title='bbox 163 2833 229 2868; x_wconf 81' lang='lat' dir='ltr'>dici</span> <span class='ocrx_word' id='word_1_300' title='bbox 251 2835 343 2867; x_wconf 82' lang='lat' dir='ltr'>ratus</span> <span class='ocrx_word' id='word_1_301' title='bbox 364 2842 423 2867; x_wconf 87' lang='lat' dir='ltr'>sua</span> <span class='ocrx_word' id='word_1_302' title='bbox 440 2834 638 2868; x_wconf 84' lang='lat' dir='ltr'>auctoritate</span> <span class='ocrx_word' id='word_1_303' title='bbox 653 2833 734 2867; x_wconf 81' lang='lat' dir='ltr'>alios</span> <span class='ocrx_word' id='word_1_304' title='bbox 750 2834 781 2867; x_wconf 88' lang='lat' dir='ltr'>in</span> <span class='ocrx_word' id='word_1_305' title='bbox 800 2843 940 2867; x_wconf 78' lang='lat' dir='ltr'>errorem</span> <span class='ocrx_word' id='word_1_306' title='bbox 959 2834 1099 2867; x_wconf 76' lang='lat' dir='ltr'>induxit.</span> <span class='ocrx_word' id='word_1_307' title='bbox 1116 2838 1154 2867; x_wconf 74' lang='lat' dir='ltr'>At</span> <span class='ocrx_word' id='word_1_308' title='bbox 1170 2834 1213 2866; x_wconf 83' lang='lat' dir='ltr'>ibi</span> 
     </span>
     <span class='ocr_line' id='line_1_44' title="bbox 163 2879 1214 2924; baseline -0.002 -9"><span class='ocrx_word' id='word_1_309' title='bbox 163 2881 320 2923; x_wconf 71' lang='grc' dir='ltr'><strong>Ἡγησίου</strong></span> <span class='ocrx_word' id='word_1_310' title='bbox 337 2882 391 2913; x_wconf 72' lang='grc' dir='ltr'>καί</span> <span class='ocrx_word' id='word_1_311' title='bbox 410 2884 474 2914; x_wconf 77' lang='grc' dir='ltr'>τῶν</span> <span class='ocrx_word' id='word_1_312' title='bbox 488 2880 566 2923; x_wconf 64' lang='grc' dir='ltr'>ἀμφὶ</span> <span class='ocrx_word' id='word_1_313' title='bbox 583 2882 709 2924; x_wconf 74' lang='grc' dir='ltr'><strong>Κριτίαν</strong></span> <span class='ocrx_word' id='word_1_314' title='bbox 722 2879 802 2924; x_wconf 82' lang='grc' dir='ltr'><strong>[τὸν]</strong></span> <span class='ocrx_word' id='word_1_315' title='bbox 816 2883 982 2920; x_wconf 70' lang='grc' dir='ltr'><strong>Νησιώτην</strong></span> <span class='ocrx_word' id='word_1_316' title='bbox 995 2881 1214 2923; x_wconf 78' lang='lat' dir='ltr'>reponendum</span> 
     </span>
     <span class='ocr_line' id='line_1_45' title="bbox 165 2925 1214 2970; baseline -0.002 -8"><span class='ocrx_word' id='word_1_317' title='bbox 165 2936 236 2962; x_wconf 78' lang='lat' dir='ltr'>asse</span> <span class='ocrx_word' id='word_1_318' title='bbox 257 2925 396 2962; x_wconf 66' lang='lat' dir='ltr'>sotem</span> <span class='ocrx_word' id='word_1_319' title='bbox 425 2930 536 2969; x_wconf 76' lang='lat' dir='ltr'>postea</span> <span class='ocrx_word' id='word_1_320' title='bbox 561 2928 801 2962; x_wconf 76' lang='lat' dir='ltr'>animadvertit.</span> <span class='ocrx_word' id='word_1_321' title='bbox 819 2948 859 2956; x_wconf 89' lang='lat'>-</span> <span class='ocrx_word' id='word_1_322' title='bbox 880 2929 926 2970; x_wconf 71' lang='grc' dir='ltr'>(ι)</span> <span class='ocrx_word' id='word_1_323' title='bbox 947 2930 987 2961; x_wconf 78' lang='lat' dir='ltr'>At</span> <span class='ocrx_word' id='word_1_324' title='bbox 1015 2928 1130 2962; x_wconf 78' lang='lat' dir='ltr'>suidas</span> <span class='ocrx_word' id='word_1_325' title='bbox 1150 2936 1214 2960; x_wconf 89' lang='lat' dir='ltr'>non</span> 
     </span>
     <span class='ocr_line' id='line_1_46' title="bbox 165 2975 1215 3017; baseline 0 -8"><span class='ocrx_word' id='word_1_326' title='bbox 165 2975 330 3009; x_wconf 77' lang='lat' dir='ltr'>intellecto</span> <span class='ocrx_word' id='word_1_327' title='bbox 357 2975 526 3017; x_wconf 74' lang='lat' dir='ltr'>Porphyrii</span> <span class='ocrx_word' id='word_1_328' title='bbox 553 2975 739 3009; x_wconf 80' lang='lat' dir='ltr'>testimonio</span> <span class='ocrx_word' id='word_1_329' title='bbox 756 2978 909 3017; x_wconf 77' lang='lat' dir='ltr'>Gorgiam</span> <span class='ocrx_word' id='word_1_330' title='bbox 941 2975 1046 3009; x_wconf 90' lang='lat' dir='ltr'>multo</span> <span class='ocrx_word' id='word_1_331' title='bbox 1072 2977 1161 3017; x_wconf 80' lang='lat' dir='ltr'>prius</span> <span class='ocrx_word' id='word_1_332' title='bbox 1183 2977 1215 3009; x_wconf 89' lang='lat' dir='ltr'>in</span> 
     </span>
     <span class='ocr_line' id='line_1_47' title="bbox 165 3021 1215 3064; baseline 0.001 -9"><span class='ocrx_word' id='word_1_333' title='bbox 165 3021 271 3055; x_wconf 79' lang='lat' dir='ltr'>lucem</span> <span class='ocrx_word' id='word_1_334' title='bbox 283 3021 408 3055; x_wconf 80' lang='lat' dir='ltr'>editum</span> <span class='ocrx_word' id='word_1_335' title='bbox 422 3024 456 3055; x_wconf 84' lang='lat' dir='ltr'>et</span> <span class='ocrx_word' id='word_1_336' title='bbox 470 3025 656 3063; x_wconf 68' lang='lat' dir='ltr'>susceptum</span> <span class='ocrx_word' id='word_1_337' title='bbox 672 3031 742 3056; x_wconf 79' lang='lat' dir='ltr'>asse</span> <span class='ocrx_word' id='word_1_338' title='bbox 753 3022 918 3056; x_wconf 79' lang='lat' dir='ltr'>contendit</span> <span class='ocrx_word' id='word_1_339' title='bbox 936 3023 1215 3064; x_wconf 56' lang='lat' dir='ltr'>Pon-pluriumque</span> 
     </span>
     <span class='ocr_line' id='line_1_48' title="bbox 166 3068 1216 3112; baseline 0.001 -10"><span class='ocrx_word' id='word_1_340' title='bbox 166 3068 284 3110; x_wconf 79' lang='lat' dir='ltr'>injuria</span> <span class='ocrx_word' id='word_1_341' title='bbox 306 3069 475 3111; x_wconf 76' lang='lat' dir='ltr'>vituperat.</span> <span class='ocrx_word' id='word_1_342' title='bbox 500 3087 530 3093; x_wconf 90' lang='lat'><strong>—</strong></span> <span class='ocrx_word' id='word_1_343' title='bbox 550 3071 597 3111; x_wconf 70' lang='grc' dir='ltr'>(ο)</span> <span class='ocrx_word' id='word_1_344' title='bbox 615 3072 788 3104; x_wconf 77' lang='lat' dir='ltr'>Pausanias</span> <span class='ocrx_word' id='word_1_345' title='bbox 806 3070 862 3104; x_wconf 85' lang='lat' dir='ltr'>lib.</span> <span class='ocrx_word' id='word_1_346' title='bbox 880 3071 938 3112; x_wconf 74' lang='lat' dir='ltr'>vt,</span> <span class='ocrx_word' id='word_1_347' title='bbox 960 3073 1009 3109; x_wconf 84' lang='lat' dir='ltr'>t7,</span> <span class='ocrx_word' id='word_1_348' title='bbox 1029 3074 1047 3103; x_wconf 86' lang='grc'><strong>8</strong></span> <span class='ocrx_word' id='word_1_349' title='bbox 1065 3080 1072 3101; x_wconf 78' lang='lat' dir='ltr'><strong><em>z</em></strong></span> <span class='ocrx_word' id='word_1_350' title='bbox 1090 3069 1180 3108; x_wconf 73' lang='grc' dir='ltr'><strong>οὗτος</strong></span> <span class='ocrx_word' id='word_1_351' title='bbox 1198 3071 1216 3103; x_wconf 84' lang='grc' dir='ltr'>ὁ</span> 
     </span>
     <span class='ocr_line' id='line_1_49' title="bbox 169 3115 1214 3160; baseline -0.001 -10"><span class='ocrx_word' id='word_1_352' title='bbox 169 3115 299 3158; x_wconf 75' lang='grc' dir='ltr'><strong>Γοργίας</strong></span> <span class='ocrx_word' id='word_1_353' title='bbox 330 3117 444 3158; x_wconf 74' lang='grc' dir='ltr'><strong>πατρὸς</strong></span> <span class='ocrx_word' id='word_1_354' title='bbox 471 3117 527 3157; x_wconf 65' lang='grc' dir='ltr'><strong>μὲν</strong></span> <span class='ocrx_word' id='word_1_355' title='bbox 554 3117 594 3158; x_wconf 71' lang='grc' dir='ltr'><strong>ἦν</strong></span> <span class='ocrx_word' id='word_1_356' title='bbox 622 3117 852 3160; x_wconf 67' lang='grc' dir='ltr'>Χαρμαντίδου.</span> <span class='ocrx_word' id='word_1_357' title='bbox 867 3135 906 3142; x_wconf 92' lang='grc'>-</span> <span class='ocrx_word' id='word_1_358' title='bbox 924 3118 970 3158; x_wconf 80' lang='grc'>(6)</span> <span class='ocrx_word' id='word_1_359' title='bbox 1001 3117 1090 3150; x_wconf 79' lang='lat' dir='ltr'>Plato</span> <span class='ocrx_word' id='word_1_360' title='bbox 1119 3119 1214 3158; x_wconf 82' lang='lat' dir='ltr'>Gorg.</span> 
     </span>
     <span class='ocr_line' id='line_1_50' title="bbox 168 3163 1217 3207; baseline 0.001 -11"><span class='ocrx_word' id='word_1_361' title='bbox 168 3171 200 3204; x_wconf 74' lang='lat' dir='ltr'>p.</span> <span class='ocrx_word' id='word_1_362' title='bbox 225 3165 285 3197; x_wconf 67' lang='lat'>4⁴8</span> <span class='ocrx_word' id='word_1_363' title='bbox 300 3164 325 3196; x_wconf 80' lang='lat' dir='ltr'>B</span> <span class='ocrx_word' id='word_1_364' title='bbox 339 3174 347 3196; x_wconf 70' lang='grc' dir='ltr'><strong>ι</strong></span> <span class='ocrx_word' id='word_1_365' title='bbox 362 3163 447 3197; x_wconf 72' lang='lat' dir='ltr'>XM.</span> <span class='ocrx_word' id='word_1_366' title='bbox 477 3164 604 3206; x_wconf 74' lang='grc' dir='ltr'><strong>Ἐρωτῶ</strong></span> <span class='ocrx_word' id='word_1_367' title='bbox 616 3164 675 3204; x_wconf 78' lang='grc' dir='ltr'>δή,</span> <span class='ocrx_word' id='word_1_368' title='bbox 688 3166 715 3198; x_wconf 75' lang='grc' dir='ltr'>εί</span> <span class='ocrx_word' id='word_1_369' title='bbox 735 3166 881 3207; x_wconf 72' lang='grc' dir='ltr'><strong>ίτυγχανι</strong></span> <span class='ocrx_word' id='word_1_370' title='bbox 897 3165 1024 3205; x_wconf 72' lang='grc' dir='ltr'><strong>Γοργίας</strong></span> <span class='ocrx_word' id='word_1_371' title='bbox 1037 3165 1217 3205; x_wconf 63' lang='grc' dir='ltr'><strong>ἐπιστήμων</strong></span> 
     </span>
     <span class='ocr_line' id='line_1_51' title="bbox 166 3210 1216 3253; baseline 0 -10"><span class='ocrx_word' id='word_1_372' title='bbox 166 3210 212 3243; x_wconf 65' lang='grc' dir='ltr'><strong>ὧν</strong></span> <span class='ocrx_word' id='word_1_373' title='bbox 233 3214 288 3249; x_wconf 77' lang='grc' dir='ltr'>τῆς</span> <span class='ocrx_word' id='word_1_374' title='bbox 313 3210 442 3252; x_wconf 64' lang='grc' dir='ltr'><strong>τέχνης,</strong></span> <span class='ocrx_word' id='word_1_375' title='bbox 458 3210 560 3253; x_wconf 77' lang='grc' dir='ltr'><strong>ἡστιερ</strong></span> <span class='ocrx_word' id='word_1_376' title='bbox 582 3212 601 3245; x_wconf 82' lang='grc' dir='ltr'><strong>δ</strong></span> <span class='ocrx_word' id='word_1_377' title='bbox 619 3211 748 3253; x_wconf 73' lang='grc' dir='ltr'><strong>ἁδελφὸς</strong></span> <span class='ocrx_word' id='word_1_378' title='bbox 778 3214 876 3245; x_wconf 81' lang='grc' dir='ltr'><strong>αὐτοῦ</strong></span> <span class='ocrx_word' id='word_1_379' title='bbox 894 3213 1074 3253; x_wconf 80' lang='grc' dir='ltr'><strong>ἸΙροδικος.</strong></span> <span class='ocrx_word' id='word_1_380' title='bbox 1091 3211 1161 3244; x_wconf 85' lang='grc' dir='ltr'><strong>τίνα</strong></span> <span class='ocrx_word' id='word_1_381' title='bbox 1179 3213 1216 3244; x_wconf 74' lang='grc' dir='ltr'><strong>ἄν</strong></span> 
     </span>
     <span class='ocr_line' id='line_1_52' title="bbox 167 3257 1216 3302; baseline 0.001 -12"><span class='ocrx_word' id='word_1_382' title='bbox 167 3257 261 3290; x_wconf 75' lang='grc' dir='ltr'><strong>αὐτὸν</strong></span> <span class='ocrx_word' id='word_1_383' title='bbox 285 3257 485 3299; x_wconf 64' lang='grc' dir='ltr'><strong>ὡνομάζομιν</strong></span> <span class='ocrx_word' id='word_1_384' title='bbox 510 3258 660 3300; x_wconf 51' lang='lat' dir='ltr'>&amp;aalma</span> <span class='ocrx_word' id='word_1_385' title='bbox 675 3259 737 3302; x_wconf 80' lang='grc' dir='ltr'>οὐχ</span> <span class='ocrx_word' id='word_1_386' title='bbox 752 3261 830 3302; x_wconf 77' lang='grc' dir='ltr'><strong>ὂπιρ</strong></span> <span class='ocrx_word' id='word_1_387' title='bbox 853 3260 988 3298; x_wconf 57' lang='lat' dir='ltr'>tahon</span> <span class='ocrx_word' id='word_1_388' title='bbox 1007 3260 1107 3292; x_wconf 79' lang='grc' dir='ltr'><strong>ΙΙΩΔ.</strong></span> <span class='ocrx_word' id='word_1_389' title='bbox 1129 3259 1216 3292; x_wconf 77' lang='grc' dir='ltr'><strong>Πάνυ</strong></span> 
     </span>
     <span class='ocr_line' id='line_1_53' title="bbox 166 3301 1215 3347; baseline 0.005 -12"><span class='ocrx_word' id='word_1_390' title='bbox 166 3313 215 3345; x_wconf 88' lang='grc' dir='ltr'>γε.</span> <span class='ocrx_word' id='word_1_391' title='bbox 233 3304 316 3336; x_wconf 72' lang='lat' dir='ltr'>XM.</span> <span class='ocrx_word' id='word_1_392' title='bbox 333 3301 452 3346; x_wconf 70' lang='grc' dir='ltr'><strong>’ἰατρὸν</strong></span> <span class='ocrx_word' id='word_1_393' title='bbox 468 3303 531 3347; x_wconf 67' lang='grc' dir='ltr'>ἀρα</span> <span class='ocrx_word' id='word_1_394' title='bbox 547 3304 717 3346; x_wconf 61' lang='grc' dir='ltr'><strong>φάσκοντες</strong></span> <span class='ocrx_word' id='word_1_395' title='bbox 734 3306 829 3338; x_wconf 76' lang='grc' dir='ltr'><strong>αὐτὸν</strong></span> <span class='ocrx_word' id='word_1_396' title='bbox 845 3305 923 3337; x_wconf 75' lang='grc' dir='ltr'><strong>εἶναι</strong></span> <span class='ocrx_word' id='word_1_397' title='bbox 941 3307 1042 3342; x_wconf 77' lang='grc' dir='ltr'><strong>καλῶς</strong></span> <span class='ocrx_word' id='word_1_398' title='bbox 1058 3306 1096 3338; x_wconf 77' lang='grc' dir='ltr'><strong>ἂν</strong></span> <span class='ocrx_word' id='word_1_399' title='bbox 1112 3306 1215 3346; x_wconf 60' lang='lat' dir='ltr'>turo·</span> 
     </span>
     <span class='ocr_line' id='line_1_54' title="bbox 167 3349 1217 3395; baseline 0.002 -12"><span class='ocrx_word' id='word_1_400' title='bbox 167 3359 237 3393; x_wconf 71' lang='grc' dir='ltr'><strong>μεν.</strong></span> <span class='ocrx_word' id='word_1_401' title='bbox 250 3368 291 3378; x_wconf 91' lang='grc'>-</span> <span class='ocrx_word' id='word_1_402' title='bbox 303 3349 351 3392; x_wconf 89' lang='grc'>(7)</span> <span class='ocrx_word' id='word_1_403' title='bbox 367 3351 476 3384; x_wconf 75' lang='lat' dir='ltr'>schot.</span> <span class='ocrx_word' id='word_1_404' title='bbox 493 3351 534 3384; x_wconf 85' lang='lat' dir='ltr'>ad</span> <span class='ocrx_word' id='word_1_405' title='bbox 553 3352 631 3385; x_wconf 73' lang='lat' dir='ltr'>t‘tat.</span> <span class='ocrx_word' id='word_1_406' title='bbox 648 3355 747 3393; x_wconf 83' lang='lat' dir='ltr'>Gorg.</span> <span class='ocrx_word' id='word_1_407' title='bbox 762 3353 782 3384; x_wconf 86' lang='grc' dir='ltr'><strong>Ι.</strong></span> <span class='ocrx_word' id='word_1_408' title='bbox 801 3362 831 3385; x_wconf 78' lang='lat' dir='ltr'>c.</span> <span class='ocrx_word' id='word_1_409' title='bbox 852 3365 860 3384; x_wconf 72' lang='grc' dir='ltr'><strong>ι</strong></span> <span class='ocrx_word' id='word_1_410' title='bbox 876 3352 965 3389; x_wconf 81' lang='grc' dir='ltr'><strong>οὗτος</strong></span> <span class='ocrx_word' id='word_1_411' title='bbox 985 3354 1044 3395; x_wconf 72' lang='grc' dir='ltr'>οὐχ</span> <span class='ocrx_word' id='word_1_412' title='bbox 1059 3354 1077 3385; x_wconf 83' lang='grc' dir='ltr'><strong>ό</strong></span> <span class='ocrx_word' id='word_1_413' title='bbox 1095 3353 1217 3395; x_wconf 80' lang='grc' dir='ltr'><strong>Σηλυμ-</strong></span> 
     </span>
     <span class='ocr_line' id='line_1_55' title="bbox 168 3397 1212 3443; baseline 0.003 -13"><span class='ocrx_word' id='word_1_414' title='bbox 168 3397 291 3440; x_wconf 72' lang='grc' dir='ltr'><strong>δριανός</strong></span> <span class='ocrx_word' id='word_1_415' title='bbox 308 3397 393 3431; x_wconf 70' lang='lat' dir='ltr'>tem</span> <span class='ocrx_word' id='word_1_416' title='bbox 410 3398 592 3441; x_wconf 72' lang='grc' dir='ltr'><strong>Ἡρόδικος,</strong></span> <span class='ocrx_word' id='word_1_417' title='bbox 609 3399 675 3432; x_wconf 67' lang='grc' dir='ltr'>ἀλλ’</span> <span class='ocrx_word' id='word_1_418' title='bbox 686 3401 705 3433; x_wconf 87' lang='grc' dir='ltr'><strong>ό</strong></span> <span class='ocrx_word' id='word_1_419' title='bbox 722 3402 901 3438; x_wconf 78' lang='grc' dir='ltr'><strong>Διοντῖνος.</strong></span> <span class='ocrx_word' id='word_1_420' title='bbox 920 3400 1049 3441; x_wconf 73' lang='grc' dir='ltr'><strong>Γοργίου</strong></span> <span class='ocrx_word' id='word_1_421' title='bbox 1067 3400 1212 3443; x_wconf 60' lang='grc' dir='ltr'><strong>ἁδελφός.</strong></span> 
     </span>
     <span class='ocr_line' id='line_1_56' title="bbox 168 3442 1215 3488; baseline 0.003 -10"><span class='ocrx_word' id='word_1_422' title='bbox 168 3442 254 3478; x_wconf 70' lang='lat' dir='ltr'>Vlds</span> <span class='ocrx_word' id='word_1_423' title='bbox 281 3442 446 3479; x_wconf 70' lang='lat' dir='ltr'>uetadun.</span> <span class='ocrx_word' id='word_1_424' title='bbox 462 3444 504 3478; x_wconf 85' lang='lat' dir='ltr'>sd</span> <span class='ocrx_word' id='word_1_425' title='bbox 530 3445 612 3480; x_wconf 76' lang='lat' dir='ltr'>t’tst.</span> <span class='ocrx_word' id='word_1_426' title='bbox 630 3446 758 3480; x_wconf 61' lang='lat' dir='ltr'>Pina-dr.</span> <span class='ocrx_word' id='word_1_427' title='bbox 780 3455 811 3488; x_wconf 73' lang='lat' dir='ltr'>p.</span> <span class='ocrx_word' id='word_1_428' title='bbox 840 3447 899 3480; x_wconf 78' lang='lat'>227</span> <span class='ocrx_word' id='word_1_429' title='bbox 923 3447 962 3479; x_wconf 77' lang='lat'>1).</span> <span class='ocrx_word' id='word_1_430' title='bbox 977 3464 1017 3475; x_wconf 88' lang='lat'>-</span> <span class='ocrx_word' id='word_1_431' title='bbox 1032 3448 1079 3488; x_wconf 74' lang='grc' dir='ltr'>(δ)</span> <span class='ocrx_word' id='word_1_432' title='bbox 1097 3449 1215 3481; x_wconf 77' lang='lat' dir='ltr'>Pausa·</span> 
     </span>
    </p>
   </div>
   <div class='ocr_carea' id='block_1_7' title="bbox 1272 693 2328 2037">
    <p class='ocr_par' dir='ltr' id='par_1_8' title="bbox 1272 693 2323 1325">
     <span class='ocr_line' id='line_1_57' title="bbox 1272 693 2314 746; baseline 0 -13"><span class='ocrx_word' id='word_1_433' title='bbox 1272 708 1416 735; x_wconf 86' lang='lat' dir='ltr'>ramus.</span> <span class='ocrx_word' id='word_1_434' title='bbox 1437 694 1542 734; x_wconf 89' lang='lat' dir='ltr'>Nihil</span> <span class='ocrx_word' id='word_1_435' title='bbox 1570 704 1755 746; x_wconf 85' lang='lat' dir='ltr'>praeterea</span> <span class='ocrx_word' id='word_1_436' title='bbox 1776 694 1824 734; x_wconf 92' lang='lat' dir='ltr'>de</span> <span class='ocrx_word' id='word_1_437' title='bbox 1836 693 1993 745; x_wconf 85' lang='lat' dir='ltr'>Gorgiae</span> <span class='ocrx_word' id='word_1_438' title='bbox 2010 693 2156 732; x_wconf 83' lang='lat' dir='ltr'>familia</span> <span class='ocrx_word' id='word_1_439' title='bbox 2176 707 2314 733; x_wconf 88' lang='lat' dir='ltr'>monu-</span> 
     </span>
     <span class='ocr_line' id='line_1_58' title="bbox 1273 753 2315 807; baseline -0.001 -15"><span class='ocrx_word' id='word_1_440' title='bbox 1273 763 1401 793; x_wconf 89' lang='lat' dir='ltr'>menta</span> <span class='ocrx_word' id='word_1_441' title='bbox 1414 754 1528 793; x_wconf 90' lang='lat' dir='ltr'>nobis</span> <span class='ocrx_word' id='word_1_442' title='bbox 1552 755 1767 806; x_wconf 83' lang='lat' dir='ltr'>litteraeque</span> <span class='ocrx_word' id='word_1_443' title='bbox 1785 753 2056 807; x_wconf 86' lang='lat' dir='ltr'>prodiderunt,</span> <span class='ocrx_word' id='word_1_444' title='bbox 2081 767 2315 805; x_wconf 88' lang='lat' dir='ltr'>quamquam</span> 
     </span>
     <span class='ocr_line' id='line_1_59' title="bbox 1276 813 2316 861; baseline -0.001 -9"><span class='ocrx_word' id='word_1_445' title='bbox 1276 813 1387 852; x_wconf 83' lang='lat' dir='ltr'>facile</span> <span class='ocrx_word' id='word_1_446' title='bbox 1406 813 1590 861; x_wconf 88' lang='lat' dir='ltr'>adducor,</span> <span class='ocrx_word' id='word_1_447' title='bbox 1613 822 1654 851; x_wconf 91' lang='lat' dir='ltr'>ut</span> <span class='ocrx_word' id='word_1_448' title='bbox 1674 814 1801 852; x_wconf 83' lang='lat' dir='ltr'>virum</span> <span class='ocrx_word' id='word_1_449' title='bbox 1823 813 2130 852; x_wconf 88' lang='lat' dir='ltr'>illustrissimum</span> <span class='ocrx_word' id='word_1_450' title='bbox 2151 813 2316 852; x_wconf 87' lang='lat' dir='ltr'>honesto</span> 
     </span>
     <span class='ocr_line' id='line_1_60' title="bbox 1272 871 2319 912; baseline -0.001 -1"><span class='ocrx_word' id='word_1_451' title='bbox 1272 873 1374 911; x_wconf 88' lang='lat' dir='ltr'>inter</span> <span class='ocrx_word' id='word_1_452' title='bbox 1394 885 1484 911; x_wconf 90' lang='lat' dir='ltr'>suos</span> <span class='ocrx_word' id='word_1_453' title='bbox 1503 872 1590 910; x_wconf 94' lang='lat' dir='ltr'>loco</span> <span class='ocrx_word' id='word_1_454' title='bbox 1611 880 1738 910; x_wconf 86' lang='lat' dir='ltr'>ortum</span> <span class='ocrx_word' id='word_1_455' title='bbox 1759 884 1843 910; x_wconf 87' lang='lat' dir='ltr'>esse</span> <span class='ocrx_word' id='word_1_456' title='bbox 1864 872 2034 912; x_wconf 88' lang='lat' dir='ltr'>credam.</span> <span class='ocrx_word' id='word_1_457' title='bbox 2064 872 2116 911; x_wconf 87' lang='lat' dir='ltr'>At</span> <span class='ocrx_word' id='word_1_458' title='bbox 2138 871 2319 910; x_wconf 87' lang='lat' dir='ltr'>Leontini</span> 
     </span>
     <span class='ocr_line' id='line_1_61' title="bbox 1273 929 2319 982; baseline -0.001 -13"><span class='ocrx_word' id='word_1_459' title='bbox 1273 944 1433 970; x_wconf 91' lang='lat' dir='ltr'>nummo</span> <span class='ocrx_word' id='word_1_460' title='bbox 1454 932 1495 969; x_wconf 94' lang='lat' dir='ltr'>in</span> <span class='ocrx_word' id='word_1_461' title='bbox 1515 930 1600 982; x_wconf 90' lang='lat' dir='ltr'>ejus</span> <span class='ocrx_word' id='word_1_462' title='bbox 1625 930 1812 968; x_wconf 87' lang='lat' dir='ltr'>honorem</span> <span class='ocrx_word' id='word_1_463' title='bbox 1835 943 1947 978; x_wconf 90' lang='lat' dir='ltr'>cuso,</span> <span class='ocrx_word' id='word_1_464' title='bbox 1966 943 2080 981; x_wconf 91' lang='lat' dir='ltr'>quem</span> <span class='ocrx_word' id='word_1_465' title='bbox 2101 929 2150 968; x_wconf 91' lang='lat' dir='ltr'>ab</span> <span class='ocrx_word' id='word_1_466' title='bbox 2166 930 2319 968; x_wconf 84' lang='lat' dir='ltr'>llaimio</span> 
     </span>
     <span class='ocr_line' id='line_1_62' title="bbox 1273 988 2319 1039; baseline 0.001 -11"><span class='ocrx_word' id='word_1_467' title='bbox 1273 990 1313 1028; x_wconf 92' lang='lat' dir='ltr'>in</span> <span class='ocrx_word' id='word_1_468' title='bbox 1334 989 1522 1029; x_wconf 87' lang='lat' dir='ltr'>Thesaur.</span> <span class='ocrx_word' id='word_1_469' title='bbox 1545 989 1640 1028; x_wconf 85' lang='lat' dir='ltr'>Brit.</span> <span class='ocrx_word' id='word_1_470' title='bbox 1661 997 1754 1029; x_wconf 89' lang='lat' dir='ltr'>tom.</span> <span class='ocrx_word' id='word_1_471' title='bbox 1778 988 1812 1026; x_wconf 92' lang='lat' dir='ltr'>ll</span> <span class='ocrx_word' id='word_1_472' title='bbox 1831 1002 1868 1039; x_wconf 89' lang='lat' dir='ltr'>p.</span> <span class='ocrx_word' id='word_1_473' title='bbox 1886 988 1936 1039; x_wconf 86' lang='lat'>59</span> <span class='ocrx_word' id='word_1_474' title='bbox 1952 988 2098 1027; x_wconf 85' lang='lat' dir='ltr'>editum</span> <span class='ocrx_word' id='word_1_475' title='bbox 2118 1001 2203 1028; x_wconf 89' lang='lat' dir='ltr'>esse</span> <span class='ocrx_word' id='word_1_476' title='bbox 2223 989 2319 1029; x_wconf 82' lang='lat' dir='ltr'>Abr.</span> 
     </span>
     <span class='ocr_line' id='line_1_63' title="bbox 1273 1047 2319 1100; baseline 0 -13"><span class='ocrx_word' id='word_1_477' title='bbox 1273 1049 1500 1087; x_wconf 87' lang='lat' dir='ltr'>Gronovius</span> <span class='ocrx_word' id='word_1_478' title='bbox 1516 1048 1564 1086; x_wconf 89' lang='lat' dir='ltr'>ad</span> <span class='ocrx_word' id='word_1_479' title='bbox 1579 1047 1717 1086; x_wconf 78' lang='lat' dir='ltr'>AElian.</span> <span class='ocrx_word' id='word_1_480' title='bbox 1728 1048 1823 1087; x_wconf 88' lang='lat' dir='ltr'>Var.</span> <span class='ocrx_word' id='word_1_481' title='bbox 1838 1047 1929 1086; x_wconf 89' lang='lat' dir='ltr'>bist.</span> <span class='ocrx_word' id='word_1_482' title='bbox 1941 1062 1981 1100; x_wconf 89' lang='lat' dir='ltr'>p.</span> <span class='ocrx_word' id='word_1_483' title='bbox 2000 1054 2048 1094; x_wconf 71' lang='lat'>42</span> <span class='ocrx_word' id='word_1_484' title='bbox 2063 1048 2194 1098; x_wconf 83' lang='lat' dir='ltr'>refert,</span> <span class='ocrx_word' id='word_1_485' title='bbox 2205 1062 2319 1100; x_wconf 91' lang='lat' dir='ltr'>quam</span> 
     </span>
     <span class='ocr_line' id='line_1_64' title="bbox 1274 1106 2323 1159; baseline 0 -13"><span class='ocrx_word' id='word_1_486' title='bbox 1274 1121 1388 1146; x_wconf 85' lang='lat' dir='ltr'>carus</span> <span class='ocrx_word' id='word_1_487' title='bbox 1402 1106 1574 1159; x_wconf 84' lang='lat' dir='ltr'>sophista</span> <span class='ocrx_word' id='word_1_488' title='bbox 1588 1106 1685 1158; x_wconf 85' lang='lat' dir='ltr'>ipsis</span> <span class='ocrx_word' id='word_1_489' title='bbox 1707 1106 1837 1153; x_wconf 86' lang='lat' dir='ltr'>suerit,</span> <span class='ocrx_word' id='word_1_490' title='bbox 1853 1106 2121 1146; x_wconf 88' lang='lat' dir='ltr'>ostenderunt.</span> <span class='ocrx_word' id='word_1_491' title='bbox 2140 1107 2323 1146; x_wconf 86' lang='lat' dir='ltr'>Continet</span> 
     </span>
     <span class='ocr_line' id='line_1_65' title="bbox 1275 1164 2323 1218; baseline 0 -12"><span class='ocrx_word' id='word_1_492' title='bbox 1275 1175 1401 1206; x_wconf 88' lang='lat' dir='ltr'>autem</span> <span class='ocrx_word' id='word_1_493' title='bbox 1425 1178 1608 1205; x_wconf 88' lang='lat' dir='ltr'>nummus</span> <span class='ocrx_word' id='word_1_494' title='bbox 1628 1165 1697 1203; x_wconf 91' lang='lat' dir='ltr'>ille</span> <span class='ocrx_word' id='word_1_495' title='bbox 1724 1165 1765 1203; x_wconf 95' lang='lat' dir='ltr'>in</span> <span class='ocrx_word' id='word_1_496' title='bbox 1793 1164 1955 1204; x_wconf 78' lang='lat' dir='ltr'>adversa</span> <span class='ocrx_word' id='word_1_497' title='bbox 1982 1175 2092 1217; x_wconf 88' lang='lat' dir='ltr'>parte</span> <span class='ocrx_word' id='word_1_498' title='bbox 2125 1166 2323 1218; x_wconf 82' lang='lat' dir='ltr'>Apollinis</span> 
     </span>
     <span class='ocr_line' id='line_1_66' title="bbox 1275 1224 2322 1278; baseline 0 -14"><span class='ocrx_word' id='word_1_499' title='bbox 1275 1235 1403 1278; x_wconf 87' lang='lat' dir='ltr'>caput,</span> <span class='ocrx_word' id='word_1_500' title='bbox 1422 1226 1463 1264; x_wconf 91' lang='lat' dir='ltr'>in</span> <span class='ocrx_word' id='word_1_501' title='bbox 1487 1237 1623 1263; x_wconf 89' lang='lat' dir='ltr'>aversa</span> <span class='ocrx_word' id='word_1_502' title='bbox 1644 1237 1811 1276; x_wconf 83' lang='lat' dir='ltr'>cygnum</span> <span class='ocrx_word' id='word_1_503' title='bbox 1842 1237 1929 1262; x_wconf 87' lang='lat' dir='ltr'>cum</span> <span class='ocrx_word' id='word_1_504' title='bbox 1958 1224 2030 1263; x_wconf 92' lang='lat' dir='ltr'>hac</span> <span class='ocrx_word' id='word_1_505' title='bbox 2062 1226 2322 1278; x_wconf 88' lang='lat' dir='ltr'>inscriptione</span> 
     </span>
     <span class='ocr_line' id='line_1_67' title="bbox 1276 1284 1615 1325; baseline -0.006 0"><span class='ocrx_word' id='word_1_506' title='bbox 1276 1284 1615 1325; x_wconf 80' lang='grc' dir='ltr'><strong>ΓΟΡΓΙΑΣΛΕΟ.</strong></span> 
     </span>
    </p>

    <p class='ocr_par' dir='ltr' id='par_1_9' title="bbox 1275 1341 2328 2037">
     <span class='ocr_line' id='line_1_68' title="bbox 1330 1341 2324 1395; baseline 0 -13"><span class='ocrx_word' id='word_1_507' title='bbox 1330 1345 1362 1382; x_wconf 79' lang='grc' dir='ltr'>Α</span> <span class='ocrx_word' id='word_1_508' title='bbox 1386 1343 1532 1395; x_wconf 90' lang='lat' dir='ltr'>quibus</span> <span class='ocrx_word' id='word_1_509' title='bbox 1550 1342 1772 1394; x_wconf 67' lang='lat' dir='ltr'>disciplinae</span> <span class='ocrx_word' id='word_1_510' title='bbox 1795 1341 1921 1381; x_wconf 90' lang='lat' dir='ltr'>initiis</span> <span class='ocrx_word' id='word_1_511' title='bbox 1940 1342 2136 1394; x_wconf 80' lang='lat' dir='ltr'>profectus</span> <span class='ocrx_word' id='word_1_512' title='bbox 2155 1345 2204 1381; x_wconf 90' lang='lat' dir='ltr'>sit</span> <span class='ocrx_word' id='word_1_513' title='bbox 2224 1343 2324 1382; x_wconf 88' lang='lat' dir='ltr'>Gor-</span> 
     </span>
     <span class='ocr_line' id='line_1_69' title="bbox 1277 1398 2324 1454; baseline 0.001 -15"><span class='ocrx_word' id='word_1_514' title='bbox 1277 1401 1380 1450; x_wconf 79' lang='lat' dir='ltr'>gias,</span> <span class='ocrx_word' id='word_1_515' title='bbox 1398 1403 1586 1439; x_wconf 90' lang='lat' dir='ltr'>incertum</span> <span class='ocrx_word' id='word_1_516' title='bbox 1604 1408 1675 1439; x_wconf 90' lang='lat' dir='ltr'>est.</span> <span class='ocrx_word' id='word_1_517' title='bbox 1709 1398 1867 1447; x_wconf 90' lang='lat' dir='ltr'>Verum,</span> <span class='ocrx_word' id='word_1_518' title='bbox 1890 1400 1923 1438; x_wconf 92' lang='lat' dir='ltr'>si</span> <span class='ocrx_word' id='word_1_519' title='bbox 1948 1400 2042 1439; x_wconf 81' lang='lat' dir='ltr'>[ides</span> <span class='ocrx_word' id='word_1_520' title='bbox 2059 1401 2199 1452; x_wconf 81' lang='lat' dir='ltr'>Satyro</span> <span class='ocrx_word' id='word_1_521' title='bbox 2220 1402 2324 1454; x_wconf 91' lang='lat' dir='ltr'>apud</span> 
     </span>
     <span class='ocr_line' id='line_1_70' title="bbox 1277 1457 2327 1510; baseline 0.003 -14"><span class='ocrx_word' id='word_1_522' title='bbox 1277 1459 1488 1509; x_wconf 84' lang='lat' dir='ltr'>Diogenem</span> <span class='ocrx_word' id='word_1_523' title='bbox 1509 1458 1705 1496; x_wconf 82' lang='lat' dir='ltr'>Laertium</span> <span class='ocrx_word' id='word_1_524' title='bbox 1729 1458 1787 1510; x_wconf 87' lang='lat'>(9)</span> <span class='ocrx_word' id='word_1_525' title='bbox 1807 1457 1878 1497; x_wconf 91' lang='lat' dir='ltr'>lib.</span> <span class='ocrx_word' id='word_1_526' title='bbox 1900 1457 2006 1506; x_wconf 82' lang='lat' dir='ltr'>vul,</span> <span class='ocrx_word' id='word_1_527' title='bbox 2030 1459 2080 1496; x_wconf 84' lang='lat'>58</span> <span class='ocrx_word' id='word_1_528' title='bbox 2097 1468 2212 1510; x_wconf 87' lang='lat' dir='ltr'>atque</span> <span class='ocrx_word' id='word_1_529' title='bbox 2238 1460 2327 1500; x_wconf 87' lang='lat' dir='ltr'>aliis</span> 
     </span>
     <span class='ocr_line' id='line_1_71' title="bbox 1276 1516 2324 1568; baseline 0.003 -13"><span class='ocrx_word' id='word_1_530' title='bbox 1276 1516 1558 1568; x_wconf 88' lang='lat' dir='ltr'>scriptoribus,</span> <span class='ocrx_word' id='word_1_531' title='bbox 1576 1516 1849 1568; x_wconf 82' lang='lat' dir='ltr'>Empedoclem</span> <span class='ocrx_word' id='word_1_532' title='bbox 1870 1525 1907 1554; x_wconf 92' lang='lat' dir='ltr'>et</span> <span class='ocrx_word' id='word_1_533' title='bbox 1927 1517 2173 1567; x_wconf 87' lang='lat' dir='ltr'>intelligendi</span> <span class='ocrx_word' id='word_1_534' title='bbox 2199 1527 2237 1557; x_wconf 87' lang='lat' dir='ltr'>et</span> <span class='ocrx_word' id='word_1_535' title='bbox 2265 1519 2324 1558; x_wconf 91' lang='lat' dir='ltr'>di·</span> 
     </span>
     <span class='ocr_line' id='line_1_72' title="bbox 1275 1574 2327 1625; baseline 0.002 -11"><span class='ocrx_word' id='word_1_536' title='bbox 1275 1575 1390 1614; x_wconf 89' lang='lat' dir='ltr'>cendi</span> <span class='ocrx_word' id='word_1_537' title='bbox 1417 1574 1644 1625; x_wconf 88' lang='lat' dir='ltr'>magistrum</span> <span class='ocrx_word' id='word_1_538' title='bbox 1662 1574 1815 1614; x_wconf 89' lang='lat' dir='ltr'>habuit.</span> <span class='ocrx_word' id='word_1_539' title='bbox 1873 1574 1978 1621; x_wconf 92' lang='lat' dir='ltr'>Quin</span> <span class='ocrx_word' id='word_1_540' title='bbox 2005 1576 2119 1614; x_wconf 86' lang='lat' dir='ltr'>etiam</span> <span class='ocrx_word' id='word_1_541' title='bbox 2149 1576 2327 1616; x_wconf 86' lang='lat' dir='ltr'>Socrates</span> 
     </span>
     <span class='ocr_line' id='line_1_73' title="bbox 1275 1633 2326 1687; baseline 0.003 -15"><span class='ocrx_word' id='word_1_542' title='bbox 1275 1633 1378 1687; x_wconf 87' lang='lat' dir='ltr'>apud</span> <span class='ocrx_word' id='word_1_543' title='bbox 1394 1634 1747 1673; x_wconf 82' lang='lat' dir='ltr'>Platonem.auctor</span> <span class='ocrx_word' id='word_1_544' title='bbox 1762 1642 1821 1673; x_wconf 91' lang='lat' dir='ltr'>est</span> <span class='ocrx_word' id='word_1_545' title='bbox 1836 1633 2024 1684; x_wconf 86' lang='lat' dir='ltr'>Gorgiam</span> <span class='ocrx_word' id='word_1_546' title='bbox 2044 1634 2084 1673; x_wconf 91' lang='lat' dir='ltr'>in</span> <span class='ocrx_word' id='word_1_547' title='bbox 2101 1635 2326 1675; x_wconf 77' lang='lat' dir='ltr'>deliniendo</span> 
     </span>
     <span class='ocr_line' id='line_1_74' title="bbox 1276 1690 2328 1743; baseline 0.003 -13"><span class='ocrx_word' id='word_1_548' title='bbox 1276 1692 1409 1731; x_wconf 87' lang='lat' dir='ltr'>colore</span> <span class='ocrx_word' id='word_1_549' title='bbox 1430 1690 1702 1743; x_wconf 86' lang='lat' dir='ltr'>Empedoclem</span> <span class='ocrx_word' id='word_1_550' title='bbox 1723 1704 1808 1743; x_wconf 83' lang='lat' dir='ltr'>esse</span> <span class='ocrx_word' id='word_1_551' title='bbox 1824 1701 2012 1731; x_wconf 88' lang='lat' dir='ltr'>secutum.</span> <span class='ocrx_word' id='word_1_552' title='bbox 2030 1692 2119 1731; x_wconf 87' lang='lat' dir='ltr'>Vult</span> <span class='ocrx_word' id='word_1_553' title='bbox 2135 1694 2239 1733; x_wconf 90' lang='lat' dir='ltr'>enim</span> <span class='ocrx_word' id='word_1_554' title='bbox 2261 1709 2328 1733; x_wconf 91' lang='lat' dir='ltr'>co-</span> 
     </span>
     <span class='ocr_line' id='line_1_75' title="bbox 1277 1750 2327 1803; baseline 0.004 -14"><span class='ocrx_word' id='word_1_555' title='bbox 1277 1751 1398 1789; x_wconf 89' lang='lat' dir='ltr'>lorem</span> <span class='ocrx_word' id='word_1_556' title='bbox 1417 1751 1627 1801; x_wconf 85' lang='lat' dir='ltr'>figurarum</span> <span class='ocrx_word' id='word_1_557' title='bbox 1642 1763 1726 1790; x_wconf 88' lang='lat' dir='ltr'>esse</span> <span class='ocrx_word' id='word_1_558' title='bbox 1745 1750 1964 1799; x_wconf 85' lang='lat' dir='ltr'>effluvium,</span> <span class='ocrx_word' id='word_1_559' title='bbox 1979 1752 2085 1791; x_wconf 83' lang='lat' dir='ltr'>visui</span> <span class='ocrx_word' id='word_1_560' title='bbox 2106 1766 2327 1803; x_wconf 82' lang='lat' dir='ltr'>congruens</span> 
     </span>
     <span class='ocr_line' id='line_1_76' title="bbox 1276 1809 2328 1863; baseline 0.003 -15"><span class='ocrx_word' id='word_1_561' title='bbox 1276 1818 1390 1862; x_wconf 85' lang='lat' dir='ltr'>atque</span> <span class='ocrx_word' id='word_1_562' title='bbox 1420 1809 1607 1849; x_wconf 89' lang='lat' dir='ltr'>sensibile</span> <span class='ocrx_word' id='word_1_563' title='bbox 1637 1809 1731 1863; x_wconf 92' lang='grc' dir='ltr'><strong>(ιο).</strong></span> <span class='ocrx_word' id='word_1_564' title='bbox 1762 1810 1861 1850; x_wconf 82' lang='grc' dir='ltr'><strong>ΝοΙο</strong></span> <span class='ocrx_word' id='word_1_565' title='bbox 1895 1819 2020 1849; x_wconf 89' lang='lat' dir='ltr'>tamen</span> <span class='ocrx_word' id='word_1_566' title='bbox 2049 1811 2142 1850; x_wconf 87' lang='lat' dir='ltr'>hinc</span> <span class='ocrx_word' id='word_1_567' title='bbox 2170 1813 2328 1851; x_wconf 76' lang='lat' dir='ltr'>conclu-</span> 
     </span>
     <span class='ocr_line' id='line_1_77' title="bbox 1275 1867 2327 1921; baseline 0.003 -15"><span class='ocrx_word' id='word_1_568' title='bbox 1275 1867 1368 1907; x_wconf 85' lang='lat' dir='ltr'>dere</span> <span class='ocrx_word' id='word_1_569' title='bbox 1381 1897 1393 1917; x_wconf 91' lang='lat'>,</span> <span class='ocrx_word' id='word_1_570' title='bbox 1415 1881 1502 1906; x_wconf 90' lang='lat' dir='ltr'>eum</span> <span class='ocrx_word' id='word_1_571' title='bbox 1525 1867 1567 1906; x_wconf 87' lang='lat' dir='ltr'>in</span> <span class='ocrx_word' id='word_1_572' title='bbox 1600 1881 1730 1907; x_wconf 87' lang='lat' dir='ltr'>rerum</span> <span class='ocrx_word' id='word_1_573' title='bbox 1765 1869 2094 1921; x_wconf 85' lang='lat' dir='ltr'>contemplatione</span> <span class='ocrx_word' id='word_1_574' title='bbox 2127 1870 2246 1909; x_wconf 85' lang='lat' dir='ltr'>multa</span> <span class='ocrx_word' id='word_1_575' title='bbox 2278 1871 2327 1909; x_wconf 86' lang='lat' dir='ltr'>ab</span> 
     </span>
     <span class='ocr_line' id='line_1_78' title="bbox 1278 1927 2328 1979; baseline 0.004 -15"><span class='ocrx_word' id='word_1_576' title='bbox 1278 1927 1536 1978; x_wconf 73' lang='lat' dir='ltr'>Agrigentino</span> <span class='ocrx_word' id='word_1_577' title='bbox 1574 1927 1811 1979; x_wconf 86' lang='lat' dir='ltr'>philosopho</span> <span class='ocrx_word' id='word_1_578' title='bbox 1841 1935 2054 1966; x_wconf 90' lang='lat' dir='ltr'>mutuatum</span> <span class='ocrx_word' id='word_1_579' title='bbox 2087 1941 2184 1968; x_wconf 86' lang='lat' dir='ltr'>esse.</span> <span class='ocrx_word' id='word_1_580' title='bbox 2251 1929 2328 1968; x_wconf 86' lang='lat' dir='ltr'>Nec</span> 
     </span>
     <span class='ocr_line' id='line_1_79' title="bbox 1276 1984 2325 2037; baseline 0.003 -13"><span class='ocrx_word' id='word_1_581' title='bbox 1276 1994 1464 2037; x_wconf 87' lang='lat' dir='ltr'>quantum</span> <span class='ocrx_word' id='word_1_582' title='bbox 1488 1986 1531 2025; x_wconf 88' lang='lat' dir='ltr'>in</span> <span class='ocrx_word' id='word_1_583' title='bbox 1555 1984 1657 2024; x_wconf 90' lang='lat' dir='ltr'>bene</span> <span class='ocrx_word' id='word_1_584' title='bbox 1675 1985 1832 2024; x_wconf 90' lang='lat' dir='ltr'>dicendi</span> <span class='ocrx_word' id='word_1_585' title='bbox 1853 1985 2017 2025; x_wconf 90' lang='lat' dir='ltr'>scientia</span> <span class='ocrx_word' id='word_1_586' title='bbox 2039 1986 2097 2025; x_wconf 89' lang='lat' dir='ltr'>illi</span> <span class='ocrx_word' id='word_1_587' title='bbox 2120 1986 2325 2037; x_wconf 87' lang='lat' dir='ltr'>debuerit,</span> 
     </span>
    </p>
   </div>
   <div class='ocr_carea' id='block_1_8' title="bbox 1277 2047 2331 2283">
    <p class='ocr_par' dir='ltr' id='par_1_10' title="bbox 1277 2047 2331 2283">
     <span class='ocr_line' id='line_1_80' title="bbox 1277 2047 2326 2098; baseline 0.002 -12"><span class='ocrx_word' id='word_1_588' title='bbox 1277 2047 1371 2087; x_wconf 88' lang='lat' dir='ltr'>satis</span> <span class='ocrx_word' id='word_1_589' title='bbox 1390 2055 1553 2087; x_wconf 89' lang='lat' dir='ltr'>constat.</span> <span class='ocrx_word' id='word_1_590' title='bbox 1576 2047 1661 2094; x_wconf 91' lang='lat' dir='ltr'>Qua</span> <span class='ocrx_word' id='word_1_591' title='bbox 1677 2047 1726 2086; x_wconf 91' lang='lat' dir='ltr'>de</span> <span class='ocrx_word' id='word_1_592' title='bbox 1745 2061 1787 2086; x_wconf 87' lang='lat' dir='ltr'>re</span> <span class='ocrx_word' id='word_1_593' title='bbox 1805 2047 2074 2094; x_wconf 87' lang='lat' dir='ltr'>Quintilianus</span> <span class='ocrx_word' id='word_1_594' title='bbox 2094 2047 2165 2089; x_wconf 88' lang='lat' dir='ltr'>lib.</span> <span class='ocrx_word' id='word_1_595' title='bbox 2190 2048 2264 2096; x_wconf 86' lang='lat'>111,</span> <span class='ocrx_word' id='word_1_596' title='bbox 2290 2064 2326 2098; x_wconf 86' lang='grc' dir='ltr'><strong>ι,</strong></span> 
     </span>
     <span class='ocr_line' id='line_1_81' title="bbox 1277 2106 2331 2159; baseline 0.004 -16"><span class='ocrx_word' id='word_1_597' title='bbox 1277 2106 1301 2143; x_wconf 89' lang='grc'>8</span> <span class='ocrx_word' id='word_1_598' title='bbox 1325 2120 1334 2144; x_wconf 87' lang='lat'>:</span> <span class='ocrx_word' id='word_1_599' title='bbox 1357 2108 1459 2144; x_wconf 80' lang='lat' dir='ltr'>Nam</span> <span class='ocrx_word' id='word_1_600' title='bbox 1486 2111 1654 2158; x_wconf 72' lang='lat' dir='ltr'>prmius,</span> <span class='ocrx_word' id='word_1_601' title='bbox 1676 2106 1825 2158; x_wconf 89' lang='lat' dir='ltr'>inquit,</span> <span class='ocrx_word' id='word_1_602' title='bbox 1856 2115 1941 2157; x_wconf 81' lang='lat' dir='ltr'>pose</span> <span class='ocrx_word' id='word_1_603' title='bbox 1970 2120 2049 2153; x_wconf 80' lang='lat' dir='ltr'>eos,</span> <span class='ocrx_word' id='word_1_604' title='bbox 2085 2121 2176 2158; x_wconf 74' lang='lat' dir='ltr'>quos</span> <span class='ocrx_word' id='word_1_605' title='bbox 2199 2118 2331 2159; x_wconf 62' lang='grc' dir='ltr'><strong>μορίω·</strong></span> 
     </span>
     <span class='ocr_line' id='line_1_82' title="bbox 1277 2173 2329 2222; baseline 0.004 -15"><span class='ocrx_word' id='word_1_606' title='bbox 1277 2173 1529 2221; x_wconf 76' lang='lat' dir='ltr'>tradiderunt,</span> <span class='ocrx_word' id='word_1_607' title='bbox 1580 2176 1733 2209; x_wconf 75' lang='lat' dir='ltr'>movisse</span> <span class='ocrx_word' id='word_1_608' title='bbox 1796 2173 1928 2222; x_wconf 79' lang='lat' dir='ltr'>aliqua</span> <span class='ocrx_word' id='word_1_609' title='bbox 1974 2176 2077 2209; x_wconf 82' lang='lat' dir='ltr'>circa</span> <span class='ocrx_word' id='word_1_610' title='bbox 2123 2173 2329 2211; x_wconf 73' lang='lat' dir='ltr'>rhetoricen</span> 
     </span>
     <span class='ocr_line' id='line_1_83' title="bbox 1278 2232 2330 2283; baseline 0.002 -15"><span class='ocrx_word' id='word_1_611' title='bbox 1278 2233 1522 2282; x_wconf 81' lang='lat' dir='ltr'>Empedocles</span> <span class='ocrx_word' id='word_1_612' title='bbox 1544 2232 1622 2283; x_wconf 88' lang='grc' dir='ltr'>(ιι)</span> <span class='ocrx_word' id='word_1_613' title='bbox 1644 2233 1793 2271; x_wconf 79' lang='lat' dir='ltr'>dicitur.</span> <span class='ocrx_word' id='word_1_614' title='bbox 1817 2235 1963 2269; x_wconf 75' lang='lat' dir='ltr'>Artium</span> <span class='ocrx_word' id='word_1_615' title='bbox 1989 2240 2114 2268; x_wconf 79' lang='lat' dir='ltr'>autem</span> <span class='ocrx_word' id='word_1_616' title='bbox 2132 2236 2330 2283; x_wconf 79' lang='lat' dir='ltr'>scriptores</span> 
     </span>
    </p>
   </div>
   <div class='ocr_carea' id='block_1_9' title="bbox 1277 2363 2332 3492">
    <p class='ocr_par' dir='ltr' id='par_1_11' title="bbox 1277 2363 2332 3492">
     <span class='ocr_line' id='line_1_84' title="bbox 1278 2363 2330 2407; baseline 0 -12"><span class='ocrx_word' id='word_1_617' title='bbox 1278 2363 1346 2396; x_wconf 84' lang='lat' dir='ltr'>nias</span> <span class='ocrx_word' id='word_1_618' title='bbox 1372 2363 1427 2396; x_wconf 86' lang='lat' dir='ltr'>lib.</span> <span class='ocrx_word' id='word_1_619' title='bbox 1448 2365 1506 2404; x_wconf 80' lang='lat' dir='ltr'>vt,</span> <span class='ocrx_word' id='word_1_620' title='bbox 1528 2367 1576 2403; x_wconf 81' lang='lat'>¹7.</span> <span class='ocrx_word' id='word_1_621' title='bbox 1597 2366 1615 2397; x_wconf 71' lang='lat'><strong>⁴</strong></span> <span class='ocrx_word' id='word_1_622' title='bbox 1638 2376 1646 2398; x_wconf 77' lang='grc' dir='ltr'><strong><em>ε</em></strong></span> <span class='ocrx_word' id='word_1_623' title='bbox 1666 2364 1856 2407; x_wconf 68' lang='grc' dir='ltr'><strong>Δηικράτους</strong></span> <span class='ocrx_word' id='word_1_624' title='bbox 1874 2364 2118 2403; x_wconf 73' lang='grc' dir='ltr'><strong>συνοικήσαντος</strong></span> <span class='ocrx_word' id='word_1_625' title='bbox 2149 2363 2264 2406; x_wconf 68' lang='grc' dir='ltr'><strong>ἀδελφῇ</strong></span> <span class='ocrx_word' id='word_1_626' title='bbox 2291 2368 2330 2407; x_wconf 67' lang='grc' dir='ltr'><strong>τῇ</strong></span> 
     </span>
     <span class='ocr_line' id='line_1_85' title="bbox 1280 2411 2331 2453; baseline 0.002 -10"><span class='ocrx_word' id='word_1_627' title='bbox 1280 2411 1470 2452; x_wconf 84' lang='grc' dir='ltr'><strong>Ι“οργίου.-</strong></span> <span class='ocrx_word' id='word_1_628' title='bbox 1482 2411 1528 2452; x_wconf 77' lang='grc'>(9)</span> <span class='ocrx_word' id='word_1_629' title='bbox 1546 2411 1703 2453; x_wconf 72' lang='lat' dir='ltr'>Diogenes</span> <span class='ocrx_word' id='word_1_630' title='bbox 1720 2412 1868 2445; x_wconf 77' lang='lat' dir='ltr'>Laertius</span> <span class='ocrx_word' id='word_1_631' title='bbox 1882 2411 1936 2444; x_wconf 82' lang='lat' dir='ltr'>tib.</span> <span class='ocrx_word' id='word_1_632' title='bbox 1953 2412 2041 2453; x_wconf 79' lang='lat' dir='ltr'>vin,</span> <span class='ocrx_word' id='word_1_633' title='bbox 2056 2414 2095 2444; x_wconf 76' lang='lat'>58</span> <span class='ocrx_word' id='word_1_634' title='bbox 2108 2425 2116 2444; x_wconf 77' lang='lat' dir='ltr'><strong><em>z</em></strong></span> <span class='ocrx_word' id='word_1_635' title='bbox 2132 2413 2206 2453; x_wconf 78' lang='grc' dir='ltr'><strong>φησὶ</strong></span> <span class='ocrx_word' id='word_1_636' title='bbox 2222 2412 2255 2444; x_wconf 65' lang='grc' dir='ltr'>δὲ</span> <span class='ocrx_word' id='word_1_637' title='bbox 2268 2413 2331 2445; x_wconf 78' lang='grc' dir='ltr'>Σᾰ·</span> 
     </span>
     <span class='ocr_line' id='line_1_86' title="bbox 1277 2457 2330 2502; baseline 0.002 -13"><span class='ocrx_word' id='word_1_638' title='bbox 1277 2468 1366 2499; x_wconf 86' lang='grc' dir='ltr'><strong>τυρος</strong></span> <span class='ocrx_word' id='word_1_639' title='bbox 1392 2458 1423 2490; x_wconf 72' lang='grc' dir='ltr'><strong>ἰν</strong></span> <span class='ocrx_word' id='word_1_640' title='bbox 1448 2461 1512 2495; x_wconf 81' lang='grc' dir='ltr'><strong>τοῖς</strong></span> <span class='ocrx_word' id='word_1_641' title='bbox 1539 2459 1637 2499; x_wconf 82' lang='grc' dir='ltr'><strong>βίοις,</strong></span> <span class='ocrx_word' id='word_1_642' title='bbox 1657 2458 1705 2491; x_wconf 75' lang='grc' dir='ltr'>ὅτι</span> <span class='ocrx_word' id='word_1_643' title='bbox 1723 2457 1756 2502; x_wconf 80' lang='grc' dir='ltr'>[ὁ</span> <span class='ocrx_word' id='word_1_644' title='bbox 1771 2458 2000 2501; x_wconf 69' lang='grc' dir='ltr'><strong>Ἐμπεδοκλῆς]</strong></span> <span class='ocrx_word' id='word_1_645' title='bbox 2023 2459 2077 2491; x_wconf 76' lang='grc' dir='ltr'>καί</span> <span class='ocrx_word' id='word_1_646' title='bbox 2103 2459 2205 2501; x_wconf 75' lang='grc' dir='ltr'><strong>ἰατρὸς</strong></span> <span class='ocrx_word' id='word_1_647' title='bbox 2222 2458 2260 2499; x_wconf 82' lang='grc' dir='ltr'><strong>ἦν</strong></span> <span class='ocrx_word' id='word_1_648' title='bbox 2276 2460 2330 2491; x_wconf 82' lang='grc' dir='ltr'>καὶ</span> 
     </span>
     <span class='ocr_line' id='line_1_87' title="bbox 1279 2506 2330 2547; baseline 0.002 -11"><span class='ocrx_word' id='word_1_649' title='bbox 1279 2506 1382 2546; x_wconf 81' lang='grc' dir='ltr'><strong>ῥητωρ</strong></span> <span class='ocrx_word' id='word_1_650' title='bbox 1400 2506 1535 2546; x_wconf 74' lang='grc' dir='ltr'><strong>ἀριστος.</strong></span> <span class='ocrx_word' id='word_1_651' title='bbox 1560 2506 1690 2547; x_wconf 81' lang='grc' dir='ltr'><strong>Γοργίαν</strong></span> <span class='ocrx_word' id='word_1_652' title='bbox 1710 2509 1785 2546; x_wconf 83' lang='grc' dir='ltr'><strong>γοῦν</strong></span> <span class='ocrx_word' id='word_1_653' title='bbox 1803 2506 1856 2538; x_wconf 84' lang='grc' dir='ltr'>τὸν</span> <span class='ocrx_word' id='word_1_654' title='bbox 1881 2508 2047 2539; x_wconf 84' lang='grc' dir='ltr'><strong>Λιοντῖνον</strong></span> <span class='ocrx_word' id='word_1_655' title='bbox 2070 2506 2168 2538; x_wconf 81' lang='grc' dir='ltr'><strong>αὐτοῦ</strong></span> <span class='ocrx_word' id='word_1_656' title='bbox 2186 2506 2330 2547; x_wconf 74' lang='grc' dir='ltr'><strong>γινέσθαι</strong></span> 
     </span>
     <span class='ocr_line' id='line_1_88' title="bbox 1278 2552 2332 2595; baseline 0.003 -12"><span class='ocrx_word' id='word_1_657' title='bbox 1278 2553 1430 2592; x_wconf 72' lang='grc' dir='ltr'><strong>μαθητήν,</strong></span> <span class='ocrx_word' id='word_1_658' title='bbox 1444 2552 1540 2594; x_wconf 75' lang='grc' dir='ltr'><strong>ἄνδρα</strong></span> <span class='ocrx_word' id='word_1_659' title='bbox 1560 2553 1752 2594; x_wconf 69' lang='grc' dir='ltr'><strong>ὑπερέχοντα</strong></span> <span class='ocrx_word' id='word_1_660' title='bbox 1779 2553 1813 2586; x_wconf 76' lang='lat' dir='ltr'>lv</span> <span class='ocrx_word' id='word_1_661' title='bbox 1841 2553 1989 2595; x_wconf 76' lang='grc' dir='ltr'><strong>ῥητορικῇ</strong></span> <span class='ocrx_word' id='word_1_662' title='bbox 2005 2553 2059 2586; x_wconf 76' lang='grc' dir='ltr'>καὶ</span> <span class='ocrx_word' id='word_1_663' title='bbox 2080 2554 2192 2595; x_wconf 68' lang='grc' dir='ltr'><strong>τέχνην</strong></span> <span class='ocrx_word' id='word_1_664' title='bbox 2220 2553 2332 2586; x_wconf 76' lang='grc' dir='ltr'><strong>ἀπολι-</strong></span> 
     </span>
     <span class='ocr_line' id='line_1_89' title="bbox 1277 2598 2328 2642; baseline 0.003 -12"><span class='ocrx_word' id='word_1_665' title='bbox 1277 2599 1419 2631; x_wconf 74' lang='grc' dir='ltr'><strong>λοιπὸτα.</strong></span> <span class='ocrx_word' id='word_1_666' title='bbox 1438 2598 1546 2632; x_wconf 72' lang='lat' dir='ltr'>schot.</span> <span class='ocrx_word' id='word_1_667' title='bbox 1564 2599 1604 2632; x_wconf 87' lang='lat' dir='ltr'>ad</span> <span class='ocrx_word' id='word_1_668' title='bbox 1630 2600 1752 2633; x_wconf 83' lang='lat' dir='ltr'>Platon.</span> <span class='ocrx_word' id='word_1_669' title='bbox 1775 2603 1872 2641; x_wconf 77' lang='lat' dir='ltr'>Gorg.</span> <span class='ocrx_word' id='word_1_670' title='bbox 1891 2610 1923 2642; x_wconf 83' lang='lat' dir='ltr'>p.</span> <span class='ocrx_word' id='word_1_671' title='bbox 1941 2602 2003 2633; x_wconf 76' lang='lat'>⁴⁶5</span> <span class='ocrx_word' id='word_1_672' title='bbox 2019 2601 2070 2633; x_wconf 81' lang='lat' dir='ltr'>D:</span> <span class='ocrx_word' id='word_1_673' title='bbox 2089 2603 2182 2633; x_wconf 80' lang='grc' dir='ltr'><strong>τοῦτο</strong></span> <span class='ocrx_word' id='word_1_674' title='bbox 2202 2601 2289 2633; x_wconf 77' lang='grc' dir='ltr'><strong>ιῖπεν</strong></span> <span class='ocrx_word' id='word_1_675' title='bbox 2308 2602 2328 2640; x_wconf 78' lang='grc' dir='ltr'>ἢ</span> 
     </span>
     <span class='ocr_line' id='line_1_90' title="bbox 1277 2646 2331 2689; baseline 0.002 -12"><span class='ocrx_word' id='word_1_676' title='bbox 1277 2646 1327 2678; x_wconf 71' lang='grc' dir='ltr'><strong>διὰ</strong></span> <span class='ocrx_word' id='word_1_677' title='bbox 1344 2647 1380 2678; x_wconf 86' lang='grc' dir='ltr'><strong>τὸ</strong></span> <span class='ocrx_word' id='word_1_678' title='bbox 1401 2646 1436 2678; x_wconf 67' lang='grc' dir='ltr'>ἐκ</span> <span class='ocrx_word' id='word_1_679' title='bbox 1459 2649 1511 2685; x_wconf 63' lang='lat' dir='ltr'>tn:</span> <span class='ocrx_word' id='word_1_680' title='bbox 1536 2647 1739 2688; x_wconf 78' lang='grc' dir='ltr'><strong>Ἀναξαγόρου</strong></span> <span class='ocrx_word' id='word_1_681' title='bbox 1766 2648 1854 2685; x_wconf 75' lang='grc' dir='ltr'><strong>δόξης</strong></span> <span class='ocrx_word' id='word_1_682' title='bbox 1873 2648 1917 2685; x_wconf 81' lang='grc' dir='ltr'><strong>είς</strong></span> <span class='ocrx_word' id='word_1_683' title='bbox 1936 2647 2106 2689; x_wconf 76' lang='grc' dir='ltr'><strong>παροιμίαν</strong></span> <span class='ocrx_word' id='word_1_684' title='bbox 2125 2647 2221 2680; x_wconf 78' lang='grc' dir='ltr'><strong>ὶλθιῖν</strong></span> <span class='ocrx_word' id='word_1_685' title='bbox 2252 2648 2331 2689; x_wconf 73' lang='grc' dir='ltr'><strong>(ᾔδει</strong></span> 
     </span>
     <span class='ocr_line' id='line_1_91' title="bbox 1277 2692 2332 2736; baseline 0.004 -12"><span class='ocrx_word' id='word_1_686' title='bbox 1277 2694 1308 2725; x_wconf 72' lang='grc' dir='ltr'>δὲ</span> <span class='ocrx_word' id='word_1_687' title='bbox 1326 2696 1418 2725; x_wconf 78' lang='grc' dir='ltr'><strong>τοῦτο</strong></span> <span class='ocrx_word' id='word_1_688' title='bbox 1436 2692 1472 2725; x_wconf 68' lang='grc' dir='ltr'>ἐκ</span> <span class='ocrx_word' id='word_1_689' title='bbox 1484 2693 1635 2734; x_wconf 84' lang='grc' dir='ltr'><strong>Γοργίου,</strong></span> <span class='ocrx_word' id='word_1_690' title='bbox 1650 2695 1668 2727; x_wconf 84' lang='grc' dir='ltr'><strong>δ</strong></span> <span class='ocrx_word' id='word_1_691' title='bbox 1685 2694 1719 2727; x_wconf 69' lang='lat' dir='ltr'>si</span> <span class='ocrx_word' id='word_1_692' title='bbox 1744 2695 1775 2732; x_wconf 70' lang='lat' dir='ltr'>ie</span> <span class='ocrx_word' id='word_1_693' title='bbox 1799 2693 2044 2736; x_wconf 72' lang='grc' dir='ltr'><strong>Ἐμπεδοκλέους</strong></span> <span class='ocrx_word' id='word_1_694' title='bbox 2066 2698 2122 2727; x_wconf 80' lang='grc' dir='ltr'>τοῦ</span> <span class='ocrx_word' id='word_1_695' title='bbox 2143 2695 2332 2728; x_wconf 73' lang='grc' dir='ltr'><strong>διδασκάλου</strong></span> 
     </span>
     <span class='ocr_line' id='line_1_92' title="bbox 1278 2740 2328 2783; baseline 0.004 -12"><span class='ocrx_word' id='word_1_696' title='bbox 1278 2740 1389 2772; x_wconf 70' lang='grc' dir='ltr'><strong>αὐτοῦ·</strong></span> <span class='ocrx_word' id='word_1_697' title='bbox 1408 2740 1498 2778; x_wconf 73' lang='grc' dir='ltr'><strong>οὗτος</strong></span> <span class='ocrx_word' id='word_1_698' title='bbox 1516 2741 1549 2773; x_wconf 73' lang='grc' dir='ltr'>δε</span> <span class='ocrx_word' id='word_1_699' title='bbox 1569 2740 1736 2782; x_wconf 70' lang='grc' dir='ltr'><strong>φιλόσοφος</strong></span> <span class='ocrx_word' id='word_1_700' title='bbox 1757 2742 1801 2774; x_wconf 83' lang='grc' dir='ltr'><strong>ὢν</strong></span> <span class='ocrx_word' id='word_1_701' title='bbox 1822 2743 1873 2780; x_wconf 75' lang='grc' dir='ltr'><strong>τὰς</strong></span> <span class='ocrx_word' id='word_1_702' title='bbox 1892 2745 1955 2775; x_wconf 81' lang='grc' dir='ltr'>τῶν</span> <span class='ocrx_word' id='word_1_703' title='bbox 1971 2742 2148 2783; x_wconf 69' lang='grc' dir='ltr'><strong>φιλοσόφων</strong></span> <span class='ocrx_word' id='word_1_704' title='bbox 2166 2743 2253 2780; x_wconf 76' lang='grc' dir='ltr'><strong>δόξας</strong></span> <span class='ocrx_word' id='word_1_705' title='bbox 2274 2744 2328 2775; x_wconf 73' lang='grc' dir='ltr'><strong>καὶ</strong></span> 
     </span>
     <span class='ocr_line' id='line_1_93' title="bbox 1279 2786 2330 2831; baseline 0.003 -13"><span class='ocrx_word' id='word_1_706' title='bbox 1279 2786 1433 2823; x_wconf 61' lang='grc' dir='ltr'><strong>ἠπίστατο</strong></span> <span class='ocrx_word' id='word_1_707' title='bbox 1450 2789 1501 2819; x_wconf 71' lang='grc' dir='ltr'>καί</span> <span class='ocrx_word' id='word_1_708' title='bbox 1515 2787 1703 2830; x_wconf 63' lang='lat' dir='ltr'>wicum),</span> <span class='ocrx_word' id='word_1_709' title='bbox 1717 2789 1737 2827; x_wconf 75' lang='grc' dir='ltr'>ἡ</span> <span class='ocrx_word' id='word_1_710' title='bbox 1750 2789 1802 2821; x_wconf 78' lang='grc' dir='ltr'><strong>διὰ</strong></span> <span class='ocrx_word' id='word_1_711' title='bbox 1814 2789 1871 2828; x_wconf 79' lang='grc' dir='ltr'><strong>τὴν</strong></span> <span class='ocrx_word' id='word_1_712' title='bbox 1887 2792 1950 2821; x_wconf 82' lang='grc' dir='ltr'>τῶν</span> <span class='ocrx_word' id='word_1_713' title='bbox 1963 2788 2125 2830; x_wconf 77' lang='grc' dir='ltr'><strong>ὀνομάτων</strong></span> <span class='ocrx_word' id='word_1_714' title='bbox 2140 2789 2330 2831; x_wconf 75' lang='grc' dir='ltr'><strong>παρίσωσιν,</strong></span> 
     </span>
     <span class='ocr_line' id='line_1_94' title="bbox 1280 2834 2330 2877; baseline 0.003 -13"><span class='ocrx_word' id='word_1_715' title='bbox 1280 2835 1306 2864; x_wconf 83' lang='grc' dir='ltr'><strong><em>ὼ</em></strong></span> <span class='ocrx_word' id='word_1_716' title='bbox 1326 2834 1392 2874; x_wconf 70' lang='grc' dir='ltr'>φίλε</span> <span class='ocrx_word' id='word_1_717' title='bbox 1411 2834 1513 2867; x_wconf 85' lang='grc' dir='ltr'><strong>ΙΙῶλι.</strong></span> <span class='ocrx_word' id='word_1_718' title='bbox 1536 2834 1623 2867; x_wconf 74' lang='lat' dir='ltr'>Alter</span> <span class='ocrx_word' id='word_1_719' title='bbox 1639 2839 1747 2867; x_wconf 82' lang='lat' dir='ltr'>autem</span> <span class='ocrx_word' id='word_1_720' title='bbox 1765 2835 1924 2877; x_wconf 83' lang='lat' dir='ltr'>interpres</span> <span class='ocrx_word' id='word_1_721' title='bbox 1942 2835 2011 2867; x_wconf 74' lang='lat' dir='ltr'>tioec</span> <span class='ocrx_word' id='word_1_722' title='bbox 2028 2836 2194 2869; x_wconf 82' lang='lat' dir='ltr'>annotavit</span> <span class='ocrx_word' id='word_1_723' title='bbox 2216 2848 2224 2868; x_wconf 72' lang='lat' dir='ltr'>z</span> <span class='ocrx_word' id='word_1_724' title='bbox 2247 2836 2330 2869; x_wconf 72' lang='grc' dir='ltr'><strong>Ἁνα-</strong></span> 
     </span>
     <span class='ocr_line' id='line_1_95' title="bbox 1280 2881 2330 2925; baseline 0.003 -13"><span class='ocrx_word' id='word_1_725' title='bbox 1280 2881 1432 2923; x_wconf 75' lang='grc' dir='ltr'><strong>ξαγόριιος</strong></span> <span class='ocrx_word' id='word_1_726' title='bbox 1448 2881 1508 2924; x_wconf 77' lang='grc' dir='ltr'>γὰρ</span> <span class='ocrx_word' id='word_1_727' title='bbox 1524 2881 1562 2921; x_wconf 78' lang='grc' dir='ltr'><strong>ἢν</strong></span> <span class='ocrx_word' id='word_1_728' title='bbox 1580 2885 1618 2923; x_wconf 69' lang='grc' dir='ltr'><strong>τῇ</strong></span> <span class='ocrx_word' id='word_1_729' title='bbox 1636 2883 1812 2925; x_wconf 69' lang='grc' dir='ltr'><strong>κροαιρὲσιι</strong></span> <span class='ocrx_word' id='word_1_730' title='bbox 1828 2884 1846 2915; x_wconf 86' lang='grc' dir='ltr'><strong>δ</strong></span> <span class='ocrx_word' id='word_1_731' title='bbox 1862 2884 1991 2923; x_wconf 80' lang='grc' dir='ltr'><strong>Πῶλος,</strong></span> <span class='ocrx_word' id='word_1_732' title='bbox 2006 2883 2145 2925; x_wconf 70' lang='grc' dir='ltr'><strong>καθάπερ</strong></span> <span class='ocrx_word' id='word_1_733' title='bbox 2164 2884 2182 2916; x_wconf 83' lang='grc' dir='ltr'><strong>ό</strong></span> <span class='ocrx_word' id='word_1_734' title='bbox 2202 2885 2330 2925; x_wconf 70' lang='grc' dir='ltr'><strong>Γοργίας</strong></span> 
     </span>
     <span class='ocr_line' id='line_1_96' title="bbox 1280 2927 2331 2971; baseline 0.004 -12"><span class='ocrx_word' id='word_1_735' title='bbox 1280 2927 1582 2966; x_wconf 74' lang='grc' dir='ltr'><strong>Ἑμπεδόκλειος.-</strong></span> <span class='ocrx_word' id='word_1_736' title='bbox 1605 2931 1673 2970; x_wconf 83' lang='lat' dir='ltr'>(to)</span> <span class='ocrx_word' id='word_1_737' title='bbox 1702 2930 1792 2963; x_wconf 83' lang='lat' dir='ltr'>Plato</span> <span class='ocrx_word' id='word_1_738' title='bbox 1819 2930 1905 2963; x_wconf 78' lang='lat' dir='ltr'>Men.</span> <span class='ocrx_word' id='word_1_739' title='bbox 1936 2939 1968 2971; x_wconf 80' lang='lat' dir='ltr'>p.</span> <span class='ocrx_word' id='word_1_740' title='bbox 1994 2932 2035 2963; x_wconf 77' lang='lat'>7⁶</span> <span class='ocrx_word' id='word_1_741' title='bbox 2057 2931 2086 2963; x_wconf 86' lang='lat' dir='ltr'>D</span> <span class='ocrx_word' id='word_1_742' title='bbox 2105 2940 2112 2962; x_wconf 73' lang='grc' dir='ltr'>ε</span> <span class='ocrx_word' id='word_1_743' title='bbox 2134 2932 2199 2964; x_wconf 79' lang='grc' dir='ltr'><strong>Σο.</strong></span> <span class='ocrx_word' id='word_1_744' title='bbox 2224 2932 2331 2963; x_wconf 73' lang='grc' dir='ltr'><strong>Βούλει</strong></span> 
     </span>
     <span class='ocr_line' id='line_1_97' title="bbox 1278 2974 2328 3020; baseline 0.004 -13"><span class='ocrx_word' id='word_1_745' title='bbox 1278 2974 1333 3007; x_wconf 80' lang='grc' dir='ltr'>οὖν</span> <span class='ocrx_word' id='word_1_746' title='bbox 1351 2986 1402 3008; x_wconf 83' lang='grc' dir='ltr'>σοι</span> <span class='ocrx_word' id='word_1_747' title='bbox 1428 2977 1511 3008; x_wconf 81' lang='grc' dir='ltr'><strong>κατὰ</strong></span> <span class='ocrx_word' id='word_1_748' title='bbox 1531 2976 1663 3020; x_wconf 82' lang='grc' dir='ltr'><strong>Γοργίαν</strong></span> <span class='ocrx_word' id='word_1_749' title='bbox 1683 2977 1918 3020; x_wconf 73' lang='grc' dir='ltr'><strong>ἀποκρίνωμαι,</strong></span> <span class='ocrx_word' id='word_1_750' title='bbox 1932 2977 1954 3019; x_wconf 63' lang='grc' dir='ltr'><strong>ἢ</strong></span> <span class='ocrx_word' id='word_1_751' title='bbox 1976 2979 2013 3010; x_wconf 77' lang='grc' dir='ltr'><strong>ἄν</strong></span> <span class='ocrx_word' id='word_1_752' title='bbox 2031 2978 2071 3011; x_wconf 82' lang='grc' dir='ltr'>σὺ</span> <span class='ocrx_word' id='word_1_753' title='bbox 2097 2979 2231 3019; x_wconf 78' lang='grc' dir='ltr'><strong>μάλιστα</strong></span> <span class='ocrx_word' id='word_1_754' title='bbox 2254 2979 2328 3011; x_wconf 68' lang='lat' dir='ltr'>&amp;xo-</span> 
     </span>
     <span class='ocr_line' id='line_1_98' title="bbox 1278 3023 2331 3068; baseline 0.002 -11"><span class='ocrx_word' id='word_1_755' title='bbox 1278 3023 1461 3065; x_wconf 60' lang='grc' dir='ltr'><strong>λονθήσαιςς</strong></span> <span class='ocrx_word' id='word_1_756' title='bbox 1476 3025 1576 3058; x_wconf 76' lang='grc' dir='ltr'><strong>ΜΕΝ.</strong></span> <span class='ocrx_word' id='word_1_757' title='bbox 1595 3026 1762 3067; x_wconf 75' lang='grc' dir='ltr'><strong>Βούλομαι.</strong></span> <span class='ocrx_word' id='word_1_758' title='bbox 1779 3027 1851 3063; x_wconf 81' lang='grc' dir='ltr'><strong>Πῶς</strong></span> <span class='ocrx_word' id='word_1_759' title='bbox 1865 3026 1924 3068; x_wconf 79' lang='grc' dir='ltr'>γὰρ</span> <span class='ocrx_word' id='word_1_760' title='bbox 1940 3027 1996 3065; x_wconf 72' lang='grc' dir='ltr'>οὖς</span> <span class='ocrx_word' id='word_1_761' title='bbox 2013 3027 2078 3059; x_wconf 69' lang='lat' dir='ltr'>En.</span> <span class='ocrx_word' id='word_1_762' title='bbox 2094 3027 2217 3059; x_wconf 81' lang='grc' dir='ltr'><strong>Οὐκοῦν</strong></span> <span class='ocrx_word' id='word_1_763' title='bbox 2230 3028 2331 3066; x_wconf 71' lang='grc' dir='ltr'><strong>λέγετε</strong></span> 
     </span>
     <span class='ocr_line' id='line_1_99' title="bbox 1279 3071 2331 3115; baseline 0.003 -13"><span class='ocrx_word' id='word_1_764' title='bbox 1279 3071 1432 3112; x_wconf 76' lang='grc' dir='ltr'><strong>ἁπορροό;</strong></span> <span class='ocrx_word' id='word_1_765' title='bbox 1450 3082 1533 3110; x_wconf 86' lang='grc' dir='ltr'><strong>τινας</strong></span> <span class='ocrx_word' id='word_1_766' title='bbox 1547 3076 1608 3105; x_wconf 80' lang='grc' dir='ltr'>τῶν</span> <span class='ocrx_word' id='word_1_767' title='bbox 1625 3073 1723 3106; x_wconf 84' lang='grc' dir='ltr'><strong>ὄντων</strong></span> <span class='ocrx_word' id='word_1_768' title='bbox 1739 3074 1819 3106; x_wconf 81' lang='grc' dir='ltr'><strong>κατὰ</strong></span> <span class='ocrx_word' id='word_1_769' title='bbox 1836 3074 2071 3115; x_wconf 69' lang='grc' dir='ltr'><strong>Ἔμπιδοκλιας</strong></span> <span class='ocrx_word' id='word_1_770' title='bbox 2090 3075 2188 3107; x_wconf 67' lang='grc' dir='ltr'>ΜΕΝ.</span> <span class='ocrx_word' id='word_1_771' title='bbox 2212 3074 2331 3115; x_wconf 57' lang='grc' dir='ltr'><strong>Σῐόδρα</strong></span> 
     </span>
     <span class='ocr_line' id='line_1_100' title="bbox 1279 3119 2330 3163; baseline 0.002 -14"><span class='ocrx_word' id='word_1_772' title='bbox 1279 3127 1324 3159; x_wconf 87' lang='grc' dir='ltr'>γι.</span> <span class='ocrx_word' id='word_1_773' title='bbox 1344 3119 1409 3151; x_wconf 71' lang='grc' dir='ltr'>Συ.</span> <span class='ocrx_word' id='word_1_774' title='bbox 1429 3119 1488 3151; x_wconf 77' lang='grc' dir='ltr'>Καὶ</span> <span class='ocrx_word' id='word_1_775' title='bbox 1505 3121 1639 3162; x_wconf 76' lang='grc' dir='ltr'><strong>πόρους,</strong></span> <span class='ocrx_word' id='word_1_776' title='bbox 1656 3122 1699 3158; x_wconf 67' lang='grc' dir='ltr'><strong>εἷς</strong></span> <span class='ocrx_word' id='word_1_777' title='bbox 1716 3122 1769 3158; x_wconf 68' lang='grc' dir='ltr'>οὓς</span> <span class='ocrx_word' id='word_1_778' title='bbox 1786 3122 1839 3153; x_wconf 70' lang='grc' dir='ltr'>καὶ</span> <span class='ocrx_word' id='word_1_779' title='bbox 1855 3120 1896 3153; x_wconf 85' lang='grc' dir='ltr'><strong>δι’</strong></span> <span class='ocrx_word' id='word_1_780' title='bbox 1905 3121 1950 3154; x_wconf 83' lang='grc' dir='ltr'><strong>ὦν</strong></span> <span class='ocrx_word' id='word_1_781' title='bbox 1967 3122 1998 3153; x_wconf 84' lang='grc' dir='ltr'>αί</span> <span class='ocrx_word' id='word_1_782' title='bbox 2015 3120 2167 3163; x_wconf 71' lang='grc' dir='ltr'><strong>ἀπορροαὶ</strong></span> <span class='ocrx_word' id='word_1_783' title='bbox 2185 3121 2330 3161; x_wconf 69' lang='grc' dir='ltr'><strong>πορεύον-</strong></span> 
     </span>
     <span class='ocr_line' id='line_1_101' title="bbox 1279 3167 2330 3210; baseline 0.003 -14"><span class='ocrx_word' id='word_1_784' title='bbox 1279 3175 1348 3205; x_wconf 72' lang='grc' dir='ltr'><strong>ταις</strong></span> <span class='ocrx_word' id='word_1_785' title='bbox 1371 3167 1470 3199; x_wconf 68' lang='grc' dir='ltr'><strong>ΜΕΝ.</strong></span> <span class='ocrx_word' id='word_1_786' title='bbox 1491 3168 1579 3200; x_wconf 78' lang='grc' dir='ltr'><strong>ΙΙάνυ</strong></span> <span class='ocrx_word' id='word_1_787' title='bbox 1606 3179 1653 3209; x_wconf 87' lang='grc' dir='ltr'>γι.</span> <span class='ocrx_word' id='word_1_788' title='bbox 1674 3169 1740 3201; x_wconf 75' lang='lat' dir='ltr'>m.</span> <span class='ocrx_word' id='word_1_789' title='bbox 1765 3170 1823 3202; x_wconf 74' lang='grc' dir='ltr'><strong>Καὶ</strong></span> <span class='ocrx_word' id='word_1_790' title='bbox 1849 3173 1911 3201; x_wconf 82' lang='grc' dir='ltr'>τῶν</span> <span class='ocrx_word' id='word_1_791' title='bbox 1938 3167 2103 3210; x_wconf 75' lang='grc' dir='ltr'><strong>ἀπορῤοῶν</strong></span> <span class='ocrx_word' id='word_1_792' title='bbox 2124 3170 2177 3203; x_wconf 69' lang='grc' dir='ltr'><strong>τὰς</strong></span> <span class='ocrx_word' id='word_1_793' title='bbox 2201 3169 2256 3207; x_wconf 70' lang='grc' dir='ltr'><strong>μιν</strong></span> <span class='ocrx_word' id='word_1_794' title='bbox 2274 3170 2330 3206; x_wconf 76' lang='grc' dir='ltr'>ἀρ·</span> 
     </span>
     <span class='ocr_line' id='line_1_102' title="bbox 1281 3212 2328 3256; baseline 0.004 -12"><span class='ocrx_word' id='word_1_795' title='bbox 1281 3212 1404 3252; x_wconf 80' lang='grc' dir='ltr'><strong>μόττιιν</strong></span> <span class='ocrx_word' id='word_1_796' title='bbox 1419 3213 1510 3251; x_wconf 72' lang='grc' dir='ltr'><strong>ίνίοις</strong></span> <span class='ocrx_word' id='word_1_797' title='bbox 1527 3219 1589 3247; x_wconf 83' lang='grc' dir='ltr'>τῶν</span> <span class='ocrx_word' id='word_1_798' title='bbox 1609 3216 1725 3255; x_wconf 75' lang='grc' dir='ltr'><strong>πόρων,</strong></span> <span class='ocrx_word' id='word_1_799' title='bbox 1742 3217 1796 3251; x_wconf 79' lang='grc' dir='ltr'>τὰς</span> <span class='ocrx_word' id='word_1_800' title='bbox 1812 3215 1844 3247; x_wconf 67' lang='grc' dir='ltr'>δὲ</span> <span class='ocrx_word' id='word_1_801' title='bbox 1868 3215 2008 3250; x_wconf 59' lang='lat' dir='ltr'>nanos:</span> <span class='ocrx_word' id='word_1_802' title='bbox 2026 3217 2044 3253; x_wconf 79' lang='grc' dir='ltr'>ἢ</span> <span class='ocrx_word' id='word_1_803' title='bbox 2066 3216 2205 3256; x_wconf 49' lang='lat' dir='ltr'>mitonem</span> <span class='ocrx_word' id='word_1_804' title='bbox 2231 3216 2328 3248; x_wconf 76' lang='grc' dir='ltr'><strong>ΜΕΝ.</strong></span> 
     </span>
     <span class='ocr_line' id='line_1_103' title="bbox 1278 3259 2327 3302; baseline 0.002 -11"><span class='ocrx_word' id='word_1_805' title='bbox 1278 3259 1368 3292; x_wconf 62' lang='lat' dir='ltr'>&#39;lien</span> <span class='ocrx_word' id='word_1_806' title='bbox 1385 3264 1494 3293; x_wconf 84' lang='grc' dir='ltr'><strong>ταῦτα.</strong></span> <span class='ocrx_word' id='word_1_807' title='bbox 1514 3263 1577 3294; x_wconf 76' lang='lat'>220.</span> <span class='ocrx_word' id='word_1_808' title='bbox 1595 3261 1718 3294; x_wconf 73' lang='grc' dir='ltr'><strong>Οὐκοῦν</strong></span> <span class='ocrx_word' id='word_1_809' title='bbox 1733 3262 1786 3294; x_wconf 81' lang='grc' dir='ltr'>καὶ</span> <span class='ocrx_word' id='word_1_810' title='bbox 1801 3262 1873 3302; x_wconf 73' lang='grc' dir='ltr'><strong>ὄψιν</strong></span> <span class='ocrx_word' id='word_1_811' title='bbox 1890 3263 1992 3298; x_wconf 69' lang='grc' dir='ltr'><strong>καλεῖς</strong></span> <span class='ocrx_word' id='word_1_812' title='bbox 2006 3271 2060 3295; x_wconf 68' lang='grc' dir='ltr'><strong>’τις</strong></span> <span class='ocrx_word' id='word_1_813' title='bbox 2077 3262 2176 3292; x_wconf 66' lang='grc' dir='ltr'><strong>ΜΕΝ.</strong></span> <span class='ocrx_word' id='word_1_814' title='bbox 2195 3263 2327 3301; x_wconf 56' lang='grc' dir='ltr'><strong>Ἔγωγε.</strong></span> 
     </span>
     <span class='ocr_line' id='line_1_104' title="bbox 1280 3306 2331 3348; baseline 0.001 -10"><span class='ocrx_word' id='word_1_815' title='bbox 1280 3307 1343 3339; x_wconf 75' lang='lat' dir='ltr'>m.</span> <span class='ocrx_word' id='word_1_816' title='bbox 1362 3306 1417 3339; x_wconf 73' lang='grc' dir='ltr'>Ἐκ</span> <span class='ocrx_word' id='word_1_817' title='bbox 1435 3308 1553 3339; x_wconf 65' lang='grc' dir='ltr'><strong>τούτων</strong></span> <span class='ocrx_word' id='word_1_818' title='bbox 1565 3308 1603 3346; x_wconf 77' lang='grc' dir='ltr'>δὴ</span> <span class='ocrx_word' id='word_1_819' title='bbox 1617 3309 1699 3345; x_wconf 73' lang='grc' dir='ltr'><strong>ξύνις</strong></span> <span class='ocrx_word' id='word_1_820' title='bbox 1712 3309 1730 3339; x_wconf 83' lang='grc' dir='ltr'>ὁ</span> <span class='ocrx_word' id='word_1_821' title='bbox 1746 3318 1793 3340; x_wconf 85' lang='grc' dir='ltr'>τοι</span> <span class='ocrx_word' id='word_1_822' title='bbox 1806 3308 1887 3348; x_wconf 82' lang='grc' dir='ltr'><strong>λε’γω</strong></span> <span class='ocrx_word' id='word_1_823' title='bbox 1898 3331 1906 3346; x_wconf 82' lang='lat'>‚</span> <span class='ocrx_word' id='word_1_824' title='bbox 1921 3309 1976 3348; x_wconf 65' lang='grc' dir='ltr'>ἔφη</span> <span class='ocrx_word' id='word_1_825' title='bbox 1993 3308 2153 3348; x_wconf 76' lang='grc' dir='ltr'><strong>Πίνδαρος.</strong></span> <span class='ocrx_word' id='word_1_826' title='bbox 2167 3308 2255 3339; x_wconf 72' lang='grc' dir='ltr'><strong>Ἔστι</strong></span> <span class='ocrx_word' id='word_1_827' title='bbox 2272 3309 2331 3348; x_wconf 79' lang='grc' dir='ltr'>γὰρ</span> 
     </span>
     <span class='ocr_line' id='line_1_105' title="bbox 1280 3353 2330 3397; baseline 0.001 -11"><span class='ocrx_word' id='word_1_828' title='bbox 1280 3353 1359 3395; x_wconf 72' lang='grc' dir='ltr'><strong>χρόα</strong></span> <span class='ocrx_word' id='word_1_829' title='bbox 1378 3354 1518 3397; x_wconf 71' lang='grc' dir='ltr'><strong>ἀπορροὴ</strong></span> <span class='ocrx_word' id='word_1_830' title='bbox 1534 3355 1708 3396; x_wconf 75' lang='grc' dir='ltr'><strong>σχημάτων</strong></span> <span class='ocrx_word' id='word_1_831' title='bbox 1726 3356 1796 3395; x_wconf 65' lang='lat' dir='ltr'>blm</span> <span class='ocrx_word' id='word_1_832' title='bbox 1817 3356 1992 3395; x_wconf 69' lang='grc' dir='ltr'><strong>σύμμιτροι</strong></span> <span class='ocrx_word' id='word_1_833' title='bbox 2011 3355 2064 3385; x_wconf 80' lang='grc' dir='ltr'><strong>καὶ</strong></span> <span class='ocrx_word' id='word_1_834' title='bbox 2084 3354 2238 3392; x_wconf 76' lang='grc' dir='ltr'><strong>αἰσθητός.</strong></span> <span class='ocrx_word' id='word_1_835' title='bbox 2256 3354 2330 3387; x_wconf 82' lang='lat' dir='ltr'>l’ltt-</span> 
     </span>
     <span class='ocr_line' id='line_1_106' title="bbox 1281 3400 2325 3444; baseline 0.001 -11"><span class='ocrx_word' id='word_1_836' title='bbox 1281 3401 1411 3433; x_wconf 77' lang='lat' dir='ltr'>tarclius</span> <span class='ocrx_word' id='word_1_837' title='bbox 1422 3402 1468 3434; x_wconf 80' lang='lat' dir='ltr'>Do</span> <span class='ocrx_word' id='word_1_838' title='bbox 1482 3402 1561 3442; x_wconf 74' lang='lat' dir='ltr'>piac.</span> <span class='ocrx_word' id='word_1_839' title='bbox 1573 3401 1652 3443; x_wconf 77' lang='lat' dir='ltr'>phil.</span> <span class='ocrx_word' id='word_1_840' title='bbox 1669 3402 1721 3434; x_wconf 76' lang='lat' dir='ltr'>lib.</span> <span class='ocrx_word' id='word_1_841' title='bbox 1741 3404 1767 3439; x_wconf 87' lang='grc' dir='ltr'>Ι.</span> <span class='ocrx_word' id='word_1_842' title='bbox 1781 3408 1817 3435; x_wconf 69' lang='grc' dir='ltr'>ιε»</span> <span class='ocrx_word' id='word_1_843' title='bbox 1830 3414 1838 3434; x_wconf 74' lang='grc' dir='ltr'><strong>ι</strong></span> <span class='ocrx_word' id='word_1_844' title='bbox 1853 3402 2063 3440; x_wconf 73' lang='grc' dir='ltr'><strong>Ἐμπεδοκλῆς</strong></span> <span class='ocrx_word' id='word_1_845' title='bbox 2077 3401 2199 3443; x_wconf 77' lang='grc' dir='ltr'><strong>(χροιὰν</strong></span> <span class='ocrx_word' id='word_1_846' title='bbox 2212 3400 2325 3444; x_wconf 67' lang='lat' dir='ltr'>1⁸2&gt;th</span> 
     </span>
     <span class='ocr_line' id='line_1_107' title="bbox 1280 3448 2327 3492; baseline 0.001 -12"><span class='ocrx_word' id='word_1_847' title='bbox 1280 3448 1316 3480; x_wconf 81' lang='grc' dir='ltr'><strong>τὸ</strong></span> <span class='ocrx_word' id='word_1_848' title='bbox 1332 3451 1396 3486; x_wconf 73' lang='grc' dir='ltr'><strong>τοῖς</strong></span> <span class='ocrx_word' id='word_1_849' title='bbox 1413 3449 1518 3492; x_wconf 74' lang='grc' dir='ltr'><strong>κόροις</strong></span> <span class='ocrx_word' id='word_1_850' title='bbox 1535 3452 1588 3486; x_wconf 76' lang='grc' dir='ltr'>τῆς</span> <span class='ocrx_word' id='word_1_851' title='bbox 1602 3449 1703 3490; x_wconf 72' lang='grc' dir='ltr'><strong>ὄψεως</strong></span> <span class='ocrx_word' id='word_1_852' title='bbox 1722 3450 1916 3490; x_wconf 72' lang='grc' dir='ltr'><strong>ίνιρμὸττον.</strong></span> <span class='ocrx_word' id='word_1_853' title='bbox 1934 3465 1967 3471; x_wconf 91' lang='grc'>-</span> <span class='ocrx_word' id='word_1_854' title='bbox 1988 3451 2015 3488; x_wconf 84' lang='lat' dir='ltr'>(t</span> <span class='ocrx_word' id='word_1_855' title='bbox 2028 3452 2054 3487; x_wconf 83' lang='lat' dir='ltr'>t)</span> <span class='ocrx_word' id='word_1_856' title='bbox 2068 3452 2187 3481; x_wconf 65' lang='lat' dir='ltr'>sutu-</span> <span class='ocrx_word' id='word_1_857' title='bbox 2205 3450 2327 3490; x_wconf 71' lang='lat' dir='ltr'>Empir.</span> 
     </span>
    </p>
   </div>
   <div class='ocr_carea' id='block_1_10' title="bbox 1212 3518 1342 3547">
    <p class='ocr_par' dir='ltr' id='par_1_12' title="bbox 1212 3518 1342 3547">
     <span class='ocr_line' id='line_1_108' title="bbox 1212 3518 1342 3547; baseline -0.008 0"><span class='ocrx_word' id='word_1_858' title='bbox 1212 3518 1342 3547; x_wconf 59' lang='grc' dir='ltr'>ιΧλΙΧ</span> 
     </span>
    </p>
   </div>
  </div>
 </body>
</html>
