<?xml version="1.0" encoding="UTF-8"?>
<!DOCTYPE html PUBLIC "-//W3C//DTD XHTML 1.0 Transitional//EN"
    "http://www.w3.org/TR/xhtml1/DTD/xhtml1-transitional.dtd">
<html xmlns="http://www.w3.org/1999/xhtml" xml:lang="en" lang="en">
 <head>
  <title>
</title>
<meta http-equiv="Content-Type" content="text/html;charset=utf-8" />
  <meta name='ocr-system' content='tesseract 3.04.00' />
  <meta name='ocr-capabilities' content='ocr_page ocr_carea ocr_par ocr_line ocrx_word'/>
</head>
<body>
  <div class='ocr_page' id='page_1' title='image "./fragmentaphiloso02mulluoft_0354.png"; bbox 0 0 2606 3828; ppageno 0'>
   <div class='ocr_carea' id='block_1_1' title="bbox 262 270 1671 320">
    <p class='ocr_par' dir='ltr' id='par_1_1' title="bbox 262 270 1671 320">
     <span class='ocr_line' id='line_1_1' title="bbox 262 270 1671 320; baseline -0.004 -2"><span class='ocrx_word' id='word_1_1' title='bbox 262 286 337 320; x_wconf 76' lang='grc'>246</span> <span class='ocrx_word' id='word_1_2' title='bbox 973 271 1233 313; x_wconf 79' lang='lat' dir='ltr'>CHALCIDII</span> <span class='ocrx_word' id='word_1_3' title='bbox 1262 270 1671 312; x_wconf 78' lang='lat' dir='ltr'>COMMENTARIUS</span> 
     </span>
    </p>
   </div>
   <div class='ocr_carea' id='block_1_2' title="bbox 256 360 1311 3409">
    <p class='ocr_par' dir='ltr' id='par_1_2' title="bbox 256 360 1308 2588">
     <span class='ocr_line' id='line_1_2' title="bbox 259 360 1290 407; baseline -0.006 -10"><span class='ocrx_word' id='word_1_4' title='bbox 259 374 385 407; x_wconf 86' lang='lat' dir='ltr'>quoque</span> <span class='ocrx_word' id='word_1_5' title='bbox 402 363 485 405; x_wconf 88' lang='lat' dir='ltr'>quod</span> <span class='ocrx_word' id='word_1_6' title='bbox 500 364 685 396; x_wconf 81' lang='lat' dir='ltr'>humectum</span> <span class='ocrx_word' id='word_1_7' title='bbox 698 362 763 395; x_wconf 90' lang='lat' dir='ltr'>sine</span> <span class='ocrx_word' id='word_1_8' title='bbox 775 368 856 402; x_wconf 89' lang='lat' dir='ltr'>aqua</span> <span class='ocrx_word' id='word_1_9' title='bbox 869 360 998 393; x_wconf 90' lang='lat' dir='ltr'>demum</span> <span class='ocrx_word' id='word_1_10' title='bbox 1015 368 1085 392; x_wconf 84' lang='lat' dir='ltr'>esse</span> <span class='ocrx_word' id='word_1_11' title='bbox 1098 368 1160 392; x_wconf 93' lang='lat' dir='ltr'>non</span> <span class='ocrx_word' id='word_1_12' title='bbox 1173 361 1290 401; x_wconf 82' lang='lat' dir='ltr'>potest.</span> 
     </span>
     <span class='ocr_line' id='line_1_3' title="bbox 259 418 1293 463; baseline -0.007 -6"><span class='ocrx_word' id='word_1_13' title='bbox 259 427 322 458; x_wconf 81' lang='lat' dir='ltr'>Nec</span> <span class='ocrx_word' id='word_1_14' title='bbox 341 432 414 456; x_wconf 85' lang='lat' dir='ltr'>vero</span> <span class='ocrx_word' id='word_1_15' title='bbox 442 422 572 463; x_wconf 85' lang='lat' dir='ltr'>spiritus</span> <span class='ocrx_word' id='word_1_16' title='bbox 589 422 657 454; x_wconf 88' lang='lat' dir='ltr'>sine</span> <span class='ocrx_word' id='word_1_17' title='bbox 673 430 755 454; x_wconf 86' lang='lat' dir='ltr'>aere.</span> <span class='ocrx_word' id='word_1_18' title='bbox 778 420 869 458; x_wconf 90' lang='lat' dir='ltr'>Quod</span> <span class='ocrx_word' id='word_1_19' title='bbox 899 419 926 451; x_wconf 82' lang='lat' dir='ltr'>si</span> <span class='ocrx_word' id='word_1_20' title='bbox 957 419 1025 451; x_wconf 86' lang='lat' dir='ltr'>baec</span> <span class='ocrx_word' id='word_1_21' title='bbox 1048 418 1157 451; x_wconf 87' lang='lat' dir='ltr'>omnia</span> <span class='ocrx_word' id='word_1_22' title='bbox 1187 420 1293 460; x_wconf 86' lang='lat' dir='ltr'>partes</span> 
     </span>
     <span class='ocr_line' id='line_1_4' title="bbox 258 475 1295 520; baseline -0.005 -8"><span class='ocrx_word' id='word_1_23' title='bbox 258 483 333 512; x_wconf 87' lang='lat' dir='ltr'>sunt</span> <span class='ocrx_word' id='word_1_24' title='bbox 354 479 512 520; x_wconf 87' lang='lat' dir='ltr'>corporis,</span> <span class='ocrx_word' id='word_1_25' title='bbox 540 486 667 510; x_wconf 86' lang='lat' dir='ltr'>necesse</span> <span class='ocrx_word' id='word_1_26' title='bbox 685 478 733 509; x_wconf 87' lang='lat' dir='ltr'>est</span> <span class='ocrx_word' id='word_1_27' title='bbox 753 476 849 508; x_wconf 89' lang='lat' dir='ltr'>etiam</span> <span class='ocrx_word' id='word_1_28' title='bbox 882 475 934 507; x_wconf 85' lang='lat' dir='ltr'>illa</span> <span class='ocrx_word' id='word_1_29' title='bbox 960 483 1046 516; x_wconf 86' lang='lat' dir='ltr'>esse,</span> <span class='ocrx_word' id='word_1_30' title='bbox 1065 483 1201 516; x_wconf 86' lang='lat' dir='ltr'>quorum</span> <span class='ocrx_word' id='word_1_31' title='bbox 1224 475 1295 508; x_wconf 81' lang='lat' dir='ltr'>baec</span> 
     </span>
     <span class='ocr_line' id='line_1_5' title="bbox 259 533 1295 578; baseline -0.004 -8"><span class='ocrx_word' id='word_1_32' title='bbox 259 540 361 578; x_wconf 80' lang='lat' dir='ltr'>partes</span> <span class='ocrx_word' id='word_1_33' title='bbox 378 538 468 576; x_wconf 84' lang='lat' dir='ltr'>sunt,</span> <span class='ocrx_word' id='word_1_34' title='bbox 490 536 526 568; x_wconf 85' lang='lat' dir='ltr'>ut</span> <span class='ocrx_word' id='word_1_35' title='bbox 545 535 683 566; x_wconf 83' lang='lat' dir='ltr'>diximus</span> <span class='ocrx_word' id='word_1_36' title='bbox 696 558 705 574; x_wconf 92' lang='lat'>,</span> <span class='ocrx_word' id='word_1_37' title='bbox 724 534 754 566; x_wconf 92' lang='lat' dir='ltr'>id</span> <span class='ocrx_word' id='word_1_38' title='bbox 781 536 847 574; x_wconf 88' lang='lat' dir='ltr'>est,</span> <span class='ocrx_word' id='word_1_39' title='bbox 875 533 1025 572; x_wconf 67' lang='lat' dir='ltr'>solidum¹</span> <span class='ocrx_word' id='word_1_40' title='bbox 1042 533 1295 575; x_wconf 84' lang='lat' dir='ltr'>universumque</span> 
     </span>
     <span class='ocr_line' id='line_1_6' title="bbox 257 591 1296 637; baseline -0.004 -8"><span class='ocrx_word' id='word_1_41' title='bbox 257 605 383 637; x_wconf 85' lang='lat' dir='ltr'>corpus.</span> <span class='ocrx_word' id='word_1_42' title='bbox 428 597 482 627; x_wconf 83' lang='lat' dir='ltr'>Est</span> <span class='ocrx_word' id='word_1_43' title='bbox 511 594 606 634; x_wconf 87' lang='lat' dir='ltr'>igitur</span> <span class='ocrx_word' id='word_1_44' title='bbox 636 592 667 625; x_wconf 91' lang='lat' dir='ltr'>in</span> <span class='ocrx_word' id='word_1_45' title='bbox 705 592 825 632; x_wconf 90' lang='lat' dir='ltr'>solido,</span> <span class='ocrx_word' id='word_1_46' title='bbox 846 593 941 633; x_wconf 89' lang='lat' dir='ltr'>atque</span> <span class='ocrx_word' id='word_1_47' title='bbox 968 591 1137 631; x_wconf 85' lang='lat' dir='ltr'>universo,</span> <span class='ocrx_word' id='word_1_48' title='bbox 1162 601 1296 634; x_wconf 89' lang='lat' dir='ltr'>corpore</span> 
     </span>
     <span class='ocr_line' id='line_1_7' title="bbox 258 651 1295 695; baseline -0.003 -9"><span class='ocrx_word' id='word_1_49' title='bbox 258 656 322 687; x_wconf 88' lang='lat' dir='ltr'>tarn</span> <span class='ocrx_word' id='word_1_50' title='bbox 343 654 424 695; x_wconf 77' lang='lat' dir='ltr'>ignis</span> <span class='ocrx_word' id='word_1_51' title='bbox 441 661 536 694; x_wconf 88' lang='lat' dir='ltr'>quam</span> <span class='ocrx_word' id='word_1_52' title='bbox 553 654 654 692; x_wconf 87' lang='lat' dir='ltr'>terra,</span> <span class='ocrx_word' id='word_1_53' title='bbox 680 652 711 683; x_wconf 91' lang='lat' dir='ltr'>et</span> <span class='ocrx_word' id='word_1_54' title='bbox 735 651 861 683; x_wconf 65' lang='lat' dir='ltr'>caeterae</span> <span class='ocrx_word' id='word_1_55' title='bbox 882 651 1043 683; x_wconf 84' lang='lat' dir='ltr'>materiae.</span> <span class='ocrx_word' id='word_1_56' title='bbox 1092 651 1215 684; x_wconf 83' lang='lat' dir='ltr'>Deinde</span> <span class='ocrx_word' id='word_1_57' title='bbox 1238 651 1295 683; x_wconf 89' lang='lat' dir='ltr'>ba-</span> 
     </span>
     <span class='ocr_line' id='line_1_8' title="bbox 258 710 1295 756; baseline -0.005 -8"><span class='ocrx_word' id='word_1_58' title='bbox 258 724 328 748; x_wconf 90' lang='lat' dir='ltr'>rum</span> <span class='ocrx_word' id='word_1_59' title='bbox 345 715 485 756; x_wconf 89' lang='lat' dir='ltr'>ipsarum</span> <span class='ocrx_word' id='word_1_60' title='bbox 506 720 656 753; x_wconf 89' lang='lat' dir='ltr'>congrua,</span> <span class='ocrx_word' id='word_1_61' title='bbox 674 712 705 743; x_wconf 89' lang='lat' dir='ltr'>et</span> <span class='ocrx_word' id='word_1_62' title='bbox 727 710 890 743; x_wconf 81' lang='lat' dir='ltr'>moderata</span> <span class='ocrx_word' id='word_1_63' title='bbox 902 734 910 750; x_wconf 87' lang='lat'>‚</span> <span class='ocrx_word' id='word_1_64' title='bbox 929 710 1102 751; x_wconf 89' lang='lat' dir='ltr'>concretio,</span> <span class='ocrx_word' id='word_1_65' title='bbox 1125 720 1199 752; x_wconf 75' lang='lat' dir='ltr'>qum</span> <span class='ocrx_word' id='word_1_66' title='bbox 1218 719 1295 744; x_wconf 87' lang='lat' dir='ltr'>con-</span> 
     </span>
     <span class='ocr_line' id='line_1_9' title="bbox 257 769 1294 812; baseline -0.004 -6"><span class='ocrx_word' id='word_1_67' title='bbox 257 776 321 807; x_wconf 87' lang='lat' dir='ltr'>stat</span> <span class='ocrx_word' id='word_1_68' title='bbox 339 773 521 812; x_wconf 80' lang='lat' dir='ltr'>extermis,</span> <span class='ocrx_word' id='word_1_69' title='bbox 542 773 573 804; x_wconf 92' lang='lat' dir='ltr'>et</span> <span class='ocrx_word' id='word_1_70' title='bbox 593 770 809 812; x_wconf 84' lang='lat' dir='ltr'>qualitatibus.</span> <span class='ocrx_word' id='word_1_71' title='bbox 854 769 939 811; x_wconf 84' lang='lat' dir='ltr'>Ignis</span> <span class='ocrx_word' id='word_1_72' title='bbox 964 769 1096 811; x_wconf 89' lang='lat' dir='ltr'>quidem</span> <span class='ocrx_word' id='word_1_73' title='bbox 1124 769 1294 811; x_wconf 80' lang='lat' dir='ltr'>splendor,</span> 
     </span>
     <span class='ocr_line' id='line_1_10' title="bbox 259 828 1296 874; baseline -0.004 -9"><span class='ocrx_word' id='word_1_74' title='bbox 259 833 386 874; x_wconf 88' lang='lat' dir='ltr'>levitas,</span> <span class='ocrx_word' id='word_1_75' title='bbox 402 832 487 864; x_wconf 89' lang='lat' dir='ltr'>calor</span> <span class='ocrx_word' id='word_1_76' title='bbox 499 855 508 871; x_wconf 97' lang='lat'>,</span> <span class='ocrx_word' id='word_1_77' title='bbox 528 832 559 863; x_wconf 89' lang='lat' dir='ltr'>et</span> <span class='ocrx_word' id='word_1_78' title='bbox 577 831 685 871; x_wconf 81' lang='lat' dir='ltr'>ligura.</span> <span class='ocrx_word' id='word_1_79' title='bbox 754 831 860 862; x_wconf 77' lang='lat' dir='ltr'><strong>Terrae</strong></span> <span class='ocrx_word' id='word_1_80' title='bbox 876 836 953 861; x_wconf 89' lang='lat' dir='ltr'>vero</span> <span class='ocrx_word' id='word_1_81' title='bbox 970 828 1115 869; x_wconf 76' lang='lat' dir='ltr'>siccitas,</span> <span class='ocrx_word' id='word_1_82' title='bbox 1135 830 1296 870; x_wconf 87' lang='lat' dir='ltr'>gravitas,</span> 
     </span>
     <span class='ocr_line' id='line_1_11' title="bbox 258 888 1299 934; baseline -0.005 -9"><span class='ocrx_word' id='word_1_83' title='bbox 258 894 366 934; x_wconf 77' lang='lat' dir='ltr'>ligura.</span> <span class='ocrx_word' id='word_1_84' title='bbox 431 894 548 924; x_wconf 84' lang='lat' dir='ltr'>Earum</span> <span class='ocrx_word' id='word_1_85' title='bbox 581 889 678 922; x_wconf 90' lang='lat' dir='ltr'>etiam</span> <span class='ocrx_word' id='word_1_86' title='bbox 708 888 853 921; x_wconf 86' lang='lat' dir='ltr'>similiter</span> <span class='ocrx_word' id='word_1_87' title='bbox 881 888 1098 929; x_wconf 90' lang='lat' dir='ltr'>materiarum,</span> <span class='ocrx_word' id='word_1_88' title='bbox 1123 897 1197 930; x_wconf 78' lang='lat' dir='ltr'>quae</span> <span class='ocrx_word' id='word_1_89' title='bbox 1215 888 1299 922; x_wconf 85' lang='lat' dir='ltr'>inter</span> 
     </span>
     <span class='ocr_line' id='line_1_12' title="bbox 258 946 1298 991; baseline -0.004 -8"><span class='ocrx_word' id='word_1_90' title='bbox 258 951 359 991; x_wconf 84' lang='lat' dir='ltr'>ignem</span> <span class='ocrx_word' id='word_1_91' title='bbox 383 952 562 989; x_wconf 89' lang='lat' dir='ltr'>terramque</span> <span class='ocrx_word' id='word_1_92' title='bbox 580 948 706 981; x_wconf 76' lang='lat' dir='ltr'>insertae</span> <span class='ocrx_word' id='word_1_93' title='bbox 720 947 807 987; x_wconf 91' lang='lat' dir='ltr'>sunt,</span> <span class='ocrx_word' id='word_1_94' title='bbox 824 946 940 987; x_wconf 76' lang='lat' dir='ltr'>aliquae</span> <span class='ocrx_word' id='word_1_95' title='bbox 962 946 1027 980; x_wconf 84' lang='lat' dir='ltr'>sint</span> <span class='ocrx_word' id='word_1_96' title='bbox 1046 946 1208 979; x_wconf 87' lang='lat' dir='ltr'>naturales</span> <span class='ocrx_word' id='word_1_97' title='bbox 1226 955 1298 988; x_wconf 86' lang='lat' dir='ltr'>pro-</span> 
     </span>
     <span class='ocr_line' id='line_1_13' title="bbox 258 1005 1299 1050; baseline -0.004 -8"><span class='ocrx_word' id='word_1_98' title='bbox 258 1010 406 1050; x_wconf 77' lang='lat' dir='ltr'>prietates</span> <span class='ocrx_word' id='word_1_99' title='bbox 425 1008 560 1049; x_wconf 81' lang='lat' dir='ltr'>oportet.</span> <span class='ocrx_word' id='word_1_100' title='bbox 617 1006 650 1039; x_wconf 91' lang='lat' dir='ltr'>Si</span> <span class='ocrx_word' id='word_1_101' title='bbox 663 1015 737 1047; x_wconf 85' lang='lat' dir='ltr'>ergo</span> <span class='ocrx_word' id='word_1_102' title='bbox 763 1006 822 1038; x_wconf 85' lang='lat' dir='ltr'>bas</span> <span class='ocrx_word' id='word_1_103' title='bbox 847 1005 1016 1047; x_wconf 90' lang='lat' dir='ltr'>qualitates</span> <span class='ocrx_word' id='word_1_104' title='bbox 1034 1006 1068 1039; x_wconf 90' lang='lat' dir='ltr'>et</span> <span class='ocrx_word' id='word_1_105' title='bbox 1085 1006 1299 1048; x_wconf 79' lang='lat' dir='ltr'>quantitates,</span> 
     </span>
     <span class='ocr_line' id='line_1_14' title="bbox 257 1065 1297 1108; baseline -0.002 -7"><span class='ocrx_word' id='word_1_106' title='bbox 257 1070 350 1102; x_wconf 80' lang='lat' dir='ltr'>etiam</span> <span class='ocrx_word' id='word_1_107' title='bbox 371 1069 485 1100; x_wconf 80' lang='lat' dir='ltr'>formas</span> <span class='ocrx_word' id='word_1_108' title='bbox 502 1067 659 1108; x_wconf 79' lang='lat' dir='ltr'>figurasve</span> <span class='ocrx_word' id='word_1_109' title='bbox 686 1066 833 1099; x_wconf 82' lang='lat' dir='ltr'>volemus</span> <span class='ocrx_word' id='word_1_110' title='bbox 858 1066 982 1098; x_wconf 89' lang='lat' dir='ltr'>ratione</span> <span class='ocrx_word' id='word_1_111' title='bbox 1007 1065 1106 1098; x_wconf 90' lang='lat' dir='ltr'>animi</span> <span class='ocrx_word' id='word_1_112' title='bbox 1135 1074 1297 1107; x_wconf 89' lang='lat' dir='ltr'>separare,</span> 
     </span>
     <span class='ocr_line' id='line_1_15' title="bbox 258 1125 1301 1168; baseline -0.003 -7"><span class='ocrx_word' id='word_1_113' title='bbox 258 1132 325 1162; x_wconf 82' lang='lat' dir='ltr'>tuni</span> <span class='ocrx_word' id='word_1_114' title='bbox 352 1129 481 1161; x_wconf 90' lang='lat' dir='ltr'>demum</span> <span class='ocrx_word' id='word_1_115' title='bbox 508 1127 682 1160; x_wconf 87' lang='lat' dir='ltr'>deliberare</span> <span class='ocrx_word' id='word_1_116' title='bbox 709 1126 786 1167; x_wconf 86' lang='lat' dir='ltr'>quid</span> <span class='ocrx_word' id='word_1_117' title='bbox 806 1126 848 1159; x_wconf 90' lang='lat' dir='ltr'>sit</span> <span class='ocrx_word' id='word_1_118' title='bbox 865 1125 964 1166; x_wconf 90' lang='lat' dir='ltr'>illud,</span> <span class='ocrx_word' id='word_1_119' title='bbox 986 1126 1074 1168; x_wconf 88' lang='lat' dir='ltr'>quod</span> <span class='ocrx_word' id='word_1_120' title='bbox 1102 1126 1171 1158; x_wconf 71' lang='lat' dir='ltr'>baec</span> <span class='ocrx_word' id='word_1_121' title='bbox 1191 1125 1301 1158; x_wconf 90' lang='lat' dir='ltr'>omnia</span> 
     </span>
     <span class='ocr_line' id='line_1_16' title="bbox 257 1185 1300 1230; baseline -0.003 -9"><span class='ocrx_word' id='word_1_122' title='bbox 257 1188 503 1230; x_wconf 80' lang='lat' dir='ltr'>inseparabiliter</span> <span class='ocrx_word' id='word_1_123' title='bbox 524 1187 690 1219; x_wconf 76' lang='lat' dir='ltr'>adhaerens</span> <span class='ocrx_word' id='word_1_124' title='bbox 712 1186 982 1227; x_wconf 86' lang='lat' dir='ltr'>complexumque</span> <span class='ocrx_word' id='word_1_125' title='bbox 998 1186 1179 1227; x_wconf 81' lang='lat' dir='ltr'>contineat3</span> <span class='ocrx_word' id='word_1_126' title='bbox 1205 1185 1300 1218; x_wconf 87' lang='lat' dir='ltr'>inve-</span> 
     </span>
     <span class='ocr_line' id='line_1_17' title="bbox 257 1236 1298 1286; baseline -0.001 -7"><span class='ocrx_word' id='word_1_127' title='bbox 257 1249 379 1280; x_wconf 88' lang='lat' dir='ltr'>niemus</span> <span class='ocrx_word' id='word_1_128' title='bbox 396 1236 476 1279; x_wconf 82' lang='lat' dir='ltr'>nibil&#39;</span> <span class='ocrx_word' id='word_1_129' title='bbox 490 1245 575 1278; x_wconf 89' lang='lat' dir='ltr'>aliud</span> <span class='ocrx_word' id='word_1_130' title='bbox 589 1255 671 1286; x_wconf 85' lang='lat' dir='ltr'>esse,</span> <span class='ocrx_word' id='word_1_131' title='bbox 694 1254 790 1286; x_wconf 90' lang='lat' dir='ltr'>quam</span> <span class='ocrx_word' id='word_1_132' title='bbox 807 1245 837 1276; x_wconf 92' lang='lat' dir='ltr'>id</span> <span class='ocrx_word' id='word_1_133' title='bbox 854 1244 942 1286; x_wconf 91' lang='lat' dir='ltr'>quod</span> <span class='ocrx_word' id='word_1_134' title='bbox 962 1245 1150 1286; x_wconf 66' lang='lat' dir='ltr'>quaerimus,</span> <span class='ocrx_word' id='word_1_135' title='bbox 1171 1245 1298 1278; x_wconf 90' lang='lat' dir='ltr'>silvam.</span> 
     </span>
     <span class='ocr_line' id='line_1_18' title="bbox 256 1303 1302 1346; baseline -0.003 -6"><span class='ocrx_word' id='word_1_136' title='bbox 256 1308 387 1340; x_wconf 88' lang='lat' dir='ltr'>Inventa</span> <span class='ocrx_word' id='word_1_137' title='bbox 410 1306 502 1346; x_wconf 90' lang='lat' dir='ltr'>igitur</span> <span class='ocrx_word' id='word_1_138' title='bbox 519 1307 568 1337; x_wconf 90' lang='lat' dir='ltr'>est</span> <span class='ocrx_word' id='word_1_139' title='bbox 584 1305 672 1346; x_wconf 85' lang='lat' dir='ltr'>origo</span> <span class='ocrx_word' id='word_1_140' title='bbox 698 1304 865 1345; x_wconf 67' lang='lat' dir='ltr'>silvestris.</span> <span class='ocrx_word' id='word_1_141' title='bbox 944 1305 984 1337; x_wconf 88' lang='lat' dir='ltr'>Et</span> <span class='ocrx_word' id='word_1_142' title='bbox 1010 1304 1072 1336; x_wconf 88' lang='lat' dir='ltr'>hoc</span> <span class='ocrx_word' id='word_1_143' title='bbox 1100 1303 1232 1345; x_wconf 89' lang='lat' dir='ltr'>quidem</span> <span class='ocrx_word' id='word_1_144' title='bbox 1252 1304 1302 1337; x_wconf 84' lang='lat' dir='ltr'>est</span> 
     </span>
     <span class='ocr_line' id='line_1_19' title="bbox 258 1363 1300 1405; baseline -0.001 -8"><span class='ocrx_word' id='word_1_145' title='bbox 258 1375 358 1397; x_wconf 88' lang='lat' dir='ltr'>unum</span> <span class='ocrx_word' id='word_1_146' title='bbox 371 1365 505 1397; x_wconf 90' lang='lat' dir='ltr'>duarum</span> <span class='ocrx_word' id='word_1_147' title='bbox 522 1364 746 1405; x_wconf 86' lang='lat' dir='ltr'>probationum</span> <span class='ocrx_word' id='word_1_148' title='bbox 760 1372 874 1404; x_wconf 85' lang='lat' dir='ltr'>genuS‚</span> <span class='ocrx_word' id='word_1_149' title='bbox 890 1364 976 1404; x_wconf 89' lang='lat' dir='ltr'>quod</span> <span class='ocrx_word' id='word_1_150' title='bbox 989 1364 1164 1397; x_wconf 79' lang='lat' dir='ltr'>Resolutio</span> <span class='ocrx_word' id='word_1_151' title='bbox 1173 1363 1300 1396; x_wconf 89' lang='lat' dir='ltr'>dicitur.</span> 
     </span>
     <span class='ocr_line' id='line_1_20' title="bbox 298 1422 1302 1464; baseline -0.001 -8"><span class='ocrx_word' id='word_1_152' title='bbox 298 1425 418 1456; x_wconf 82' lang='lat' dir='ltr'>cccli.</span> <span class='ocrx_word' id='word_1_153' title='bbox 434 1425 526 1455; x_wconf 84' lang='lat' dir='ltr'>Nunc</span> <span class='ocrx_word' id='word_1_154' title='bbox 547 1422 627 1455; x_wconf 89' lang='lat' dir='ltr'>illud</span> <span class='ocrx_word' id='word_1_155' title='bbox 645 1422 732 1455; x_wconf 87' lang='lat' dir='ltr'>aliud</span> <span class='ocrx_word' id='word_1_156' title='bbox 751 1422 990 1455; x_wconf 81' lang='lat' dir='ltr'>consideremus</span> <span class='ocrx_word' id='word_1_157' title='bbox 1003 1447 1012 1463; x_wconf 90' lang='lat'>‚</span> <span class='ocrx_word' id='word_1_158' title='bbox 1029 1422 1116 1464; x_wconf 88' lang='lat' dir='ltr'>quod</span> <span class='ocrx_word' id='word_1_159' title='bbox 1135 1423 1302 1464; x_wconf 82' lang='lat' dir='ltr'>composi-</span> 
     </span>
     <span class='ocr_line' id='line_1_21' title="bbox 259 1482 1301 1524; baseline -0.001 -9"><span class='ocrx_word' id='word_1_160' title='bbox 259 1485 306 1516; x_wconf 83' lang='lat' dir='ltr'>tio</span> <span class='ocrx_word' id='word_1_161' title='bbox 324 1482 576 1523; x_wconf 80' lang='lat' dir='ltr'>cognominatur.</span> <span class='ocrx_word' id='word_1_162' title='bbox 623 1482 774 1523; x_wconf 85' lang='lat' dir='ltr'>Sequitur</span> <span class='ocrx_word' id='word_1_163' title='bbox 789 1482 909 1523; x_wconf 86' lang='lat' dir='ltr'>quippe</span> <span class='ocrx_word' id='word_1_164' title='bbox 926 1482 1154 1514; x_wconf 81' lang='lat' dir='ltr'>resolutionem</span> <span class='ocrx_word' id='word_1_165' title='bbox 1167 1490 1301 1524; x_wconf 90' lang='lat' dir='ltr'>compo-</span> 
     </span>
     <span class='ocr_line' id='line_1_22' title="bbox 257 1540 1303 1582; baseline -0.002 -8"><span class='ocrx_word' id='word_1_166' title='bbox 257 1542 330 1574; x_wconf 87' lang='lat' dir='ltr'>sitio</span> <span class='ocrx_word' id='word_1_167' title='bbox 349 1543 381 1574; x_wconf 89' lang='lat' dir='ltr'>et</span> <span class='ocrx_word' id='word_1_168' title='bbox 398 1541 618 1574; x_wconf 75' lang='lat' dir='ltr'>discretionem</span> <span class='ocrx_word' id='word_1_169' title='bbox 638 1540 811 1574; x_wconf 88' lang='lat' dir='ltr'>concretio.</span> <span class='ocrx_word' id='word_1_170' title='bbox 834 1543 914 1579; x_wconf 85' lang='lat' dir='ltr'>Quae</span> <span class='ocrx_word' id='word_1_171' title='bbox 930 1541 1026 1582; x_wconf 82' lang='lat' dir='ltr'>igitur</span> <span class='ocrx_word' id='word_1_172' title='bbox 1042 1540 1138 1573; x_wconf 91' lang='lat' dir='ltr'>modo</span> <span class='ocrx_word' id='word_1_173' title='bbox 1154 1549 1303 1582; x_wconf 88' lang='lat' dir='ltr'>separare</span> 
     </span>
     <span class='ocr_line' id='line_1_23' title="bbox 258 1600 1303 1641; baseline 0 -9"><span class='ocrx_word' id='word_1_174' title='bbox 258 1602 365 1632; x_wconf 86' lang='lat' dir='ltr'>animo</span> <span class='ocrx_word' id='word_1_175' title='bbox 382 1600 569 1633; x_wconf 75' lang='lat' dir='ltr'>videbamur</span> <span class='ocrx_word' id='word_1_176' title='bbox 588 1609 606 1631; x_wconf 91' lang='lat' dir='ltr'>a</span> <span class='ocrx_word' id='word_1_177' title='bbox 634 1600 712 1631; x_wconf 87' lang='lat' dir='ltr'>silva</span> <span class='ocrx_word' id='word_1_178' title='bbox 725 1624 734 1641; x_wconf 93' lang='lat'>‚</span> <span class='ocrx_word' id='word_1_179' title='bbox 760 1609 871 1632; x_wconf 89' lang='lat' dir='ltr'>rursus</span> <span class='ocrx_word' id='word_1_180' title='bbox 893 1600 923 1632; x_wconf 89' lang='lat' dir='ltr'>ei</span> <span class='ocrx_word' id='word_1_181' title='bbox 956 1601 1221 1641; x_wconf 85' lang='lat' dir='ltr'>repraesentemus</span> <span class='ocrx_word' id='word_1_182' title='bbox 1234 1623 1244 1640; x_wconf 89' lang='lat'>‚</span> <span class='ocrx_word' id='word_1_183' title='bbox 1264 1608 1303 1632; x_wconf 92' lang='lat' dir='ltr'>ac</span> 
     </span>
     <span class='ocr_line' id='line_1_24' title="bbox 258 1659 1302 1700; baseline -0.001 -8"><span class='ocrx_word' id='word_1_184' title='bbox 258 1661 346 1693; x_wconf 88' lang='lat' dir='ltr'>velut</span> <span class='ocrx_word' id='word_1_185' title='bbox 362 1661 395 1692; x_wconf 91' lang='lat' dir='ltr'>in</span> <span class='ocrx_word' id='word_1_186' title='bbox 413 1668 506 1692; x_wconf 88' lang='lat' dir='ltr'>suum</span> <span class='ocrx_word' id='word_1_187' title='bbox 528 1660 632 1692; x_wconf 91' lang='lat' dir='ltr'>locum</span> <span class='ocrx_word' id='word_1_188' title='bbox 649 1668 853 1700; x_wconf 83' lang='lat' dir='ltr'>reponamus,</span> <span class='ocrx_word' id='word_1_189' title='bbox 873 1660 933 1691; x_wconf 88' lang='lat' dir='ltr'>boc</span> <span class='ocrx_word' id='word_1_190' title='bbox 946 1661 999 1692; x_wconf 80' lang='lat' dir='ltr'>&#39;est</span> <span class='ocrx_word' id='word_1_191' title='bbox 1018 1668 1144 1699; x_wconf 85' lang='lat' dir='ltr'>genera,</span> <span class='ocrx_word' id='word_1_192' title='bbox 1164 1659 1302 1700; x_wconf 83' lang='lat' dir='ltr'>qualita-</span> 
     </span>
     <span class='ocr_line' id='line_1_25' title="bbox 257 1719 1302 1766; baseline -0.001 -14"><span class='ocrx_word' id='word_1_193' title='bbox 257 1722 316 1760; x_wconf 80' lang='lat' dir='ltr'>tes,</span> <span class='ocrx_word' id='word_1_194' title='bbox 333 1720 459 1760; x_wconf 82' lang='lat' dir='ltr'>figuras.</span> <span class='ocrx_word' id='word_1_195' title='bbox 478 1721 542 1752; x_wconf 87' lang='lat' dir='ltr'>Nec</span> <span class='ocrx_word' id='word_1_196' title='bbox 559 1719 735 1751; x_wconf 85' lang='lat' dir='ltr'>inordinate</span> <span class='ocrx_word' id='word_1_197' title='bbox 751 1719 819 1766; x_wconf 75' lang='lat' dir='ltr'>baec</span> <span class='ocrx_word' id='word_1_198' title='bbox 831 1719 900 1760; x_wconf 75' lang='lat' dir='ltr'>ipsa</span> <span class='ocrx_word' id='word_1_199' title='bbox 915 1721 947 1751; x_wconf 90' lang='lat' dir='ltr'>et</span> <span class='ocrx_word' id='word_1_200' title='bbox 962 1720 1138 1760; x_wconf 88' lang='lat' dir='ltr'>utcunque,</span> <span class='ocrx_word' id='word_1_201' title='bbox 1157 1719 1214 1752; x_wconf 87' lang='lat' dir='ltr'>sed</span> <span class='ocrx_word' id='word_1_202' title='bbox 1227 1728 1302 1751; x_wconf 90' lang='lat' dir='ltr'>cum</span> 
     </span>
     <span class='ocr_line' id='line_1_26' title="bbox 257 1771 1304 1819; baseline 0 -8"><span class='ocrx_word' id='word_1_203' title='bbox 257 1778 345 1811; x_wconf 92' lang='lat' dir='ltr'>cultu</span> <span class='ocrx_word' id='word_1_204' title='bbox 361 1780 392 1810; x_wconf 90' lang='lat' dir='ltr'>et</span> <span class='ocrx_word' id='word_1_205' title='bbox 408 1778 530 1810; x_wconf 87' lang='lat' dir='ltr'>ordine.</span> <span class='ocrx_word' id='word_1_206' title='bbox 577 1778 665 1811; x_wconf 90' lang='lat' dir='ltr'>Ordo</span> <span class='ocrx_word' id='word_1_207' title='bbox 679 1771 786 1810; x_wconf 68' lang='lat' dir='ltr'>autein</span> <span class='ocrx_word' id='word_1_208' title='bbox 807 1778 874 1811; x_wconf 90' lang='lat' dir='ltr'>sinc</span> <span class='ocrx_word' id='word_1_209' title='bbox 890 1778 1058 1811; x_wconf 84' lang='lat' dir='ltr'>harmonia</span> <span class='ocrx_word' id='word_1_210' title='bbox 1073 1787 1143 1811; x_wconf 89' lang='lat' dir='ltr'>esse</span> <span class='ocrx_word' id='word_1_211' title='bbox 1162 1787 1228 1811; x_wconf 90' lang='lat' dir='ltr'>non</span> <span class='ocrx_word' id='word_1_212' title='bbox 1245 1787 1304 1819; x_wconf 88' lang='lat' dir='ltr'>po-</span> 
     </span>
     <span class='ocr_line' id='line_1_27' title="bbox 257 1836 1305 1880; baseline -0.001 -8"><span class='ocrx_word' id='word_1_213' title='bbox 257 1840 332 1872; x_wconf 87' lang='lat' dir='ltr'>test.</span> <span class='ocrx_word' id='word_1_214' title='bbox 375 1839 548 1872; x_wconf 86' lang='lat' dir='ltr'>Harmonia</span> <span class='ocrx_word' id='word_1_215' title='bbox 561 1838 690 1871; x_wconf 90' lang='lat' dir='ltr'>demum</span> <span class='ocrx_word' id='word_1_216' title='bbox 703 1836 854 1880; x_wconf 80' lang='lat' dir='ltr'>analogiae</span> <span class='ocrx_word' id='word_1_217' title='bbox 867 1847 973 1871; x_wconf 91' lang='lat' dir='ltr'>comes</span> <span class='ocrx_word' id='word_1_218' title='bbox 985 1842 1046 1871; x_wconf 89' lang='lat' dir='ltr'>est.</span> <span class='ocrx_word' id='word_1_219' title='bbox 1061 1838 1215 1879; x_wconf 86' lang='lat' dir='ltr'>Analogia</span> <span class='ocrx_word' id='word_1_220' title='bbox 1228 1839 1305 1871; x_wconf 87' lang='lat' dir='ltr'>item</span> 
     </span>
     <span class='ocr_line' id='line_1_28' title="bbox 258 1897 1304 1938; baseline 0 -9"><span class='ocrx_word' id='word_1_221' title='bbox 258 1906 333 1929; x_wconf 89' lang='lat' dir='ltr'>cum</span> <span class='ocrx_word' id='word_1_222' title='bbox 352 1897 494 1938; x_wconf 88' lang='lat' dir='ltr'>ratione,</span> <span class='ocrx_word' id='word_1_223' title='bbox 515 1899 547 1930; x_wconf 86' lang='lat' dir='ltr'>et</span> <span class='ocrx_word' id='word_1_224' title='bbox 564 1897 694 1930; x_wconf 90' lang='lat' dir='ltr'>demum</span> <span class='ocrx_word' id='word_1_225' title='bbox 718 1897 798 1930; x_wconf 90' lang='lat' dir='ltr'>ratio</span> <span class='ocrx_word' id='word_1_226' title='bbox 815 1907 925 1930; x_wconf 88' lang='lat' dir='ltr'>comes</span> <span class='ocrx_word' id='word_1_227' title='bbox 947 1897 1113 1931; x_wconf 88' lang='lat' dir='ltr'>individua</span> <span class='ocrx_word' id='word_1_228' title='bbox 1131 1897 1304 1938; x_wconf 86' lang='lat' dir='ltr'>providen-</span> 
     </span>
     <span class='ocr_line' id='line_1_29' title="bbox 257 1957 1303 1999; baseline 0 -10"><span class='ocrx_word' id='word_1_229' title='bbox 257 1957 314 1989; x_wconf 85' lang='lat' dir='ltr'>tiae</span> <span class='ocrx_word' id='word_1_230' title='bbox 335 1957 502 1998; x_wconf 83' lang='lat' dir='ltr'>reperitur.</span> <span class='ocrx_word' id='word_1_231' title='bbox 547 1959 614 1990; x_wconf 89' lang='lat' dir='ltr'>Nec</span> <span class='ocrx_word' id='word_1_232' title='bbox 637 1966 711 1989; x_wconf 92' lang='lat' dir='ltr'>vero</span> <span class='ocrx_word' id='word_1_233' title='bbox 740 1957 939 1996; x_wconf 89' lang='lat' dir='ltr'>providentia</span> <span class='ocrx_word' id='word_1_234' title='bbox 967 1957 1036 1990; x_wconf 89' lang='lat' dir='ltr'>sine</span> <span class='ocrx_word' id='word_1_235' title='bbox 1057 1957 1217 1990; x_wconf 85' lang='lat' dir='ltr'>intellectu</span> <span class='ocrx_word' id='word_1_236' title='bbox 1235 1958 1303 1999; x_wconf 85' lang='lat' dir='ltr'>est3</span> 
     </span>
     <span class='ocr_line' id='line_1_30' title="bbox 258 2016 1306 2058; baseline 0 -10"><span class='ocrx_word' id='word_1_237' title='bbox 258 2016 501 2057; x_wconf 84' lang='lat' dir='ltr'>intellectusque</span> <span class='ocrx_word' id='word_1_238' title='bbox 517 2016 585 2048; x_wconf 87' lang='lat' dir='ltr'>sinc</span> <span class='ocrx_word' id='word_1_239' title='bbox 598 2018 704 2049; x_wconf 89' lang='lat' dir='ltr'>mente</span> <span class='ocrx_word' id='word_1_240' title='bbox 721 2025 786 2048; x_wconf 89' lang='lat' dir='ltr'>non</span> <span class='ocrx_word' id='word_1_241' title='bbox 799 2018 860 2049; x_wconf 86' lang='lat' dir='ltr'>est.</span> <span class='ocrx_word' id='word_1_242' title='bbox 880 2018 971 2049; x_wconf 90' lang='lat' dir='ltr'>Mens</span> <span class='ocrx_word' id='word_1_243' title='bbox 993 2025 1068 2058; x_wconf 81' lang='lat' dir='ltr'>ergo</span> <span class='ocrx_word' id='word_1_244' title='bbox 1085 2017 1143 2050; x_wconf 91' lang='lat' dir='ltr'>Dei</span> <span class='ocrx_word' id='word_1_245' title='bbox 1161 2016 1306 2049; x_wconf 89' lang='lat' dir='ltr'>modula-</span> 
     </span>
     <span class='ocr_line' id='line_1_31' title="bbox 258 2075 1303 2117; baseline 0.001 -10"><span class='ocrx_word' id='word_1_246' title='bbox 258 2076 326 2114; x_wconf 82' lang='lat' dir='ltr'>vit,</span> <span class='ocrx_word' id='word_1_247' title='bbox 353 2075 533 2114; x_wconf 85' lang='lat' dir='ltr'>ordinavit,</span> <span class='ocrx_word' id='word_1_248' title='bbox 562 2075 702 2107; x_wconf 82' lang='lat' dir='ltr'>excoluit</span> <span class='ocrx_word' id='word_1_249' title='bbox 718 2085 848 2108; x_wconf 87' lang='lat' dir='ltr'>omnem</span> <span class='ocrx_word' id='word_1_250' title='bbox 879 2076 1110 2108; x_wconf 88' lang='lat' dir='ltr'>continentiam</span> <span class='ocrx_word' id='word_1_251' title='bbox 1148 2076 1303 2117; x_wconf 89' lang='lat' dir='ltr'>corporis.</span> 
     </span>
     <span class='ocr_line' id='line_1_32' title="bbox 259 2134 1306 2176; baseline 0.001 -10"><span class='ocrx_word' id='word_1_252' title='bbox 259 2135 393 2167; x_wconf 83' lang='lat' dir='ltr'>Inventa</span> <span class='ocrx_word' id='word_1_253' title='bbox 407 2143 481 2174; x_wconf 88' lang='lat' dir='ltr'>ergo</span> <span class='ocrx_word' id='word_1_254' title='bbox 501 2135 550 2166; x_wconf 78' lang='lat' dir='ltr'>est</span> <span class='ocrx_word' id='word_1_255' title='bbox 571 2134 700 2166; x_wconf 88' lang='lat' dir='ltr'>demum</span> <span class='ocrx_word' id='word_1_256' title='bbox 721 2135 844 2175; x_wconf 85' lang='lat' dir='ltr'>opiticis</span> <span class='ocrx_word' id='word_1_257' title='bbox 867 2134 975 2166; x_wconf 90' lang='lat' dir='ltr'>divina</span> <span class='ocrx_word' id='word_1_258' title='bbox 993 2134 1096 2176; x_wconf 80' lang='lat' dir='ltr'>origo.</span> <span class='ocrx_word' id='word_1_259' title='bbox 1144 2136 1306 2176; x_wconf 87' lang='lat' dir='ltr'>Operatur</span> 
     </span>
     <span class='ocr_line' id='line_1_33' title="bbox 261 2192 1304 2235; baseline 0.002 -11"><span class='ocrx_word' id='word_1_260' title='bbox 261 2202 355 2233; x_wconf 91' lang='lat' dir='ltr'>porro</span> <span class='ocrx_word' id='word_1_261' title='bbox 371 2192 473 2233; x_wconf 76' lang='lat' dir='ltr'>opifex</span> <span class='ocrx_word' id='word_1_262' title='bbox 487 2215 496 2232; x_wconf 90' lang='lat'>,</span> <span class='ocrx_word' id='word_1_263' title='bbox 525 2194 556 2224; x_wconf 89' lang='lat' dir='ltr'>et</span> <span class='ocrx_word' id='word_1_264' title='bbox 573 2194 709 2224; x_wconf 83' lang='lat' dir='ltr'>exornat</span> <span class='ocrx_word' id='word_1_265' title='bbox 728 2193 835 2224; x_wconf 88' lang='lat' dir='ltr'>omnia</span> <span class='ocrx_word' id='word_1_266' title='bbox 857 2193 950 2234; x_wconf 72' lang='lat' dir='ltr'>juxta</span> <span class='ocrx_word' id='word_1_267' title='bbox 975 2193 1041 2224; x_wconf 88' lang='lat' dir='ltr'>vim</span> <span class='ocrx_word' id='word_1_268' title='bbox 1060 2194 1281 2226; x_wconf 86' lang='lat' dir='ltr'>rationabilem</span> <span class='ocrx_word' id='word_1_269' title='bbox 1294 2217 1304 2235; x_wconf 95' lang='lat'>,</span> 
     </span>
     <span class='ocr_line' id='line_1_34' title="bbox 262 2251 1305 2294; baseline 0.003 -12"><span class='ocrx_word' id='word_1_270' title='bbox 262 2251 525 2292; x_wconf 85' lang='lat' dir='ltr'>majestatemque</span> <span class='ocrx_word' id='word_1_271' title='bbox 543 2260 678 2292; x_wconf 88' lang='lat' dir='ltr'>operum</span> <span class='ocrx_word' id='word_1_272' title='bbox 697 2261 842 2284; x_wconf 91' lang='lat' dir='ltr'>suorum.</span> <span class='ocrx_word' id='word_1_273' title='bbox 900 2255 1006 2293; x_wconf 84' lang='lat' dir='ltr'>Opera</span> <span class='ocrx_word' id='word_1_274' title='bbox 1030 2261 1107 2285; x_wconf 82' lang='lat' dir='ltr'>vero</span> <span class='ocrx_word' id='word_1_275' title='bbox 1125 2253 1194 2294; x_wconf 84' lang='lat' dir='ltr'>ejus</span> <span class='ocrx_word' id='word_1_276' title='bbox 1211 2253 1305 2286; x_wconf 88' lang='lat' dir='ltr'>intel-</span> 
     </span>
     <span class='ocr_line' id='line_1_35' title="bbox 261 2310 1306 2353; baseline 0.004 -12"><span class='ocrx_word' id='word_1_277' title='bbox 261 2310 362 2342; x_wconf 85' lang='lat' dir='ltr'>lectus</span> <span class='ocrx_word' id='word_1_278' title='bbox 378 2312 472 2349; x_wconf 88' lang='lat' dir='ltr'>suut,</span> <span class='ocrx_word' id='word_1_279' title='bbox 487 2311 540 2351; x_wconf 91' lang='lat' dir='ltr'>qui</span> <span class='ocrx_word' id='word_1_280' title='bbox 556 2319 575 2342; x_wconf 83' lang='lat' dir='ltr'>a</span> <span class='ocrx_word' id='word_1_281' title='bbox 594 2311 714 2344; x_wconf 84' lang='lat' dir='ltr'>Graecis</span> <span class='ocrx_word' id='word_1_282' title='bbox 727 2311 806 2344; x_wconf 85' lang='lat' dir='ltr'>ideae</span> <span class='ocrx_word' id='word_1_283' title='bbox 822 2314 977 2344; x_wconf 87' lang='lat' dir='ltr'>vocantur</span> <span class='ocrx_word' id='word_1_284' title='bbox 999 2320 1006 2339; x_wconf 73' lang='grc' dir='ltr'><strong><em>τ</em></strong></span> <span class='ocrx_word' id='word_1_285' title='bbox 1022 2321 1086 2352; x_wconf 89' lang='lat' dir='ltr'>quo</span> <span class='ocrx_word' id='word_1_286' title='bbox 1104 2314 1196 2353; x_wconf 91' lang='lat' dir='ltr'>pacto</span> <span class='ocrx_word' id='word_1_287' title='bbox 1214 2312 1306 2345; x_wconf 60' lang='lat' dir='ltr'>inve-</span> 
     </span>
     <span class='ocr_line' id='line_1_36' title="bbox 262 2370 1308 2413; baseline 0.004 -11"><span class='ocrx_word' id='word_1_288' title='bbox 262 2370 347 2402; x_wconf 85' lang='lat' dir='ltr'>nitur</span> <span class='ocrx_word' id='word_1_289' title='bbox 362 2371 455 2403; x_wconf 84' lang='lat' dir='ltr'>tertia</span> <span class='ocrx_word' id='word_1_290' title='bbox 478 2372 668 2412; x_wconf 87' lang='lat' dir='ltr'>exemplaris</span> <span class='ocrx_word' id='word_1_291' title='bbox 693 2372 783 2413; x_wconf 85' lang='lat' dir='ltr'>origo</span> <span class='ocrx_word' id='word_1_292' title='bbox 813 2381 932 2405; x_wconf 88' lang='lat' dir='ltr'>rerum.</span> <span class='ocrx_word' id='word_1_293' title='bbox 1001 2375 1102 2405; x_wconf 87' lang='lat' dir='ltr'>Porro</span> <span class='ocrx_word' id='word_1_294' title='bbox 1126 2373 1207 2406; x_wconf 85' lang='lat' dir='ltr'>ideae</span> <span class='ocrx_word' id='word_1_295' title='bbox 1232 2375 1308 2407; x_wconf 89' lang='lat' dir='ltr'>sunt</span> 
     </span>
     <span class='ocr_line' id='line_1_37' title="bbox 264 2429 1305 2472; baseline 0.005 -13"><span class='ocrx_word' id='word_1_296' title='bbox 264 2429 407 2469; x_wconf 73' lang='lat' dir='ltr'>exempla</span> <span class='ocrx_word' id='word_1_297' title='bbox 424 2429 618 2461; x_wconf 84' lang='lat' dir='ltr'>naturalium</span> <span class='ocrx_word' id='word_1_298' title='bbox 638 2439 756 2463; x_wconf 89' lang='lat' dir='ltr'>rerum.</span> <span class='ocrx_word' id='word_1_299' title='bbox 818 2431 917 2471; x_wconf 84' lang='lat' dir='ltr'>Igitur</span> <span class='ocrx_word' id='word_1_300' title='bbox 935 2430 1049 2463; x_wconf 78' lang='lat' dir='ltr'>silvam</span> <span class='ocrx_word' id='word_1_301' title='bbox 1066 2431 1196 2472; x_wconf 87' lang='lat' dir='ltr'>quidem</span> <span class='ocrx_word' id='word_1_302' title='bbox 1211 2432 1305 2472; x_wconf 83' lang='lat' dir='ltr'>juxta</span> 
     </span>
     <span class='ocr_line' id='line_1_38' title="bbox 265 2486 1302 2531; baseline 0.006 -14"><span class='ocrx_word' id='word_1_303' title='bbox 265 2486 363 2527; x_wconf 81' lang='lat' dir='ltr'>legem</span> <span class='ocrx_word' id='word_1_304' title='bbox 381 2487 597 2528; x_wconf 83' lang='lat' dir='ltr'>rationemque</span> <span class='ocrx_word' id='word_1_305' title='bbox 620 2487 857 2521; x_wconf 79' lang='lat' dir='ltr'>dissolutionis</span> <span class='ocrx_word' id='word_1_306' title='bbox 877 2490 1058 2522; x_wconf 87' lang='lat' dir='ltr'>invenimus</span> <span class='ocrx_word' id='word_1_307' title='bbox 1071 2514 1080 2531; x_wconf 95' lang='lat'>‚</span> <span class='ocrx_word' id='word_1_308' title='bbox 1098 2490 1190 2530; x_wconf 83' lang='lat' dir='ltr'>juxta</span> <span class='ocrx_word' id='word_1_309' title='bbox 1210 2499 1302 2523; x_wconf 84' lang='lat' dir='ltr'>com—</span> 
     </span>
     <span class='ocr_line' id='line_1_39' title="bbox 262 2547 1138 2588; baseline 0.006 -11"><span class='ocrx_word' id='word_1_310' title='bbox 262 2547 444 2586; x_wconf 74' lang='lat' dir='ltr'>positionis</span> <span class='ocrx_word' id='word_1_311' title='bbox 461 2555 535 2579; x_wconf 88' lang='lat' dir='ltr'>vero</span> <span class='ocrx_word' id='word_1_312' title='bbox 560 2548 719 2587; x_wconf 85' lang='lat' dir='ltr'>praecepta</span> <span class='ocrx_word' id='word_1_313' title='bbox 736 2547 841 2588; x_wconf 88' lang='lat' dir='ltr'>ipsum</span> <span class='ocrx_word' id='word_1_314' title='bbox 858 2549 1004 2588; x_wconf 82' lang='lat' dir='ltr'>opificem</span> <span class='ocrx_word' id='word_1_315' title='bbox 1022 2551 1138 2582; x_wconf 88' lang='lat' dir='ltr'>Deum.</span> 
     </span>
    </p>

    <p class='ocr_par' dir='ltr' id='par_1_3' title="bbox 268 2604 1311 3409">
     <span class='ocr_line' id='line_1_40' title="bbox 307 2604 1304 2650; baseline 0.005 -13"><span class='ocrx_word' id='word_1_316' title='bbox 307 2606 446 2637; x_wconf 82' lang='lat' dir='ltr'>CCCIII.</span> <span class='ocrx_word' id='word_1_317' title='bbox 467 2607 515 2636; x_wconf 77' lang='lat' dir='ltr'>Ex</span> <span class='ocrx_word' id='word_1_318' title='bbox 537 2604 684 2645; x_wconf 86' lang='lat' dir='ltr'>operibus</span> <span class='ocrx_word' id='word_1_319' title='bbox 703 2614 795 2646; x_wconf 87' lang='lat' dir='ltr'>porro</span> <span class='ocrx_word' id='word_1_320' title='bbox 813 2606 932 2647; x_wconf 81' lang='lat' dir='ltr'>opificis</span> <span class='ocrx_word' id='word_1_321' title='bbox 953 2608 1029 2648; x_wconf 88' lang='lat' dir='ltr'>Dei,</span> <span class='ocrx_word' id='word_1_322' title='bbox 1044 2610 1245 2650; x_wconf 85' lang='lat' dir='ltr'>exemplum.</span> <span class='ocrx_word' id='word_1_323' title='bbox 1265 2611 1304 2642; x_wconf 86' lang='lat' dir='ltr'>Et</span> 
     </span>
     <span class='ocr_line' id='line_1_41' title="bbox 268 2663 1307 2710; baseline 0.009 -17"><span class='ocrx_word' id='word_1_324' title='bbox 268 2664 418 2703; x_wconf 88' lang='lat' dir='ltr'>quoniam</span> <span class='ocrx_word' id='word_1_325' title='bbox 436 2663 558 2703; x_wconf 82' lang='lat' dir='ltr'>singula</span> <span class='ocrx_word' id='word_1_326' title='bbox 581 2664 652 2695; x_wconf 88' lang='lat' dir='ltr'>baec</span> <span class='ocrx_word' id='word_1_327' title='bbox 674 2664 761 2696; x_wconf 84' lang='lat' dir='ltr'>initia</span> <span class='ocrx_word' id='word_1_328' title='bbox 783 2667 878 2706; x_wconf 89' lang='lat' dir='ltr'>sunt,</span> <span class='ocrx_word' id='word_1_329' title='bbox 904 2675 1016 2698; x_wconf 86' lang='lat' dir='ltr'>rursus</span> <span class='ocrx_word' id='word_1_330' title='bbox 1040 2669 1100 2701; x_wconf 90' lang='lat' dir='ltr'>erit</span> <span class='ocrx_word' id='word_1_331' title='bbox 1120 2677 1160 2700; x_wconf 78' lang='lat' dir='ltr'>ex</span> <span class='ocrx_word' id='word_1_332' title='bbox 1181 2669 1307 2710; x_wconf 85' lang='lat' dir='ltr'>integro</span> 
     </span>
     <span class='ocr_line' id='line_1_42' title="bbox 269 2720 1307 2769; baseline 0.011 -19"><span class='ocrx_word' id='word_1_333' title='bbox 269 2720 308 2752; x_wconf 86' lang='lat' dir='ltr'>de</span> <span class='ocrx_word' id='word_1_334' title='bbox 323 2720 419 2751; x_wconf 89' lang='lat' dir='ltr'>initiis</span> <span class='ocrx_word' id='word_1_335' title='bbox 433 2720 664 2752; x_wconf 84' lang='lat' dir='ltr'>disserendum.</span> <span class='ocrx_word' id='word_1_336' title='bbox 716 2723 774 2754; x_wconf 83' lang='lat' dir='ltr'>Est</span> <span class='ocrx_word' id='word_1_337' title='bbox 789 2722 881 2763; x_wconf 84' lang='lat' dir='ltr'>igitur</span> <span class='ocrx_word' id='word_1_338' title='bbox 901 2724 1028 2757; x_wconf 89' lang='lat' dir='ltr'>initium</span> <span class='ocrx_word' id='word_1_339' title='bbox 1057 2727 1177 2766; x_wconf 89' lang='lat' dir='ltr'>primus</span> <span class='ocrx_word' id='word_1_340' title='bbox 1197 2728 1307 2769; x_wconf 89' lang='lat' dir='ltr'>limes,</span> 
     </span>
     <span class='ocr_line' id='line_1_43' title="bbox 270 2780 1309 2821; baseline 0.01 -11"><span class='ocrx_word' id='word_1_341' title='bbox 270 2782 341 2820; x_wconf 76' lang='lat' dir='ltr'>post</span> <span class='ocrx_word' id='word_1_342' title='bbox 360 2788 454 2820; x_wconf 90' lang='lat' dir='ltr'>quem</span> <span class='ocrx_word' id='word_1_343' title='bbox 472 2780 547 2810; x_wconf 86' lang='lat' dir='ltr'>sunt</span> <span class='ocrx_word' id='word_1_344' title='bbox 568 2781 683 2811; x_wconf 85' lang='lat' dir='ltr'>cuncta</span> <span class='ocrx_word' id='word_1_345' title='bbox 695 2804 704 2819; x_wconf 90' lang='lat'>‚</span> <span class='ocrx_word' id='word_1_346' title='bbox 724 2790 796 2821; x_wconf 92' lang='lat' dir='ltr'>quae</span> <span class='ocrx_word' id='word_1_347' title='bbox 814 2790 853 2813; x_wconf 80' lang='lat' dir='ltr'>ex</span> <span class='ocrx_word' id='word_1_348' title='bbox 872 2783 984 2815; x_wconf 87' lang='lat' dir='ltr'>eodem</span> <span class='ocrx_word' id='word_1_349' title='bbox 1003 2787 1078 2817; x_wconf 88' lang='lat' dir='ltr'>sunt</span> <span class='ocrx_word' id='word_1_350' title='bbox 1093 2786 1206 2819; x_wconf 84' lang='lat' dir='ltr'>limite.</span> <span class='ocrx_word' id='word_1_351' title='bbox 1266 2790 1309 2819; x_wconf 87' lang='lat' dir='ltr'>Et</span> 
     </span>
     <span class='ocr_line' id='line_1_44' title="bbox 268 2836 1306 2887; baseline 0.011 -19"><span class='ocrx_word' id='word_1_352' title='bbox 268 2838 344 2877; x_wconf 83' lang='lat' dir='ltr'>quia</span> <span class='ocrx_word' id='word_1_353' title='bbox 361 2846 455 2868; x_wconf 87' lang='lat' dir='ltr'>omne</span> <span class='ocrx_word' id='word_1_354' title='bbox 471 2836 615 2877; x_wconf 87' lang='lat' dir='ltr'>initium,</span> <span class='ocrx_word' id='word_1_355' title='bbox 628 2840 739 2879; x_wconf 84' lang='lat' dir='ltr'>utpote</span> <span class='ocrx_word' id='word_1_356' title='bbox 757 2840 846 2879; x_wconf 87' lang='lat' dir='ltr'>origo</span> <span class='ocrx_word' id='word_1_357' title='bbox 867 2850 971 2884; x_wconf 85' lang='lat' dir='ltr'>rerum</span> <span class='ocrx_word' id='word_1_358' title='bbox 984 2866 994 2883; x_wconf 93' lang='lat'>,</span> <span class='ocrx_word' id='word_1_359' title='bbox 1012 2845 1165 2884; x_wconf 85' lang='lat' dir='ltr'>praecedit</span> <span class='ocrx_word' id='word_1_360' title='bbox 1185 2848 1306 2887; x_wconf 86' lang='lat' dir='ltr'>ortum,</span> 
     </span>
     <span class='ocr_line' id='line_1_45' title="bbox 269 2896 1303 2945; baseline 0.01 -18"><span class='ocrx_word' id='word_1_361' title='bbox 269 2903 399 2927; x_wconf 89' lang='lat' dir='ltr'>necesse</span> <span class='ocrx_word' id='word_1_362' title='bbox 420 2896 468 2926; x_wconf 89' lang='lat' dir='ltr'>est</span> <span class='ocrx_word' id='word_1_363' title='bbox 483 2903 551 2927; x_wconf 90' lang='lat' dir='ltr'>eam</span> <span class='ocrx_word' id='word_1_364' title='bbox 569 2903 637 2927; x_wconf 88' lang='lat' dir='ltr'>esse</span> <span class='ocrx_word' id='word_1_365' title='bbox 658 2897 869 2938; x_wconf 81' lang='lat' dir='ltr'>simplicem,</span> <span class='ocrx_word' id='word_1_366' title='bbox 892 2900 965 2931; x_wconf 81' lang='lat' dir='ltr'>sine</span> <span class='ocrx_word' id='word_1_367' title='bbox 986 2902 1175 2943; x_wconf 79' lang='lat' dir='ltr'>qualitate,</span> <span class='ocrx_word' id='word_1_368' title='bbox 1195 2912 1303 2945; x_wconf 88' lang='lat' dir='ltr'>perpe-</span> 
     </span>
     <span class='ocr_line' id='line_1_46' title="bbox 269 2954 1310 3006; baseline 0.01 -18"><span class='ocrx_word' id='word_1_369' title='bbox 269 2956 375 2988; x_wconf 85' lang='lat' dir='ltr'>tuam.</span> <span class='ocrx_word' id='word_1_370' title='bbox 403 2954 437 2986; x_wconf 88' lang='lat' dir='ltr'>Si</span> <span class='ocrx_word' id='word_1_371' title='bbox 465 2954 599 2996; x_wconf 85' lang='lat' dir='ltr'>simplex</span> <span class='ocrx_word' id='word_1_372' title='bbox 612 2964 684 3005; x_wconf 42' lang='lat' dir='ltr'>‘non</span> <span class='ocrx_word' id='word_1_373' title='bbox 706 2956 784 2997; x_wconf 89' lang='lat' dir='ltr'>erit,</span> <span class='ocrx_word' id='word_1_374' title='bbox 813 2958 945 2998; x_wconf 90' lang='lat' dir='ltr'>perinde</span> <span class='ocrx_word' id='word_1_375' title='bbox 964 2961 1025 2992; x_wconf 86' lang='lat' dir='ltr'>erit</span> <span class='ocrx_word' id='word_1_376' title='bbox 1051 2964 1147 3003; x_wconf 89' lang='lat' dir='ltr'>atque</span> <span class='ocrx_word' id='word_1_377' title='bbox 1169 2973 1218 3005; x_wconf 91' lang='lat' dir='ltr'>ea,</span> <span class='ocrx_word' id='word_1_378' title='bbox 1237 2974 1310 3006; x_wconf 87' lang='lat' dir='ltr'>quae</span> 
     </span>
     <span class='ocr_line' id='line_1_47' title="bbox 270 3013 1310 3062; baseline 0.01 -16"><span class='ocrx_word' id='word_1_379' title='bbox 270 3016 346 3047; x_wconf 88' lang='lat' dir='ltr'>sunt</span> <span class='ocrx_word' id='word_1_380' title='bbox 360 3022 397 3046; x_wconf 86' lang='lat' dir='ltr'>ex</span> <span class='ocrx_word' id='word_1_381' title='bbox 416 3013 527 3046; x_wconf 88' lang='lat' dir='ltr'>eadem</span> <span class='ocrx_word' id='word_1_382' title='bbox 553 3014 733 3046; x_wconf 88' lang='lat' dir='ltr'>substantia</span> <span class='ocrx_word' id='word_1_383' title='bbox 761 3023 769 3043; x_wconf 88' lang='lat'><strong>:</strong></span> <span class='ocrx_word' id='word_1_384' title='bbox 797 3015 859 3048; x_wconf 87' lang='lat' dir='ltr'>nec&#39;</span> <span class='ocrx_word' id='word_1_385' title='bbox 876 3017 1017 3051; x_wconf 87' lang='lat' dir='ltr'>intererit</span> <span class='ocrx_word' id='word_1_386' title='bbox 1034 3021 1205 3062; x_wconf 89' lang='lat' dir='ltr'>quicquam</span> <span class='ocrx_word' id='word_1_387' title='bbox 1229 3024 1310 3056; x_wconf 87' lang='lat' dir='ltr'>inter</span> 
     </span>
     <span class='ocr_line' id='line_1_48' title="bbox 270 3071 1310 3122; baseline 0.01 -18"><span class='ocrx_word' id='word_1_388' title='bbox 270 3073 375 3114; x_wconf 87' lang='lat' dir='ltr'>ipsum</span> <span class='ocrx_word' id='word_1_389' title='bbox 403 3071 532 3104; x_wconf 86' lang='lat' dir='ltr'>initium</span> <span class='ocrx_word' id='word_1_390' title='bbox 553 3073 585 3103; x_wconf 88' lang='lat' dir='ltr'>et</span> <span class='ocrx_word' id='word_1_391' title='bbox 617 3074 744 3112; x_wconf 68' lang='lat' dir='ltr'>caetera,</span> <span class='ocrx_word' id='word_1_392' title='bbox 766 3074 890 3106; x_wconf 87' lang='lat' dir='ltr'>etiamsi</span> <span class='ocrx_word' id='word_1_393' title='bbox 914 3077 1085 3117; x_wconf 84' lang='lat' dir='ltr'>antiquitas</span> <span class='ocrx_word' id='word_1_394' title='bbox 1112 3079 1144 3111; x_wconf 92' lang='lat' dir='ltr'>in</span> <span class='ocrx_word' id='word_1_395' title='bbox 1166 3082 1310 3122; x_wconf 90' lang='lat' dir='ltr'>tempore</span> 
     </span>
     <span class='ocr_line' id='line_1_49' title="bbox 271 3130 1310 3178; baseline 0.009 -15"><span class='ocrx_word' id='word_1_396' title='bbox 271 3131 499 3171; x_wconf 83' lang='lat' dir='ltr'>constituatur,</span> <span class='ocrx_word' id='word_1_397' title='bbox 531 3130 660 3171; x_wconf 90' lang='lat' dir='ltr'>quando</span> <span class='ocrx_word' id='word_1_398' title='bbox 682 3131 776 3163; x_wconf 88' lang='lat' dir='ltr'>etiam</span> <span class='ocrx_word' id='word_1_399' title='bbox 798 3131 850 3164; x_wconf 91' lang='lat' dir='ltr'>illa</span> <span class='ocrx_word' id='word_1_400' title='bbox 876 3141 915 3165; x_wconf 84' lang='lat' dir='ltr'>ex</span> <span class='ocrx_word' id='word_1_401' title='bbox 940 3135 1046 3175; x_wconf 87' lang='lat' dir='ltr'>aliquo</span> <span class='ocrx_word' id='word_1_402' title='bbox 1069 3138 1215 3178; x_wconf 88' lang='lat' dir='ltr'>tempore</span> <span class='ocrx_word' id='word_1_403' title='bbox 1246 3142 1310 3174; x_wconf 91' lang='lat' dir='ltr'>sint</span> 
     </span>
     <span class='ocr_line' id='line_1_50' title="bbox 271 3188 1308 3237; baseline 0.009 -15"><span class='ocrx_word' id='word_1_404' title='bbox 271 3199 345 3232; x_wconf 68' lang='lat' dir='ltr'>quae</span> <span class='ocrx_word' id='word_1_405' title='bbox 365 3191 438 3231; x_wconf 87' lang='lat' dir='ltr'>post</span> <span class='ocrx_word' id='word_1_406' title='bbox 458 3188 585 3221; x_wconf 88' lang='lat' dir='ltr'>initium</span> <span class='ocrx_word' id='word_1_407' title='bbox 606 3191 703 3229; x_wconf 82' lang='lat' dir='ltr'>sunt,</span> <span class='ocrx_word' id='word_1_408' title='bbox 727 3191 759 3222; x_wconf 92' lang='lat' dir='ltr'>et</span> <span class='ocrx_word' id='word_1_409' title='bbox 777 3191 897 3223; x_wconf 89' lang='lat' dir='ltr'>nullam</span> <span class='ocrx_word' id='word_1_410' title='bbox 912 3201 981 3225; x_wconf 89' lang='lat' dir='ltr'>esse</span> <span class='ocrx_word' id='word_1_411' title='bbox 1004 3193 1217 3230; x_wconf 77' lang='lat' dir='ltr'>differentiam</span> <span class='ocrx_word' id='word_1_412' title='bbox 1231 3223 1240 3237; x_wconf 96' lang='lat'>,</span> <span class='ocrx_word' id='word_1_413' title='bbox 1259 3208 1308 3231; x_wconf 86' lang='lat' dir='ltr'>ra-</span> 
     </span>
     <span class='ocr_line' id='line_1_51' title="bbox 271 3248 1310 3295; baseline 0.01 -16"><span class='ocrx_word' id='word_1_414' title='bbox 271 3248 390 3280; x_wconf 90' lang='lat' dir='ltr'>tionem</span> <span class='ocrx_word' id='word_1_415' title='bbox 409 3257 474 3280; x_wconf 91' lang='lat' dir='ltr'>non</span> <span class='ocrx_word' id='word_1_416' title='bbox 497 3248 603 3281; x_wconf 87' lang='lat' dir='ltr'>habet.</span> <span class='ocrx_word' id='word_1_417' title='bbox 644 3249 786 3290; x_wconf 79' lang='lat' dir='ltr'>Simplex</span> <span class='ocrx_word' id='word_1_418' title='bbox 816 3259 890 3290; x_wconf 88' lang='lat' dir='ltr'>ergo</span> <span class='ocrx_word' id='word_1_419' title='bbox 915 3252 963 3282; x_wconf 89' lang='lat' dir='ltr'>est</span> <span class='ocrx_word' id='word_1_420' title='bbox 989 3261 1095 3284; x_wconf 90' lang='lat' dir='ltr'>rerum</span> <span class='ocrx_word' id='word_1_421' title='bbox 1125 3255 1232 3295; x_wconf 81' lang='lat' dir='ltr'>origo,</span> <span class='ocrx_word' id='word_1_422' title='bbox 1252 3265 1310 3289; x_wconf 90' lang='lat' dir='ltr'>nec</span> 
     </span>
     <span class='ocr_line' id='line_1_52' title="bbox 273 3307 1309 3358; baseline 0.01 -20"><span class='ocrx_word' id='word_1_423' title='bbox 273 3307 367 3339; x_wconf 85' lang='lat' dir='ltr'>babet</span> <span class='ocrx_word' id='word_1_424' title='bbox 385 3308 581 3348; x_wconf 89' lang='lat' dir='ltr'>qualitatem.</span> <span class='ocrx_word' id='word_1_425' title='bbox 628 3311 709 3341; x_wconf 87' lang='lat' dir='ltr'>Nam</span> <span class='ocrx_word' id='word_1_426' title='bbox 725 3309 751 3340; x_wconf 90' lang='lat' dir='ltr'>si</span> <span class='ocrx_word' id='word_1_427' title='bbox 764 3309 859 3341; x_wconf 85' lang='lat' dir='ltr'>detur</span> <span class='ocrx_word' id='word_1_428' title='bbox 877 3310 905 3342; x_wconf 91' lang='lat' dir='ltr'>ei</span> <span class='ocrx_word' id='word_1_429' title='bbox 923 3312 1072 3351; x_wconf 85' lang='lat' dir='ltr'>qualitas,</span> <span class='ocrx_word' id='word_1_430' title='bbox 1090 3314 1171 3354; x_wconf 88' lang='lat' dir='ltr'>erit,</span> <span class='ocrx_word' id='word_1_431' title='bbox 1185 3316 1309 3358; x_wconf 84' lang='lat' dir='ltr'>opinor,</span> 
     </span>
     <span class='ocr_line' id='line_1_53' title="bbox 273 3367 1311 3409; baseline 0.009 -11"><span class='ocrx_word' id='word_1_432' title='bbox 273 3367 483 3407; x_wconf 89' lang='lat' dir='ltr'>compositum</span> <span class='ocrx_word' id='word_1_433' title='bbox 505 3367 658 3408; x_wconf 85' lang='lat' dir='ltr'>quiddam</span> <span class='ocrx_word' id='word_1_434' title='bbox 682 3378 723 3400; x_wconf 82' lang='lat' dir='ltr'>ex</span> <span class='ocrx_word' id='word_1_435' title='bbox 743 3369 888 3409; x_wconf 82' lang='lat' dir='ltr'>materia,</span> <span class='ocrx_word' id='word_1_436' title='bbox 917 3371 948 3402; x_wconf 89' lang='lat' dir='ltr'>et</span> <span class='ocrx_word' id='word_1_437' title='bbox 965 3371 1133 3404; x_wconf 86' lang='lat' dir='ltr'>accidenti.</span> <span class='ocrx_word' id='word_1_438' title='bbox 1195 3376 1311 3407; x_wconf 84' lang='lat' dir='ltr'>Omnia</span> 
     </span>
    </p>
   </div>
   <div class='ocr_carea' id='block_1_3' title="bbox 274 3424 1311 3524">
    <p class='ocr_par' dir='ltr' id='par_1_4' title="bbox 274 3424 1311 3524">
     <span class='ocr_line' id='line_1_54' title="bbox 274 3424 1311 3473; baseline 0.01 -18"><span class='ocrx_word' id='word_1_439' title='bbox 274 3424 391 3466; x_wconf 86' lang='lat' dir='ltr'>quippe</span> <span class='ocrx_word' id='word_1_440' title='bbox 405 3425 499 3466; x_wconf 83' lang='lat' dir='ltr'>hujus</span> <span class='ocrx_word' id='word_1_441' title='bbox 518 3427 643 3467; x_wconf 89' lang='lat' dir='ltr'>generis</span> <span class='ocrx_word' id='word_1_442' title='bbox 661 3429 747 3468; x_wconf 86' lang='lat' dir='ltr'>sunt,</span> <span class='ocrx_word' id='word_1_443' title='bbox 770 3437 843 3469; x_wconf 88' lang='lat' dir='ltr'>quae</span> <span class='ocrx_word' id='word_1_444' title='bbox 858 3428 974 3462; x_wconf 83' lang='lat' dir='ltr'>liabent</span> <span class='ocrx_word' id='word_1_445' title='bbox 995 3430 1197 3472; x_wconf 85' lang='lat' dir='ltr'>qualitatem,</span> <span class='ocrx_word' id='word_1_446' title='bbox 1216 3433 1311 3473; x_wconf 83' lang='lat' dir='ltr'>igitur</span> 
     </span>
     <span class='ocr_line' id='line_1_55' title="bbox 275 3483 521 3524; baseline 0.008 -10"><span class='ocrx_word' id='word_1_447' title='bbox 275 3483 344 3515; x_wconf 85' lang='lat' dir='ltr'>sine</span> <span class='ocrx_word' id='word_1_448' title='bbox 360 3485 521 3524; x_wconf 81' lang='lat' dir='ltr'>qualitate.</span> 
     </span>
    </p>
   </div>
   <div class='ocr_carea' id='block_1_4' title="bbox 831 3571 846 3593">
    <p class='ocr_par' dir='ltr' id='par_1_5' title="bbox 831 3571 846 3593">
     <span class='ocr_line' id='line_1_56' title="bbox 831 3571 846 3593; baseline 0 -2"><span class='ocrx_word' id='word_1_449' title='bbox 831 3571 846 3593; x_wconf 65' lang='lat' dir='ltr'><em>G</em></span> 
     </span>
    </p>
   </div>
   <div class='ocr_carea' id='block_1_5' title="bbox 1353 358 2424 2420">
    <p class='ocr_par' dir='ltr' id='par_1_6' title="bbox 1353 358 2412 1348">
     <span class='ocr_line' id='line_1_57' title="bbox 1393 358 2395 403; baseline 0.002 -11"><span class='ocrx_word' id='word_1_450' title='bbox 1393 359 1530 393; x_wconf 83' lang='lat' dir='ltr'>ccclv.</span> <span class='ocrx_word' id='word_1_451' title='bbox 1548 362 1735 394; x_wconf 82' lang='lat' dir='ltr'>AElernum</span> <span class='ocrx_word' id='word_1_452' title='bbox 1753 367 1883 401; x_wconf 85' lang='lat' dir='ltr'>quoqne</span> <span class='ocrx_word' id='word_1_453' title='bbox 1905 358 2028 392; x_wconf 79' lang='lat' dir='ltr'>initium</span> <span class='ocrx_word' id='word_1_454' title='bbox 2051 366 2123 393; x_wconf 77' lang='lat' dir='ltr'>esse</span> <span class='ocrx_word' id='word_1_455' title='bbox 2143 359 2191 393; x_wconf 82' lang='lat' dir='ltr'>sic</span> <span class='ocrx_word' id='word_1_456' title='bbox 2205 359 2395 403; x_wconf 78' lang='lat' dir='ltr'>comproba-</span> 
     </span>
     <span class='ocr_line' id='line_1_58' title="bbox 1353 415 2398 460; baseline 0.004 -10"><span class='ocrx_word' id='word_1_457' title='bbox 1353 420 1418 450; x_wconf 87' lang='lat' dir='ltr'>tur.</span> <span class='ocrx_word' id='word_1_458' title='bbox 1461 420 1542 452; x_wconf 83' lang='lat' dir='ltr'>Nam</span> <span class='ocrx_word' id='word_1_459' title='bbox 1558 419 1585 450; x_wconf 90' lang='lat' dir='ltr'>si</span> <span class='ocrx_word' id='word_1_460' title='bbox 1599 427 1661 451; x_wconf 92' lang='lat' dir='ltr'>non</span> <span class='ocrx_word' id='word_1_461' title='bbox 1681 421 1850 457; x_wconf 86' lang='lat' dir='ltr'>aeternum,</span> <span class='ocrx_word' id='word_1_462' title='bbox 1870 426 1908 450; x_wconf 84' lang='lat' dir='ltr'>ex</span> <span class='ocrx_word' id='word_1_463' title='bbox 1927 415 2036 458; x_wconf 84' lang='lat' dir='ltr'>aliquo</span> <span class='ocrx_word' id='word_1_464' title='bbox 2050 418 2192 460; x_wconf 87' lang='lat' dir='ltr'>ternpore</span> <span class='ocrx_word' id='word_1_465' title='bbox 2207 418 2251 453; x_wconf 78' lang='lat' dir='ltr'>sit</span> <span class='ocrx_word' id='word_1_466' title='bbox 2266 426 2398 454; x_wconf 66' lang='lat' dir='ltr'>neceam</span> 
     </span>
     <span class='ocr_line' id='line_1_59' title="bbox 1354 477 2400 520; baseline 0.003 -11"><span class='ocrx_word' id='word_1_467' title='bbox 1354 478 1418 510; x_wconf 89' lang='lat' dir='ltr'>est.</span> <span class='ocrx_word' id='word_1_468' title='bbox 1476 477 1508 510; x_wconf 88' lang='lat' dir='ltr'>Si</span> <span class='ocrx_word' id='word_1_469' title='bbox 1531 477 1593 509; x_wconf 88' lang='lat' dir='ltr'>boc</span> <span class='ocrx_word' id='word_1_470' title='bbox 1612 478 1657 509; x_wconf 87' lang='lat' dir='ltr'>ita</span> <span class='ocrx_word' id='word_1_471' title='bbox 1674 478 1755 517; x_wconf 88' lang='lat' dir='ltr'>erit,</span> <span class='ocrx_word' id='word_1_472' title='bbox 1777 484 1873 509; x_wconf 88' lang='lat' dir='ltr'>causa</span> <span class='ocrx_word' id='word_1_473' title='bbox 1904 485 2034 518; x_wconf 90' lang='lat' dir='ltr'>quoque</span> <span class='ocrx_word' id='word_1_474' title='bbox 2063 485 2122 510; x_wconf 89' lang='lat' dir='ltr'>cur</span> <span class='ocrx_word' id='word_1_475' title='bbox 2151 478 2212 519; x_wconf 82' lang='lat' dir='ltr'>sit,</span> <span class='ocrx_word' id='word_1_476' title='bbox 2233 477 2400 520; x_wconf 73' lang='lat' dir='ltr'>praecedat</span> 
     </span>
     <span class='ocr_line' id='line_1_60' title="bbox 1354 535 2399 579; baseline 0.004 -11"><span class='ocrx_word' id='word_1_477' title='bbox 1354 536 1462 569; x_wconf 88' lang='lat' dir='ltr'>ortum</span> <span class='ocrx_word' id='word_1_478' title='bbox 1472 537 1540 577; x_wconf 87' lang='lat' dir='ltr'>ejus</span> <span class='ocrx_word' id='word_1_479' title='bbox 1553 545 1685 570; x_wconf 79' lang='lat' dir='ltr'>necesse</span> <span class='ocrx_word' id='word_1_480' title='bbox 1700 537 1762 569; x_wconf 85' lang='lat' dir='ltr'>est.</span> <span class='ocrx_word' id='word_1_481' title='bbox 1775 537 1821 568; x_wconf 90' lang='lat' dir='ltr'>lta</span> <span class='ocrx_word' id='word_1_482' title='bbox 1835 535 1898 569; x_wconf 88' lang='lat' dir='ltr'>erit</span> <span class='ocrx_word' id='word_1_483' title='bbox 1908 535 1997 568; x_wconf 91' lang='lat' dir='ltr'>initio</span> <span class='ocrx_word' id='word_1_484' title='bbox 2009 535 2130 577; x_wconf 87' lang='lat' dir='ltr'>aliquid</span> <span class='ocrx_word' id='word_1_485' title='bbox 2143 537 2319 579; x_wconf 75' lang='lat' dir='ltr'>antiquius.</span> <span class='ocrx_word' id='word_1_486' title='bbox 2334 536 2399 572; x_wconf 83' lang='lat' dir='ltr'>Sed</span> 
     </span>
     <span class='ocr_line' id='line_1_61' title="bbox 1357 594 2403 637; baseline 0.005 -10"><span class='ocrx_word' id='word_1_487' title='bbox 1357 595 1417 628; x_wconf 79' lang='lat' dir='ltr'>lioe</span> <span class='ocrx_word' id='word_1_488' title='bbox 1439 595 1617 628; x_wconf 89' lang='lat' dir='ltr'>absurdum</span> <span class='ocrx_word' id='word_1_489' title='bbox 1645 596 1711 634; x_wconf 89' lang='lat' dir='ltr'>est,</span> <span class='ocrx_word' id='word_1_490' title='bbox 1736 594 1862 627; x_wconf 89' lang='lat' dir='ltr'>initium</span> <span class='ocrx_word' id='word_1_491' title='bbox 1895 594 1975 628; x_wconf 89' lang='lat' dir='ltr'>initii</span> <span class='ocrx_word' id='word_1_492' title='bbox 2001 595 2179 637; x_wconf 83' lang='lat' dir='ltr'>suspicari;</span> <span class='ocrx_word' id='word_1_493' title='bbox 2201 598 2324 631; x_wconf 79' lang='lat' dir='ltr'>aetem</span> <span class='ocrx_word' id='word_1_494' title='bbox 2350 597 2403 632; x_wconf 69' lang='lat' dir='ltr'>est</span> 
     </span>
     <span class='ocr_line' id='line_1_62' title="bbox 1356 643 2401 695; baseline 0.002 -9"><span class='ocrx_word' id='word_1_495' title='bbox 1356 654 1450 695; x_wconf 80' lang='lat' dir='ltr'>igitur</span> <span class='ocrx_word' id='word_1_496' title='bbox 1464 654 1553 695; x_wconf 85' lang='lat' dir='ltr'>origo</span> <span class='ocrx_word' id='word_1_497' title='bbox 1569 662 1695 693; x_wconf 91' lang='lat' dir='ltr'>rerum,</span> <span class='ocrx_word' id='word_1_498' title='bbox 1717 653 1893 695; x_wconf 88' lang='lat' dir='ltr'>eademque</span> <span class='ocrx_word' id='word_1_499' title='bbox 1911 652 2113 686; x_wconf 85' lang='lat' dir='ltr'>immortalis.</span> <span class='ocrx_word' id='word_1_500' title='bbox 2166 655 2249 687; x_wconf 83' lang='lat' dir='ltr'>Nam</span> <span class='ocrx_word' id='word_1_501' title='bbox 2271 643 2401 688; x_wconf 74' lang='lat' dir='ltr'>sineci-</span> 
     </span>
     <span class='ocr_line' id='line_1_63' title="bbox 1357 711 2403 754; baseline 0.004 -10"><span class='ocrx_word' id='word_1_502' title='bbox 1357 713 1420 745; x_wconf 92' lang='lat' dir='ltr'>dua</span> <span class='ocrx_word' id='word_1_503' title='bbox 1433 737 1442 753; x_wconf 96' lang='lat'>,</span> <span class='ocrx_word' id='word_1_504' title='bbox 1462 722 1527 746; x_wconf 91' lang='lat' dir='ltr'>non</span> <span class='ocrx_word' id='word_1_505' title='bbox 1546 712 1648 746; x_wconf 89' lang='lat' dir='ltr'>deerit</span> <span class='ocrx_word' id='word_1_506' title='bbox 1678 712 1707 745; x_wconf 90' lang='lat' dir='ltr'>ei</span> <span class='ocrx_word' id='word_1_507' title='bbox 1728 711 1868 745; x_wconf 88' lang='lat' dir='ltr'>conditio</span> <span class='ocrx_word' id='word_1_508' title='bbox 1895 712 2057 746; x_wconf 83' lang='lat' dir='ltr'>interitus.</span> <span class='ocrx_word' id='word_1_509' title='bbox 2115 714 2228 754; x_wconf 86' lang='lat' dir='ltr'>Neque</span> <span class='ocrx_word' id='word_1_510' title='bbox 2258 712 2346 747; x_wconf 86' lang='lat' dir='ltr'>enim</span> <span class='ocrx_word' id='word_1_511' title='bbox 2368 713 2403 749; x_wconf 78' lang='lat' dir='ltr'>in</span> 
     </span>
     <span class='ocr_line' id='line_1_64' title="bbox 1357 770 2405 814; baseline 0.003 -10"><span class='ocrx_word' id='word_1_512' title='bbox 1357 772 1492 813; x_wconf 88' lang='lat' dir='ltr'>simplex</span> <span class='ocrx_word' id='word_1_513' title='bbox 1521 771 1653 814; x_wconf 87' lang='lat' dir='ltr'>aliquid,</span> <span class='ocrx_word' id='word_1_514' title='bbox 1677 771 1836 813; x_wconf 78' lang='lat' dir='ltr'>neque¹in</span> <span class='ocrx_word' id='word_1_515' title='bbox 1856 770 2071 813; x_wconf 88' lang='lat' dir='ltr'>compositum</span> <span class='ocrx_word' id='word_1_516' title='bbox 2098 771 2306 805; x_wconf 80' lang='lat' dir='ltr'>dissolvetur.</span> <span class='ocrx_word' id='word_1_517' title='bbox 2365 773 2405 807; x_wconf 83' lang='lat' dir='ltr'>ln</span> 
     </span>
     <span class='ocr_line' id='line_1_65' title="bbox 1357 830 2407 873; baseline 0.003 -10"><span class='ocrx_word' id='word_1_518' title='bbox 1357 831 1491 873; x_wconf 86' lang='lat' dir='ltr'>simplex</span> <span class='ocrx_word' id='word_1_519' title='bbox 1501 855 1511 872; x_wconf 95' lang='lat'>,</span> <span class='ocrx_word' id='word_1_520' title='bbox 1532 831 1603 864; x_wconf 92' lang='lat' dir='ltr'>ideo</span> <span class='ocrx_word' id='word_1_521' title='bbox 1619 831 1704 873; x_wconf 86' lang='lat' dir='ltr'>quod</span> <span class='ocrx_word' id='word_1_522' title='bbox 1720 830 1789 863; x_wconf 88' lang='lat' dir='ltr'>sola</span> <span class='ocrx_word' id='word_1_523' title='bbox 1805 830 1893 863; x_wconf 88' lang='lat' dir='ltr'>initia</span> <span class='ocrx_word' id='word_1_524' title='bbox 1906 830 2083 872; x_wconf 88' lang='lat' dir='ltr'>simplicia;</span> <span class='ocrx_word' id='word_1_525' title='bbox 2096 839 2171 872; x_wconf 85' lang='lat' dir='ltr'>ergo</span> <span class='ocrx_word' id='word_1_526' title='bbox 2189 831 2223 864; x_wconf 86' lang='lat' dir='ltr'>in</span> <span class='ocrx_word' id='word_1_527' title='bbox 2239 839 2275 864; x_wconf 78' lang='lat' dir='ltr'>se</span> <span class='ocrx_word' id='word_1_528' title='bbox 2288 830 2407 867; x_wconf 69' lang='lat' dir='ltr'>dissol-</span> 
     </span>
     <span class='ocr_line' id='line_1_66' title="bbox 1360 890 2405 939; baseline 0.001 -16"><span class='ocrx_word' id='word_1_529' title='bbox 1360 892 1453 924; x_wconf 89' lang='lat' dir='ltr'>vetur</span> <span class='ocrx_word' id='word_1_530' title='bbox 1478 894 1511 924; x_wconf 89' lang='lat' dir='ltr'>et</span> <span class='ocrx_word' id='word_1_531' title='bbox 1539 891 1759 932; x_wconf 88' lang='lat' dir='ltr'>recreabitur,</span> <span class='ocrx_word' id='word_1_532' title='bbox 1792 890 1899 932; x_wconf 84' lang='lat' dir='ltr'>potius</span> <span class='ocrx_word' id='word_1_533' title='bbox 1917 899 2016 932; x_wconf 91' lang='lat' dir='ltr'>quam</span> <span class='ocrx_word' id='word_1_534' title='bbox 2042 890 2196 924; x_wconf 87' lang='lat' dir='ltr'>interibit.</span> <span class='ocrx_word' id='word_1_535' title='bbox 2241 891 2354 939; x_wconf 79' lang='lat' dir='ltr'>Neque</span> <span class='ocrx_word' id='word_1_536' title='bbox 2369 890 2405 924; x_wconf 85' lang='lat' dir='ltr'>in</span> 
     </span>
     <span class='ocr_line' id='line_1_67' title="bbox 1360 939 2407 993; baseline 0 -11"><span class='ocrx_word' id='word_1_537' title='bbox 1360 950 1578 991; x_wconf 89' lang='lat' dir='ltr'>compositum</span> <span class='ocrx_word' id='word_1_538' title='bbox 1589 949 1731 991; x_wconf 88' lang='lat' dir='ltr'>quidem.</span> <span class='ocrx_word' id='word_1_539' title='bbox 1742 949 1966 983; x_wconf 86' lang='lat' dir='ltr'>continebitur</span> <span class='ocrx_word' id='word_1_540' title='bbox 1976 950 2063 983; x_wconf 89' lang='lat' dir='ltr'>enim</span> <span class='ocrx_word' id='word_1_541' title='bbox 2070 958 2110 983; x_wconf 74' lang='lat' dir='ltr'>ex</span> <span class='ocrx_word' id='word_1_542' title='bbox 2119 949 2324 993; x_wconf 83' lang='lat' dir='ltr'>compositis,</span> <span class='ocrx_word' id='word_1_543' title='bbox 2331 939 2407 992; x_wconf 74' lang='lat' dir='ltr'>ergo</span> 
     </span>
     <span class='ocr_line' id='line_1_68' title="bbox 1361 1008 2408 1052; baseline 0.001 -11"><span class='ocrx_word' id='word_1_544' title='bbox 1361 1018 1419 1042; x_wconf 90' lang='lat' dir='ltr'>nec</span> <span class='ocrx_word' id='word_1_545' title='bbox 1431 1009 1635 1043; x_wconf 89' lang='lat' dir='ltr'>dissolvetur.</span> <span class='ocrx_word' id='word_1_546' title='bbox 1674 1010 1801 1051; x_wconf 89' lang='lat' dir='ltr'>Quippe</span> <span class='ocrx_word' id='word_1_547' title='bbox 1812 1018 1910 1042; x_wconf 90' lang='lat' dir='ltr'>omne</span> <span class='ocrx_word' id='word_1_548' title='bbox 1928 1011 2142 1051; x_wconf 84' lang='lat' dir='ltr'>compositum</span> <span class='ocrx_word' id='word_1_549' title='bbox 2158 1018 2198 1042; x_wconf 83' lang='lat' dir='ltr'>ex</span> <span class='ocrx_word' id='word_1_550' title='bbox 2213 1008 2408 1052; x_wconf 80' lang='lat' dir='ltr'>simplicium</span> 
     </span>
     <span class='ocr_line' id='line_1_69' title="bbox 1361 1067 2409 1102; baseline 0 -1"><span class='ocrx_word' id='word_1_551' title='bbox 1361 1070 1548 1101; x_wconf 92' lang='lat' dir='ltr'>naturarum</span> <span class='ocrx_word' id='word_1_552' title='bbox 1565 1069 1767 1102; x_wconf 81' lang='lat' dir='ltr'>connexione</span> <span class='ocrx_word' id='word_1_553' title='bbox 1787 1068 1948 1102; x_wconf 82' lang='lat' dir='ltr'>subsistit.</span> <span class='ocrx_word' id='word_1_554' title='bbox 1967 1070 2034 1102; x_wconf 81' lang='lat' dir='ltr'>Nec</span> <span class='ocrx_word' id='word_1_555' title='bbox 2049 1077 2127 1101; x_wconf 81' lang='lat' dir='ltr'>vero</span> <span class='ocrx_word' id='word_1_556' title='bbox 2144 1068 2178 1101; x_wconf 86' lang='lat' dir='ltr'>in</span> <span class='ocrx_word' id='word_1_557' title='bbox 2193 1067 2328 1102; x_wconf 83' lang='lat' dir='ltr'>nibilum</span> <span class='ocrx_word' id='word_1_558' title='bbox 2341 1067 2409 1101; x_wconf 82' lang='lat' dir='ltr'>dis-</span> 
     </span>
     <span class='ocr_line' id='line_1_70' title="bbox 1361 1126 2411 1170; baseline 0.001 -10"><span class='ocrx_word' id='word_1_559' title='bbox 1361 1128 1442 1161; x_wconf 85' lang='lat' dir='ltr'>solvi</span> <span class='ocrx_word' id='word_1_560' title='bbox 1456 1129 1574 1170; x_wconf 86' lang='lat' dir='ltr'>potest,</span> <span class='ocrx_word' id='word_1_561' title='bbox 1588 1137 1648 1162; x_wconf 91' lang='lat' dir='ltr'>nec</span> <span class='ocrx_word' id='word_1_562' title='bbox 1657 1127 1744 1161; x_wconf 89' lang='lat' dir='ltr'>enim</span> <span class='ocrx_word' id='word_1_563' title='bbox 1757 1126 1935 1170; x_wconf 85' lang='lat' dir='ltr'>quidquam</span> <span class='ocrx_word' id='word_1_564' title='bbox 1953 1128 2058 1170; x_wconf 84' lang='lat' dir='ltr'>potest</span> <span class='ocrx_word' id='word_1_565' title='bbox 2069 1135 2140 1160; x_wconf 85' lang='lat' dir='ltr'>esse</span> <span class='ocrx_word' id='word_1_566' title='bbox 2155 1126 2243 1169; x_wconf 91' lang='lat' dir='ltr'>quod</span> <span class='ocrx_word' id='word_1_567' title='bbox 2257 1126 2337 1160; x_wconf 87' lang='lat' dir='ltr'>nibil</span> <span class='ocrx_word' id='word_1_568' title='bbox 2350 1128 2411 1169; x_wconf 68' lang='lat' dir='ltr'>est.</span> 
     </span>
     <span class='ocr_line' id='line_1_71' title="bbox 1361 1185 2412 1229; baseline -0.001 -9"><span class='ocrx_word' id='word_1_569' title='bbox 1361 1189 1455 1220; x_wconf 87' lang='lat' dir='ltr'>Certe</span> <span class='ocrx_word' id='word_1_570' title='bbox 1468 1213 1478 1228; x_wconf 91' lang='lat'>,</span> <span class='ocrx_word' id='word_1_571' title='bbox 1494 1190 1531 1220; x_wconf 92' lang='lat' dir='ltr'>ut</span> <span class='ocrx_word' id='word_1_572' title='bbox 1551 1187 1596 1220; x_wconf 87' lang='lat' dir='ltr'>ait</span> <span class='ocrx_word' id='word_1_573' title='bbox 1616 1188 1732 1229; x_wconf 86' lang='lat' dir='ltr'>Plato,</span> <span class='ocrx_word' id='word_1_574' title='bbox 1752 1187 1844 1221; x_wconf 93' lang='lat' dir='ltr'>initio</span> <span class='ocrx_word' id='word_1_575' title='bbox 1868 1187 2014 1229; x_wconf 88' lang='lat' dir='ltr'>perdito,</span> <span class='ocrx_word' id='word_1_576' title='bbox 2032 1195 2092 1220; x_wconf 86' lang='lat' dir='ltr'>nec</span> <span class='ocrx_word' id='word_1_577' title='bbox 2110 1186 2219 1229; x_wconf 84' lang='lat' dir='ltr'>ipsum</span> <span class='ocrx_word' id='word_1_578' title='bbox 2235 1194 2277 1220; x_wconf 80' lang='lat' dir='ltr'>ex</span> <span class='ocrx_word' id='word_1_579' title='bbox 2301 1185 2412 1228; x_wconf 76' lang='lat' dir='ltr'>aliquo</span> 
     </span>
     <span class='ocr_line' id='line_1_72' title="bbox 1362 1245 2409 1289; baseline 0 -10"><span class='ocrx_word' id='word_1_580' title='bbox 1362 1256 1536 1289; x_wconf 89' lang='lat' dir='ltr'>quoquam,</span> <span class='ocrx_word' id='word_1_581' title='bbox 1550 1256 1609 1281; x_wconf 92' lang='lat' dir='ltr'>nec</span> <span class='ocrx_word' id='word_1_582' title='bbox 1622 1256 1661 1280; x_wconf 86' lang='lat' dir='ltr'>ex</span> <span class='ocrx_word' id='word_1_583' title='bbox 1675 1247 1791 1280; x_wconf 87' lang='lat' dir='ltr'>eodem</span> <span class='ocrx_word' id='word_1_584' title='bbox 1810 1247 1898 1280; x_wconf 88' lang='lat' dir='ltr'>aliud</span> <span class='ocrx_word' id='word_1_585' title='bbox 1913 1246 2091 1289; x_wconf 88' lang='lat' dir='ltr'>quidquam</span> <span class='ocrx_word' id='word_1_586' title='bbox 2110 1245 2318 1280; x_wconf 77' lang='lat' dir='ltr'>recrealn&#39;tur.</span> <span class='ocrx_word' id='word_1_587' title='bbox 2336 1247 2409 1285; x_wconf 86' lang='lat' dir='ltr'>Quo</span> 
     </span>
     <span class='ocr_line' id='line_1_73' title="bbox 1363 1306 2116 1348; baseline 0 -9"><span class='ocrx_word' id='word_1_588' title='bbox 1363 1307 1454 1348; x_wconf 90' lang='lat' dir='ltr'>pacto</span> <span class='ocrx_word' id='word_1_589' title='bbox 1477 1306 1659 1340; x_wconf 88' lang='lat' dir='ltr'>immortale</span> <span class='ocrx_word' id='word_1_590' title='bbox 1674 1315 1783 1339; x_wconf 91' lang='lat' dir='ltr'>rerum</span> <span class='ocrx_word' id='word_1_591' title='bbox 1799 1306 1928 1340; x_wconf 89' lang='lat' dir='ltr'>initium</span> <span class='ocrx_word' id='word_1_592' title='bbox 1946 1306 2116 1348; x_wconf 87' lang='lat' dir='ltr'>reperitur.</span> 
     </span>
    </p>

    <p class='ocr_par' dir='ltr' id='par_1_7' title="bbox 1363 1363 2424 2420">
     <span class='ocr_line' id='line_1_74' title="bbox 1406 1363 2414 1407; baseline 0 -9"><span class='ocrx_word' id='word_1_593' title='bbox 1406 1367 1530 1399; x_wconf 77' lang='lat' dir='ltr'>cccv.</span> <span class='ocrx_word' id='word_1_594' title='bbox 1562 1366 1647 1406; x_wconf 83' lang='lat' dir='ltr'>Quia</span> <span class='ocrx_word' id='word_1_595' title='bbox 1673 1365 1788 1407; x_wconf 84' lang='lat' dir='ltr'>igitur,</span> <span class='ocrx_word' id='word_1_596' title='bbox 1809 1365 1896 1407; x_wconf 90' lang='lat' dir='ltr'>quod</span> <span class='ocrx_word' id='word_1_597' title='bbox 1924 1368 1957 1398; x_wconf 88' lang='lat' dir='ltr'>et</span> <span class='ocrx_word' id='word_1_598' title='bbox 1982 1365 2163 1407; x_wconf 87' lang='lat' dir='ltr'>cujusmodi</span> <span class='ocrx_word' id='word_1_599' title='bbox 2195 1364 2240 1399; x_wconf 80' lang='lat' dir='ltr'>sit</span> <span class='ocrx_word' id='word_1_600' title='bbox 2263 1363 2414 1404; x_wconf 83' lang='lat' dir='ltr'>initium,</span> 
     </span>
     <span class='ocr_line' id='line_1_75' title="bbox 1363 1423 2414 1466; baseline -0.001 -9"><span class='ocrx_word' id='word_1_601' title='bbox 1363 1425 1678 1466; x_wconf 84' lang='lat' dir='ltr'>demonstravimus;</span> <span class='ocrx_word' id='word_1_602' title='bbox 1698 1433 1902 1466; x_wconf 84' lang='lat' dir='ltr'>consequens</span> <span class='ocrx_word' id='word_1_603' title='bbox 1920 1425 1983 1458; x_wconf 88' lang='lat' dir='ltr'>erit</span> <span class='ocrx_word' id='word_1_604' title='bbox 2003 1425 2071 1466; x_wconf 84' lang='lat' dir='ltr'>jam</span> <span class='ocrx_word' id='word_1_605' title='bbox 2089 1432 2178 1457; x_wconf 88' lang='lat' dir='ltr'>nunc</span> <span class='ocrx_word' id='word_1_606' title='bbox 2195 1423 2414 1465; x_wconf 78' lang='lat' dir='ltr'>considerare,</span> 
     </span>
     <span class='ocr_line' id='line_1_76' title="bbox 1365 1483 2418 1526; baseline -0.002 -9"><span class='ocrx_word' id='word_1_607' title='bbox 1365 1487 1476 1517; x_wconf 88' lang='lat' dir='ltr'>utrum</span> <span class='ocrx_word' id='word_1_608' title='bbox 1503 1485 1565 1518; x_wconf 90' lang='lat' dir='ltr'>boc</span> <span class='ocrx_word' id='word_1_609' title='bbox 1584 1485 1666 1525; x_wconf 84' lang='lat' dir='ltr'>ignis</span> <span class='ocrx_word' id='word_1_610' title='bbox 1677 1484 1731 1525; x_wconf 89' lang='lat' dir='ltr'>sit,</span> <span class='ocrx_word' id='word_1_611' title='bbox 1748 1493 1789 1517; x_wconf 92' lang='lat' dir='ltr'>an</span> <span class='ocrx_word' id='word_1_612' title='bbox 1802 1486 1899 1524; x_wconf 89' lang='lat' dir='ltr'>terra,</span> <span class='ocrx_word' id='word_1_613' title='bbox 1915 1492 1956 1516; x_wconf 93' lang='lat' dir='ltr'>an</span> <span class='ocrx_word' id='word_1_614' title='bbox 1973 1483 2096 1526; x_wconf 84' lang='lat' dir='ltr'>aliquid</span> <span class='ocrx_word' id='word_1_615' title='bbox 2120 1485 2328 1523; x_wconf 69' lang='lat' dir='ltr'>caeterorum,</span> <span class='ocrx_word' id='word_1_616' title='bbox 2343 1491 2418 1525; x_wconf 77' lang='lat' dir='ltr'>quoe</span> 
     </span>
     <span class='ocr_line' id='line_1_77' title="bbox 1364 1541 2418 1584; baseline -0.003 -7"><span class='ocrx_word' id='word_1_617' title='bbox 1364 1544 1515 1577; x_wconf 86' lang='lat' dir='ltr'>dicuntur</span> <span class='ocrx_word' id='word_1_618' title='bbox 1546 1544 1715 1577; x_wconf 88' lang='lat' dir='ltr'>elementa.</span> <span class='ocrx_word' id='word_1_619' title='bbox 1777 1543 1926 1576; x_wconf 87' lang='lat' dir='ltr'>Arbitror</span> <span class='ocrx_word' id='word_1_620' title='bbox 1949 1543 2069 1584; x_wconf 85' lang='lat' dir='ltr'>qnippe</span> <span class='ocrx_word' id='word_1_621' title='bbox 2096 1549 2165 1576; x_wconf 85' lang='lat' dir='ltr'>non</span> <span class='ocrx_word' id='word_1_622' title='bbox 2189 1544 2276 1575; x_wconf 83' lang='lat' dir='ltr'>recte</span> <span class='ocrx_word' id='word_1_623' title='bbox 2297 1541 2418 1574; x_wconf 84' lang='lat' dir='ltr'>horum</span> 
     </span>
     <span class='ocr_line' id='line_1_78' title="bbox 1365 1599 2417 1645; baseline -0.003 -10"><span class='ocrx_word' id='word_1_624' title='bbox 1365 1603 1443 1645; x_wconf 88' lang='lat' dir='ltr'>quid</span> <span class='ocrx_word' id='word_1_625' title='bbox 1462 1603 1590 1636; x_wconf 90' lang='lat' dir='ltr'>initium</span> <span class='ocrx_word' id='word_1_626' title='bbox 1605 1602 1731 1644; x_wconf 88' lang='lat' dir='ltr'>pntari;</span> <span class='ocrx_word' id='word_1_627' title='bbox 1758 1602 1828 1634; x_wconf 87' lang='lat' dir='ltr'>baec</span> <span class='ocrx_word' id='word_1_628' title='bbox 1843 1602 1929 1635; x_wconf 88' lang='lat' dir='ltr'>enim</span> <span class='ocrx_word' id='word_1_629' title='bbox 1947 1601 2082 1634; x_wconf 68' lang='lat' dir='ltr'>minime·</span> <span class='ocrx_word' id='word_1_630' title='bbox 2102 1599 2357 1642; x_wconf 82' lang='lat' dir='ltr'>simplicia‚‘sed</span> <span class='ocrx_word' id='word_1_631' title='bbox 2372 1607 2417 1633; x_wconf 80' lang='lat' dir='ltr'>ex</span> 
     </span>
     <span class='ocr_line' id='line_1_79' title="bbox 1365 1656 2419 1702; baseline -0.003 -9"><span class='ocrx_word' id='word_1_632' title='bbox 1365 1662 1502 1694; x_wconf 87' lang='lat' dir='ltr'>diversis</span> <span class='ocrx_word' id='word_1_633' title='bbox 1517 1661 1659 1694; x_wconf 88' lang='lat' dir='ltr'>materiis</span> <span class='ocrx_word' id='word_1_634' title='bbox 1669 1685 1678 1700; x_wconf 96' lang='lat'>,</span> <span class='ocrx_word' id='word_1_635' title='bbox 1693 1660 1894 1702; x_wconf 87' lang='lat' dir='ltr'>naturisque,</span> <span class='ocrx_word' id='word_1_636' title='bbox 1910 1656 2062 1693; x_wconf 64' lang='lat' dir='ltr'>contexta*</span> <span class='ocrx_word' id='word_1_637' title='bbox 2073 1661 2150 1693; x_wconf 86' lang='lat' dir='ltr'>sunt</span> <span class='ocrx_word' id='word_1_638' title='bbox 2163 1667 2310 1701; x_wconf 84' lang='lat' dir='ltr'>corpora.</span> <span class='ocrx_word' id='word_1_639' title='bbox 2327 1657 2419 1691; x_wconf 81' lang='lat' dir='ltr'>Initii</span> 
     </span>
     <span class='ocr_line' id='line_1_80' title="bbox 1368 1716 2411 1763; baseline -0.005 -9"><span class='ocrx_word' id='word_1_640' title='bbox 1368 1730 1464 1763; x_wconf 89' lang='lat' dir='ltr'>porro</span> <span class='ocrx_word' id='word_1_641' title='bbox 1491 1721 1673 1762; x_wconf 86' lang='lat' dir='ltr'>simplicem</span> <span class='ocrx_word' id='word_1_642' title='bbox 1698 1728 1769 1753; x_wconf 89' lang='lat' dir='ltr'>esse</span> <span class='ocrx_word' id='word_1_643' title='bbox 1784 1721 1932 1752; x_wconf 80' lang='lat' dir='ltr'>naturam</span> <span class='ocrx_word' id='word_1_644' title='bbox 1957 1719 1991 1751; x_wconf 92' lang='lat' dir='ltr'>in</span> <span class='ocrx_word' id='word_1_645' title='bbox 2007 1718 2228 1760; x_wconf 84' lang='lat' dir='ltr'>superioribus</span> <span class='ocrx_word' id='word_1_646' title='bbox 2251 1716 2411 1751; x_wconf 79' lang='lat' dir='ltr'>constitit.</span> 
     </span>
     <span class='ocr_line' id='line_1_81' title="bbox 1367 1775 2414 1821; baseline -0.004 -8"><span class='ocrx_word' id='word_1_647' title='bbox 1367 1781 1425 1814; x_wconf 88' lang='lat' dir='ltr'>His</span> <span class='ocrx_word' id='word_1_648' title='bbox 1448 1780 1493 1813; x_wconf 89' lang='lat' dir='ltr'>ita</span> <span class='ocrx_word' id='word_1_649' title='bbox 1512 1779 1665 1821; x_wconf 82' lang='lat' dir='ltr'>digestis,</span> <span class='ocrx_word' id='word_1_650' title='bbox 1689 1778 1978 1818; x_wconf 83' lang='lat' dir='ltr'>demonstrandum</span> <span class='ocrx_word' id='word_1_651' title='bbox 2000 1777 2061 1819; x_wconf 73' lang='lat' dir='ltr'>est,</span> <span class='ocrx_word' id='word_1_652' title='bbox 2084 1777 2150 1810; x_wconf 90' lang='lat' dir='ltr'>duo</span> <span class='ocrx_word' id='word_1_653' title='bbox 2170 1785 2243 1810; x_wconf 89' lang='lat' dir='ltr'>esse</span> <span class='ocrx_word' id='word_1_654' title='bbox 2260 1775 2351 1810; x_wconf 88' lang='lat' dir='ltr'>initia</span> <span class='ocrx_word' id='word_1_655' title='bbox 2362 1784 2414 1809; x_wconf 82' lang='lat' dir='ltr'>re-</span> 
     </span>
     <span class='ocr_line' id='line_1_82' title="bbox 1365 1833 2418 1881; baseline -0.005 -8"><span class='ocrx_word' id='word_1_656' title='bbox 1365 1849 1451 1881; x_wconf 91' lang='lat' dir='ltr'>rum,</span> <span class='ocrx_word' id='word_1_657' title='bbox 1466 1841 1498 1872; x_wconf 91' lang='lat' dir='ltr'>et</span> <span class='ocrx_word' id='word_1_658' title='bbox 1510 1839 1581 1872; x_wconf 90' lang='lat' dir='ltr'>baec</span> <span class='ocrx_word' id='word_1_659' title='bbox 1592 1838 1751 1871; x_wconf 88' lang='lat' dir='ltr'>contraria</span> <span class='ocrx_word' id='word_1_660' title='bbox 1770 1837 1831 1869; x_wconf 90' lang='lat' dir='ltr'>sibi</span> <span class='ocrx_word' id='word_1_661' title='bbox 1851 1837 2005 1870; x_wconf 88' lang='lat' dir='ltr'>invicem.</span> <span class='ocrx_word' id='word_1_662' title='bbox 2049 1837 2102 1869; x_wconf 89' lang='lat' dir='ltr'>Sic</span> <span class='ocrx_word' id='word_1_663' title='bbox 2117 1835 2236 1879; x_wconf 87' lang='lat' dir='ltr'>quippe</span> <span class='ocrx_word' id='word_1_664' title='bbox 2247 1843 2315 1868; x_wconf 84' lang='lat' dir='ltr'>non</span> <span class='ocrx_word' id='word_1_665' title='bbox 2330 1833 2418 1868; x_wconf 76' lang='lat' dir='ltr'>solus</span> 
     </span>
     <span class='ocr_line' id='line_1_83' title="bbox 1367 1894 2418 1940; baseline -0.005 -8"><span class='ocrx_word' id='word_1_666' title='bbox 1367 1898 1547 1940; x_wconf 85' lang='lat' dir='ltr'>Plato‚sed</span> <span class='ocrx_word' id='word_1_667' title='bbox 1563 1898 1762 1939; x_wconf 85' lang='lat' dir='ltr'>antiquiores</span> <span class='ocrx_word' id='word_1_668' title='bbox 1792 1905 1922 1938; x_wconf 89' lang='lat' dir='ltr'>quoque</span> <span class='ocrx_word' id='word_1_669' title='bbox 1950 1904 2064 1928; x_wconf 88' lang='lat' dir='ltr'>omnes</span> <span class='ocrx_word' id='word_1_670' title='bbox 2089 1894 2296 1928; x_wconf 87' lang='lat' dir='ltr'>consentiunt</span> <span class='ocrx_word' id='word_1_671' title='bbox 2313 1903 2418 1928; x_wconf 27' lang='lat' dir='ltr'>:veum</span> 
     </span>
     <span class='ocr_line' id='line_1_84' title="bbox 1367 1953 2421 2002; baseline -0.007 -9"><span class='ocrx_word' id='word_1_672' title='bbox 1367 1961 1482 2002; x_wconf 87' lang='lat' dir='ltr'>partim</span> <span class='ocrx_word' id='word_1_673' title='bbox 1500 1959 1649 1999; x_wconf 88' lang='lat' dir='ltr'>calorem,</span> <span class='ocrx_word' id='word_1_674' title='bbox 1670 1960 1704 1991; x_wconf 89' lang='lat' dir='ltr'>et</span> <span class='ocrx_word' id='word_1_675' title='bbox 1726 1958 1839 1998; x_wconf 73' lang='lat' dir='ltr'>frigus,</span> <span class='ocrx_word' id='word_1_676' title='bbox 1865 1957 1956 1989; x_wconf 88' lang='lat' dir='ltr'>initia</span> <span class='ocrx_word' id='word_1_677' title='bbox 1971 1956 2195 1996; x_wconf 86' lang='lat' dir='ltr'>constituunt;</span> <span class='ocrx_word' id='word_1_678' title='bbox 2214 1953 2332 1997; x_wconf 85' lang='lat' dir='ltr'>partim</span> <span class='ocrx_word' id='word_1_679' title='bbox 2355 1953 2421 1986; x_wconf 81' lang='lat' dir='ltr'>bu-</span> 
     </span>
     <span class='ocr_line' id='line_1_85' title="bbox 1367 2011 2422 2059; baseline -0.006 -8"><span class='ocrx_word' id='word_1_680' title='bbox 1367 2027 1490 2051; x_wconf 86' lang='lat' dir='ltr'>morem</span> <span class='ocrx_word' id='word_1_681' title='bbox 1503 2042 1512 2059; x_wconf 96' lang='lat'>,</span> <span class='ocrx_word' id='word_1_682' title='bbox 1526 2019 1560 2051; x_wconf 85' lang='lat' dir='ltr'>et</span> <span class='ocrx_word' id='word_1_683' title='bbox 1574 2017 1770 2050; x_wconf 84' lang='lat' dir='ltr'>siccitatem:</span> <span class='ocrx_word' id='word_1_684' title='bbox 1822 2015 1913 2050; x_wconf 80' lang='lat' dir='ltr'>Alius</span> <span class='ocrx_word' id='word_1_685' title='bbox 1933 2014 2065 2056; x_wconf 88' lang='lat' dir='ltr'>quidem</span> <span class='ocrx_word' id='word_1_686' title='bbox 2080 2021 2296 2053; x_wconf 81' lang='lat' dir='ltr'>consensum,</span> <span class='ocrx_word' id='word_1_687' title='bbox 2308 2015 2341 2046; x_wconf 87' lang='lat' dir='ltr'>et</span> <span class='ocrx_word' id='word_1_688' title='bbox 2355 2011 2422 2045; x_wconf 82' lang='lat' dir='ltr'>dis-</span> 
     </span>
     <span class='ocr_line' id='line_1_86' title="bbox 1367 2072 2412 2119; baseline -0.007 -8"><span class='ocrx_word' id='word_1_689' title='bbox 1367 2079 1574 2119; x_wconf 81' lang='lat' dir='ltr'>sensionem3</span> <span class='ocrx_word' id='word_1_690' title='bbox 1600 2077 1654 2110; x_wconf 84' lang='lat' dir='ltr'>vel</span> <span class='ocrx_word' id='word_1_691' title='bbox 1674 2085 1786 2117; x_wconf 88' lang='lat' dir='ltr'>unum,</span> <span class='ocrx_word' id='word_1_692' title='bbox 1807 2076 1839 2108; x_wconf 90' lang='lat' dir='ltr'>et</span> <span class='ocrx_word' id='word_1_693' title='bbox 1855 2075 1932 2107; x_wconf 88' lang='lat' dir='ltr'>item</span> <span class='ocrx_word' id='word_1_694' title='bbox 1949 2074 2051 2107; x_wconf 89' lang='lat' dir='ltr'>multa</span> <span class='ocrx_word' id='word_1_695' title='bbox 2075 2086 2083 2106; x_wconf 72' lang='grc' dir='ltr'><strong><em>ε</em></strong></span> <span class='ocrx_word' id='word_1_696' title='bbox 2102 2081 2223 2115; x_wconf 84' lang='lat' dir='ltr'>parque</span> <span class='ocrx_word' id='word_1_697' title='bbox 2239 2074 2273 2106; x_wconf 88' lang='lat' dir='ltr'>et</span> <span class='ocrx_word' id='word_1_698' title='bbox 2293 2072 2412 2114; x_wconf 74' lang='lat' dir='ltr'>impar,</span> 
     </span>
     <span class='ocr_line' id='line_1_87' title="bbox 1368 2131 2421 2177; baseline -0.006 -7"><span class='ocrx_word' id='word_1_699' title='bbox 1368 2137 1399 2169; x_wconf 91' lang='lat' dir='ltr'>id</span> <span class='ocrx_word' id='word_1_700' title='bbox 1421 2138 1469 2170; x_wconf 88' lang='lat' dir='ltr'>est</span> <span class='ocrx_word' id='word_1_701' title='bbox 1495 2136 1727 2177; x_wconf 87' lang='lat' dir='ltr'>singularitatis</span> <span class='ocrx_word' id='word_1_702' title='bbox 1750 2135 1946 2175; x_wconf 89' lang='lat' dir='ltr'>duitatisque</span> <span class='ocrx_word' id='word_1_703' title='bbox 1966 2136 2138 2174; x_wconf 84' lang='lat' dir='ltr'>naturam,</span> <span class='ocrx_word' id='word_1_704' title='bbox 2168 2135 2206 2165; x_wconf 88' lang='lat' dir='ltr'>ut</span> <span class='ocrx_word' id='word_1_705' title='bbox 2229 2131 2421 2174; x_wconf 73' lang='lat' dir='ltr'>Pythagorae</span> 
     </span>
     <span class='ocr_line' id='line_1_88' title="bbox 1370 2189 2420 2236; baseline -0.005 -9"><span class='ocrx_word' id='word_1_706' title='bbox 1370 2195 1502 2236; x_wconf 83' lang='lat' dir='ltr'>placuit.</span> <span class='ocrx_word' id='word_1_707' title='bbox 1545 2196 1692 2232; x_wconf 87' lang='lat' dir='ltr'>Quorum</span> <span class='ocrx_word' id='word_1_708' title='bbox 1709 2193 1856 2226; x_wconf 89' lang='lat' dir='ltr'>omnium</span> <span class='ocrx_word' id='word_1_709' title='bbox 1882 2191 2053 2233; x_wconf 85' lang='lat' dir='ltr'>sententiae</span> <span class='ocrx_word' id='word_1_710' title='bbox 2065 2190 2106 2223; x_wconf 89' lang='lat' dir='ltr'>de</span> <span class='ocrx_word' id='word_1_711' title='bbox 2118 2189 2346 2224; x_wconf 81' lang='lat' dir='ltr'>contrarietate</span> <span class='ocrx_word' id='word_1_712' title='bbox 2359 2189 2420 2222; x_wconf 86' lang='lat' dir='ltr'>ini·</span> 
     </span>
     <span class='ocr_line' id='line_1_89' title="bbox 1369 2247 2419 2290; baseline -0.005 -4"><span class='ocrx_word' id='word_1_713' title='bbox 1369 2254 1487 2286; x_wconf 90' lang='lat' dir='ltr'>tiorum</span> <span class='ocrx_word' id='word_1_714' title='bbox 1503 2253 1679 2285; x_wconf 89' lang='lat' dir='ltr'>concinunt</span> <span class='ocrx_word' id='word_1_715' title='bbox 1701 2265 1709 2285; x_wconf 74' lang='grc' dir='ltr'>ι</span> <span class='ocrx_word' id='word_1_716' title='bbox 1727 2251 1782 2284; x_wconf 89' lang='lat' dir='ltr'>sed</span> <span class='ocrx_word' id='word_1_717' title='bbox 1796 2252 1906 2284; x_wconf 89' lang='lat' dir='ltr'>utrum</span> <span class='ocrx_word' id='word_1_718' title='bbox 1927 2259 1965 2283; x_wconf 87' lang='lat' dir='ltr'>ea</span> <span class='ocrx_word' id='word_1_719' title='bbox 1977 2251 2098 2283; x_wconf 87' lang='lat' dir='ltr'>aeterna</span> <span class='ocrx_word' id='word_1_720' title='bbox 2110 2274 2120 2289; x_wconf 85' lang='lat'>‚</span> <span class='ocrx_word' id='word_1_721' title='bbox 2139 2257 2183 2282; x_wconf 80' lang='lat' dir='ltr'>an</span> <span class='ocrx_word' id='word_1_722' title='bbox 2206 2247 2419 2290; x_wconf 83' lang='lat' dir='ltr'>temporaria,</span> 
     </span>
     <span class='ocr_line' id='line_1_90' title="bbox 1369 2309 2423 2356; baseline -0.006 -8"><span class='ocrx_word' id='word_1_723' title='bbox 1369 2317 1403 2348; x_wconf 87' lang='lat' dir='ltr'>et</span> <span class='ocrx_word' id='word_1_724' title='bbox 1421 2324 1461 2347; x_wconf 93' lang='lat' dir='ltr'>an</span> <span class='ocrx_word' id='word_1_725' title='bbox 1475 2323 1653 2356; x_wconf 83' lang='lat' dir='ltr'>corporeae,</span> <span class='ocrx_word' id='word_1_726' title='bbox 1668 2322 1710 2345; x_wconf 92' lang='lat' dir='ltr'>an</span> <span class='ocrx_word' id='word_1_727' title='bbox 1730 2314 1928 2353; x_wconf 67' lang='lat' dir='ltr'>incorporem</span> <span class='ocrx_word' id='word_1_728' title='bbox 1949 2311 2044 2344; x_wconf 91' lang='lat' dir='ltr'>molis</span> <span class='ocrx_word' id='word_1_729' title='bbox 2057 2335 2067 2351; x_wconf 97' lang='lat'>,</span> <span class='ocrx_word' id='word_1_730' title='bbox 2098 2309 2293 2343; x_wconf 86' lang='lat' dir='ltr'>dissentiunt</span> <span class='ocrx_word' id='word_1_731' title='bbox 2310 2319 2321 2342; x_wconf 79' lang='lat' dir='ltr'>t</span> <span class='ocrx_word' id='word_1_732' title='bbox 2339 2317 2423 2351; x_wconf 88' lang='lat' dir='ltr'>quo-</span> 
     </span>
     <span class='ocr_line' id='line_1_91' title="bbox 1372 2369 2424 2420; baseline -0.004 -14"><span class='ocrx_word' id='word_1_733' title='bbox 1372 2383 1442 2407; x_wconf 87' lang='lat' dir='ltr'>rum</span> <span class='ocrx_word' id='word_1_734' title='bbox 1460 2374 1596 2406; x_wconf 89' lang='lat' dir='ltr'>alterum</span> <span class='ocrx_word' id='word_1_735' title='bbox 1613 2373 1649 2404; x_wconf 90' lang='lat' dir='ltr'>ut</span> <span class='ocrx_word' id='word_1_736' title='bbox 1666 2371 1804 2411; x_wconf 81' lang='lat' dir='ltr'>taciens,</span> <span class='ocrx_word' id='word_1_737' title='bbox 1819 2371 1955 2403; x_wconf 87' lang='lat' dir='ltr'>alterum</span> <span class='ocrx_word' id='word_1_738' title='bbox 1970 2373 2006 2402; x_wconf 90' lang='lat' dir='ltr'>ut</span> <span class='ocrx_word' id='word_1_739' title='bbox 2019 2369 2152 2411; x_wconf 83' lang='lat' dir='ltr'>paticus.</span> <span class='ocrx_word' id='word_1_740' title='bbox 2173 2369 2310 2410; x_wconf 79' lang='lat' dir='ltr'>oportet</span> <span class='ocrx_word' id='word_1_741' title='bbox 2321 2376 2424 2420; x_wconf 24' lang='lat' dir='ltr'>*porro</span> 
     </span>
    </p>
   </div>
   <div class='ocr_carea' id='block_1_6' title="bbox 1370 2428 2477 2470">
    <p class='ocr_par' dir='ltr' id='par_1_8' title="bbox 1370 2428 2477 2470">
     <span class='ocr_line' id='line_1_92' title="bbox 1370 2428 2477 2470; baseline -0.006 -4"><span class='ocrx_word' id='word_1_742' title='bbox 1370 2434 1460 2466; x_wconf 85' lang='lat' dir='ltr'>initia</span> <span class='ocrx_word' id='word_1_743' title='bbox 1482 2441 1541 2466; x_wconf 87' lang='lat' dir='ltr'>nec</span> <span class='ocrx_word' id='word_1_744' title='bbox 1556 2440 1597 2464; x_wconf 81' lang='lat' dir='ltr'>ex</span> <span class='ocrx_word' id='word_1_745' title='bbox 1621 2431 1691 2464; x_wconf 90' lang='lat' dir='ltr'>aliis</span> <span class='ocrx_word' id='word_1_746' title='bbox 1713 2430 1785 2462; x_wconf 90' lang='lat' dir='ltr'>ullis</span> <span class='ocrx_word' id='word_1_747' title='bbox 1803 2430 1897 2462; x_wconf 89' lang='lat' dir='ltr'>rebus</span> <span class='ocrx_word' id='word_1_748' title='bbox 1911 2429 2067 2470; x_wconf 86' lang='lat' dir='ltr'>originem</span> <span class='ocrx_word' id='word_1_749' title='bbox 2085 2428 2234 2467; x_wconf 85' lang='lat' dir='ltr'>trabere,</span> <span class='ocrx_word' id='word_1_750' title='bbox 2251 2435 2312 2461; x_wconf 84' lang='lat' dir='ltr'>nec</span> <span class='ocrx_word' id='word_1_751' title='bbox 2328 2435 2367 2460; x_wconf 82' lang='lat' dir='ltr'>ex</span> <span class='ocrx_word' id='word_1_752' title='bbox 2386 2435 2423 2460; x_wconf 82' lang='lat' dir='ltr'>se</span> <span class='ocrx_word' id='word_1_753' title='bbox 2472 2455 2477 2459; x_wconf 86' lang='lat'>.</span> 
     </span>
    </p>
   </div>
   <div class='ocr_carea' id='block_1_7' title="bbox 1369 2486 2423 2950">
    <p class='ocr_par' dir='ltr' id='par_1_9' title="bbox 1369 2486 2423 2950">
     <span class='ocr_line' id='line_1_93' title="bbox 1369 2486 2420 2531; baseline -0.006 -6"><span class='ocrx_word' id='word_1_754' title='bbox 1369 2493 1508 2525; x_wconf 87' lang='lat' dir='ltr'>invicem</span> <span class='ocrx_word' id='word_1_755' title='bbox 1526 2492 1689 2529; x_wconf 83' lang='lat' dir='ltr'>constare,</span> <span class='ocrx_word' id='word_1_756' title='bbox 1709 2489 1788 2531; x_wconf 91' lang='lat' dir='ltr'>quin</span> <span class='ocrx_word' id='word_1_757' title='bbox 1816 2489 1921 2531; x_wconf 88' lang='lat' dir='ltr'>potius</span> <span class='ocrx_word' id='word_1_758' title='bbox 1941 2488 2049 2521; x_wconf 90' lang='lat' dir='ltr'>omnia</span> <span class='ocrx_word' id='word_1_759' title='bbox 2073 2496 2112 2520; x_wconf 81' lang='lat' dir='ltr'>ex</span> <span class='ocrx_word' id='word_1_760' title='bbox 2131 2486 2246 2520; x_wconf 88' lang='lat' dir='ltr'>iisdem</span> <span class='ocrx_word' id='word_1_761' title='bbox 2270 2486 2420 2520; x_wconf 73' lang='lat' dir='ltr'>substan·</span> 
     </span>
     <span class='ocr_line' id='line_1_94' title="bbox 1370 2546 2422 2589; baseline -0.007 -4"><span class='ocrx_word' id='word_1_762' title='bbox 1370 2552 1449 2585; x_wconf 84' lang='lat' dir='ltr'>tiam</span> <span class='ocrx_word' id='word_1_763' title='bbox 1473 2550 1623 2583; x_wconf 87' lang='lat' dir='ltr'>mutuari.</span> <span class='ocrx_word' id='word_1_764' title='bbox 1668 2548 1762 2587; x_wconf 88' lang='lat' dir='ltr'>Quod</span> <span class='ocrx_word' id='word_1_765' title='bbox 1790 2548 1889 2589; x_wconf 89' lang='lat' dir='ltr'>igitur</span> <span class='ocrx_word' id='word_1_766' title='bbox 1913 2546 2034 2580; x_wconf 77' lang='lat' dir='ltr'>taciens</span> <span class='ocrx_word' id='word_1_767' title='bbox 2057 2546 2218 2586; x_wconf 80' lang='lat' dir='ltr'>diximus,</span> <span class='ocrx_word' id='word_1_768' title='bbox 2241 2546 2331 2579; x_wconf 84' lang='lat' dir='ltr'>Deus</span> <span class='ocrx_word' id='word_1_769' title='bbox 2350 2546 2422 2585; x_wconf 64' lang='grc' dir='ltr'>θείς</span> 
     </span>
     <span class='ocr_line' id='line_1_95' title="bbox 1374 2602 2422 2652; baseline -0.008 -8"><span class='ocrx_word' id='word_1_770' title='bbox 1374 2611 1461 2652; x_wconf 88' lang='lat' dir='ltr'>quod</span> <span class='ocrx_word' id='word_1_771' title='bbox 1483 2619 1561 2642; x_wconf 83' lang='lat' dir='ltr'>vero</span> <span class='ocrx_word' id='word_1_772' title='bbox 1573 2634 1582 2651; x_wconf 92' lang='lat'>,</span> <span class='ocrx_word' id='word_1_773' title='bbox 1602 2612 1640 2642; x_wconf 89' lang='lat' dir='ltr'>ut</span> <span class='ocrx_word' id='word_1_774' title='bbox 1656 2607 1796 2650; x_wconf 76' lang='lat' dir='ltr'>patiens,</span> <span class='ocrx_word' id='word_1_775' title='bbox 1811 2606 1892 2638; x_wconf 88' lang='lat' dir='ltr'>silva</span> <span class='ocrx_word' id='word_1_776' title='bbox 1907 2614 2072 2651; x_wconf 84' lang='lat' dir='ltr'>corporea.</span> <span class='ocrx_word' id='word_1_777' title='bbox 2116 2603 2180 2637; x_wconf 82' lang='lat' dir='ltr'>Sed</span> <span class='ocrx_word' id='word_1_778' title='bbox 2197 2603 2274 2646; x_wconf 79' lang='lat' dir='ltr'>qnia</span> <span class='ocrx_word' id='word_1_779' title='bbox 2284 2603 2319 2636; x_wconf 88' lang='lat' dir='ltr'>id</span> <span class='ocrx_word' id='word_1_780' title='bbox 2334 2602 2422 2645; x_wconf 80' lang='lat' dir='ltr'>quod</span> 
     </span>
     <span class='ocr_line' id='line_1_96' title="bbox 1373 2665 2420 2711; baseline -0.008 -8"><span class='ocrx_word' id='word_1_781' title='bbox 1373 2671 1447 2703; x_wconf 80' lang='lat' dir='ltr'>facit</span> <span class='ocrx_word' id='word_1_782' title='bbox 1461 2669 1580 2711; x_wconf 85' lang='lat' dir='ltr'>aliquid</span> <span class='ocrx_word' id='word_1_783' title='bbox 1595 2693 1603 2709; x_wconf 87' lang='lat'><em>‚</em></span> <span class='ocrx_word' id='word_1_784' title='bbox 1620 2669 1661 2701; x_wconf 87' lang='lat' dir='ltr'>ad</span> <span class='ocrx_word' id='word_1_785' title='bbox 1685 2668 1868 2710; x_wconf 83' lang='lat' dir='ltr'>exemplum</span> <span class='ocrx_word' id='word_1_786' title='bbox 1893 2666 2029 2707; x_wconf 86' lang='lat' dir='ltr'>aliquod</span> <span class='ocrx_word' id='word_1_787' title='bbox 2048 2665 2221 2706; x_wconf 80' lang='lat' dir='ltr'>respiciens</span> <span class='ocrx_word' id='word_1_788' title='bbox 2238 2665 2390 2706; x_wconf 77' lang='lat' dir='ltr'>operatur</span> <span class='ocrx_word' id='word_1_789' title='bbox 2410 2672 2420 2695; x_wconf 92' lang='lat'><strong>:</strong></span> 
     </span>
     <span class='ocr_line' id='line_1_97' title="bbox 1373 2721 2420 2770; baseline -0.009 -7"><span class='ocrx_word' id='word_1_790' title='bbox 1373 2730 1477 2763; x_wconf 86' lang='lat' dir='ltr'>tertiae</span> <span class='ocrx_word' id='word_1_791' title='bbox 1491 2737 1620 2770; x_wconf 89' lang='lat' dir='ltr'>quoque</span> <span class='ocrx_word' id='word_1_792' title='bbox 1635 2728 1764 2768; x_wconf 85' lang='lat' dir='ltr'>originis</span> <span class='ocrx_word' id='word_1_793' title='bbox 1784 2726 1944 2759; x_wconf 86' lang='lat' dir='ltr'>intellecta</span> <span class='ocrx_word' id='word_1_794' title='bbox 1958 2727 2009 2758; x_wconf 88' lang='lat' dir='ltr'>est</span> <span class='ocrx_word' id='word_1_795' title='bbox 2021 2722 2205 2756; x_wconf 82' lang='lat' dir='ltr'>necessitas.</span> <span class='ocrx_word' id='word_1_796' title='bbox 2226 2723 2308 2755; x_wconf 80' lang='lat' dir='ltr'>sunt</span> <span class='ocrx_word' id='word_1_797' title='bbox 2321 2721 2420 2763; x_wconf 77' lang='lat' dir='ltr'>igitur</span> 
     </span>
     <span class='ocr_line' id='line_1_98' title="bbox 1374 2778 2423 2826; baseline -0.009 -6"><span class='ocrx_word' id='word_1_798' title='bbox 1374 2788 1461 2822; x_wconf 87' lang='lat' dir='ltr'>initia</span> <span class='ocrx_word' id='word_1_799' title='bbox 1476 2791 1565 2820; x_wconf 84' lang='lat' dir='ltr'>Deus</span> <span class='ocrx_word' id='word_1_800' title='bbox 1586 2788 1619 2819; x_wconf 84' lang='lat' dir='ltr'>et</span> <span class='ocrx_word' id='word_1_801' title='bbox 1637 2786 1732 2818; x_wconf 83' lang='lat' dir='ltr'>Silva</span> <span class='ocrx_word' id='word_1_802' title='bbox 1749 2788 1782 2818; x_wconf 79' lang='lat' dir='ltr'>el</span> <span class='ocrx_word' id='word_1_803' title='bbox 1804 2783 2029 2826; x_wconf 78' lang='lat' dir='ltr'>Exemplum,</span> <span class='ocrx_word' id='word_1_804' title='bbox 2047 2783 2081 2815; x_wconf 90' lang='lat' dir='ltr'>et</span> <span class='ocrx_word' id='word_1_805' title='bbox 2095 2782 2147 2815; x_wconf 86' lang='lat' dir='ltr'>est</span> <span class='ocrx_word' id='word_1_806' title='bbox 2164 2782 2252 2814; x_wconf 81' lang='lat' dir='ltr'>Deus</span> <span class='ocrx_word' id='word_1_807' title='bbox 2271 2778 2423 2823; x_wconf 85' lang='lat' dir='ltr'>quidem,</span> 
     </span>
     <span class='ocr_line' id='line_1_99' title="bbox 1373 2839 2423 2888; baseline -0.008 -8"><span class='ocrx_word' id='word_1_808' title='bbox 1373 2848 1461 2888; x_wconf 86' lang='lat' dir='ltr'>origo</span> <span class='ocrx_word' id='word_1_809' title='bbox 1489 2846 1641 2888; x_wconf 82' lang='lat' dir='ltr'>primaria</span> <span class='ocrx_word' id='word_1_810' title='bbox 1666 2844 1815 2886; x_wconf 89' lang='lat' dir='ltr'>moliens,</span> <span class='ocrx_word' id='word_1_811' title='bbox 1831 2846 1863 2876; x_wconf 84' lang='lat' dir='ltr'>et</span> <span class='ocrx_word' id='word_1_812' title='bbox 1887 2843 1992 2885; x_wconf 88' lang='lat' dir='ltr'>posita</span> <span class='ocrx_word' id='word_1_813' title='bbox 2011 2843 2043 2874; x_wconf 91' lang='lat' dir='ltr'>in</span> <span class='ocrx_word' id='word_1_814' title='bbox 2061 2845 2154 2882; x_wconf 85' lang='lat' dir='ltr'>actu3</span> <span class='ocrx_word' id='word_1_815' title='bbox 2175 2839 2262 2874; x_wconf 82' lang='lat' dir='ltr'>Silva</span> <span class='ocrx_word' id='word_1_816' title='bbox 2279 2847 2370 2881; x_wconf 81' lang='lat' dir='ltr'>vero,</span> <span class='ocrx_word' id='word_1_817' title='bbox 2382 2847 2423 2872; x_wconf 85' lang='lat' dir='ltr'>ex</span> 
     </span>
     <span class='ocr_line' id='line_1_100' title="bbox 1373 2903 1880 2950; baseline -0.012 -10"><span class='ocrx_word' id='word_1_818' title='bbox 1373 2916 1437 2950; x_wconf 88' lang='lat' dir='ltr'>qua</span> <span class='ocrx_word' id='word_1_819' title='bbox 1455 2907 1559 2949; x_wconf 89' lang='lat' dir='ltr'>prima</span> <span class='ocrx_word' id='word_1_820' title='bbox 1576 2907 1613 2938; x_wconf 91' lang='lat' dir='ltr'>tit</span> <span class='ocrx_word' id='word_1_821' title='bbox 1626 2904 1715 2947; x_wconf 88' lang='lat' dir='ltr'>quod</span> <span class='ocrx_word' id='word_1_822' title='bbox 1729 2903 1880 2946; x_wconf 84' lang='lat' dir='ltr'>gignitur.</span> 
     </span>
    </p>
   </div>
   <div class='ocr_carea' id='block_1_8' title="bbox 1415 2958 2476 3004">
    <p class='ocr_par' dir='ltr' id='par_1_10' title="bbox 1415 2958 2476 3004">
     <span class='ocr_line' id='line_1_101' title="bbox 1415 2958 2476 3004; baseline -0.008 -5"><span class='ocrx_word' id='word_1_823' title='bbox 1415 2967 1552 2998; x_wconf 88' lang='lat' dir='ltr'>CCCVI.</span> <span class='ocrx_word' id='word_1_824' title='bbox 1573 2966 1666 2998; x_wconf 86' lang='lat' dir='ltr'>Nunc</span> <span class='ocrx_word' id='word_1_825' title='bbox 1679 2963 1745 3004; x_wconf 84' lang='lat' dir='ltr'>jam</span> <span class='ocrx_word' id='word_1_826' title='bbox 1765 2963 1805 2995; x_wconf 89' lang='lat' dir='ltr'>de</span> <span class='ocrx_word' id='word_1_827' title='bbox 1833 2961 1914 2994; x_wconf 87' lang='lat' dir='ltr'>silva</span> <span class='ocrx_word' id='word_1_828' title='bbox 1935 2960 2141 3002; x_wconf 88' lang='lat' dir='ltr'>tractabitur,</span> <span class='ocrx_word' id='word_1_829' title='bbox 2155 2967 2252 3002; x_wconf 83' lang='lat' dir='ltr'>quam</span> <span class='ocrx_word' id='word_1_830' title='bbox 2268 2958 2422 3000; x_wconf 70' lang='lat' dir='ltr'>originem</span> <span class='ocrx_word' id='word_1_831' title='bbox 2472 2968 2476 2973; x_wconf 88' lang='lat'><em>·</em></span> 
     </span>
    </p>
   </div>
   <div class='ocr_carea' id='block_1_9' title="bbox 1372 3017 2421 3417">
    <p class='ocr_par' dir='ltr' id='par_1_11' title="bbox 1372 3017 2421 3417">
     <span class='ocr_line' id='line_1_102' title="bbox 1372 3017 2418 3061; baseline -0.008 -3"><span class='ocrx_word' id='word_1_832' title='bbox 1372 3033 1443 3058; x_wconf 89' lang='lat' dir='ltr'>esse</span> <span class='ocrx_word' id='word_1_833' title='bbox 1460 3033 1566 3057; x_wconf 90' lang='lat' dir='ltr'>rerum</span> <span class='ocrx_word' id='word_1_834' title='bbox 1583 3021 1790 3056; x_wconf 86' lang='lat' dir='ltr'>consentiunt</span> <span class='ocrx_word' id='word_1_835' title='bbox 1806 3020 2020 3061; x_wconf 79' lang='lat' dir='ltr'>Pythagorei,</span> <span class='ocrx_word' id='word_1_836' title='bbox 2039 3019 2206 3059; x_wconf 87' lang='lat' dir='ltr'>Platonici,</span> <span class='ocrx_word' id='word_1_837' title='bbox 2222 3017 2332 3052; x_wconf 87' lang='lat' dir='ltr'>Stoici.</span> <span class='ocrx_word' id='word_1_838' title='bbox 2351 3018 2418 3051; x_wconf 73' lang='lat' dir='ltr'>No·</span> 
     </span>
     <span class='ocr_line' id='line_1_103' title="bbox 1374 3076 2403 3123; baseline -0.01 -5"><span class='ocrx_word' id='word_1_839' title='bbox 1374 3094 1446 3117; x_wconf 89' lang='lat' dir='ltr'>men</span> <span class='ocrx_word' id='word_1_840' title='bbox 1467 3093 1544 3117; x_wconf 75' lang='lat' dir='ltr'>vero</span> <span class='ocrx_word' id='word_1_841' title='bbox 1560 3083 1717 3116; x_wconf 88' lang='lat' dir='ltr'>dederunt</span> <span class='ocrx_word' id='word_1_842' title='bbox 1744 3081 1909 3113; x_wconf 87' lang='lat' dir='ltr'>auditores</span> <span class='ocrx_word' id='word_1_843' title='bbox 1938 3078 2093 3111; x_wconf 84' lang='lat' dir='ltr'>Platonis.</span> <span class='ocrx_word' id='word_1_844' title='bbox 2139 3080 2210 3119; x_wconf 84' lang='lat' dir='ltr'>lpse</span> <span class='ocrx_word' id='word_1_845' title='bbox 2227 3076 2314 3123; x_wconf 86' lang='lat' dir='ltr'>enim</span> <span class='ocrx_word' id='word_1_846' title='bbox 2334 3084 2403 3109; x_wconf 82' lang='lat' dir='ltr'>nun</span> 
     </span>
     <span class='ocr_line' id='line_1_104' title="bbox 1373 3134 2421 3185; baseline -0.01 -9"><span class='ocrx_word' id='word_1_847' title='bbox 1373 3153 1468 3185; x_wconf 90' lang='lat' dir='ltr'>quam</span> <span class='ocrx_word' id='word_1_848' title='bbox 1494 3144 1583 3175; x_wconf 86' lang='lat' dir='ltr'>silvae</span> <span class='ocrx_word' id='word_1_849' title='bbox 1599 3150 1717 3174; x_wconf 88' lang='lat' dir='ltr'>nomen</span> <span class='ocrx_word' id='word_1_850' title='bbox 1745 3140 1912 3179; x_wconf 87' lang='lat' dir='ltr'>ascripsit,</span> <span class='ocrx_word' id='word_1_851' title='bbox 1934 3138 1990 3171; x_wconf 91' lang='lat' dir='ltr'>sed</span> <span class='ocrx_word' id='word_1_852' title='bbox 2014 3137 2084 3170; x_wconf 89' lang='lat' dir='ltr'>aliis</span> <span class='ocrx_word' id='word_1_853' title='bbox 2108 3136 2237 3175; x_wconf 89' lang='lat' dir='ltr'>multis,</span> <span class='ocrx_word' id='word_1_854' title='bbox 2255 3135 2296 3167; x_wconf 87' lang='lat' dir='ltr'>ad</span> <span class='ocrx_word' id='word_1_855' title='bbox 2316 3134 2421 3167; x_wconf 82' lang='lat' dir='ltr'>decla-</span> 
     </span>
     <span class='ocr_line' id='line_1_105' title="bbox 1375 3193 2420 3240; baseline -0.009 -6"><span class='ocrx_word' id='word_1_856' title='bbox 1375 3203 1528 3234; x_wconf 86' lang='lat' dir='ltr'>rationem</span> <span class='ocrx_word' id='word_1_857' title='bbox 1563 3204 1688 3234; x_wconf 85' lang='lat' dir='ltr'>naturae</span> <span class='ocrx_word' id='word_1_858' title='bbox 1722 3199 1793 3240; x_wconf 88' lang='lat' dir='ltr'>ejus</span> <span class='ocrx_word' id='word_1_859' title='bbox 1835 3197 2120 3236; x_wconf 85' lang='lat' dir='ltr'>convenientibus,</span> <span class='ocrx_word' id='word_1_860' title='bbox 2150 3193 2420 3234; x_wconf 87' lang='lat' dir='ltr'>nuncupamentis</span> 
     </span>
     <span class='ocr_line' id='line_1_106' title="bbox 1374 3251 2419 3300; baseline -0.009 -7"><span class='ocrx_word' id='word_1_861' title='bbox 1374 3270 1451 3293; x_wconf 86' lang='lat' dir='ltr'>usus</span> <span class='ocrx_word' id='word_1_862' title='bbox 1479 3251 1539 3300; x_wconf 82' lang='lat' dir='ltr'>est,</span> <span class='ocrx_word' id='word_1_863' title='bbox 1564 3269 1637 3292; x_wconf 91' lang='lat' dir='ltr'>cum</span> <span class='ocrx_word' id='word_1_864' title='bbox 1661 3258 1778 3291; x_wconf 88' lang='lat' dir='ltr'>animis</span> <span class='ocrx_word' id='word_1_865' title='bbox 1803 3257 1922 3290; x_wconf 89' lang='lat' dir='ltr'>nostris</span> <span class='ocrx_word' id='word_1_866' title='bbox 1943 3256 2090 3288; x_wconf 88' lang='lat' dir='ltr'>intimare</span> <span class='ocrx_word' id='word_1_867' title='bbox 2109 3254 2205 3287; x_wconf 85' lang='lat' dir='ltr'>vellet</span> <span class='ocrx_word' id='word_1_868' title='bbox 2222 3252 2419 3285; x_wconf 85' lang='lat' dir='ltr'>intellectum</span> 
     </span>
     <span class='ocr_line' id='line_1_107' title="bbox 1373 3312 2418 3359; baseline -0.008 -8"><span class='ocrx_word' id='word_1_869' title='bbox 1373 3319 1442 3359; x_wconf 81' lang='lat' dir='ltr'>ejus</span> <span class='ocrx_word' id='word_1_870' title='bbox 1462 3321 1643 3359; x_wconf 86' lang='lat' dir='ltr'>utcunque,</span> <span class='ocrx_word' id='word_1_871' title='bbox 1673 3318 1722 3350; x_wconf 90' lang='lat' dir='ltr'>vel</span> <span class='ocrx_word' id='word_1_872' title='bbox 1745 3327 1782 3349; x_wconf 88' lang='lat' dir='ltr'>ex</span> <span class='ocrx_word' id='word_1_873' title='bbox 1803 3319 1917 3349; x_wconf 82' lang='lat' dir='ltr'>natura</span> <span class='ocrx_word' id='word_1_874' title='bbox 1938 3315 2068 3357; x_wconf 88' lang='lat' dir='ltr'>propria</span> <span class='ocrx_word' id='word_1_875' title='bbox 2085 3313 2150 3352; x_wconf 91' lang='lat' dir='ltr'>rei,</span> <span class='ocrx_word' id='word_1_876' title='bbox 2168 3312 2217 3344; x_wconf 83' lang='lat' dir='ltr'>vel</span> <span class='ocrx_word' id='word_1_877' title='bbox 2233 3320 2274 3344; x_wconf 76' lang='lat' dir='ltr'>ex</span> <span class='ocrx_word' id='word_1_878' title='bbox 2294 3312 2418 3352; x_wconf 87' lang='lat' dir='ltr'>passio·</span> 
     </span>
     <span class='ocr_line' id='line_1_108' title="bbox 1374 3373 2414 3417; baseline -0.006 -7"><span class='ocrx_word' id='word_1_879' title='bbox 1374 3378 1489 3417; x_wconf 92' lang='lat' dir='ltr'>nibus,</span> <span class='ocrx_word' id='word_1_880' title='bbox 1518 3377 1853 3417; x_wconf 88' lang='lat' dir='ltr'>commotionibusque</span> <span class='ocrx_word' id='word_1_881' title='bbox 1885 3374 2068 3407; x_wconf 88' lang='lat' dir='ltr'>animorum</span> <span class='ocrx_word' id='word_1_882' title='bbox 2105 3373 2303 3404; x_wconf 89' lang='lat' dir='ltr'>nostrorum.</span> <span class='ocrx_word' id='word_1_883' title='bbox 2368 3373 2414 3404; x_wconf 81' lang='lat' dir='ltr'>Ex</span> 
     </span>
    </p>
   </div>
   <div class='ocr_carea' id='block_1_10' title="bbox 1375 3432 2453 3477">
    <p class='ocr_par' dir='ltr' id='par_1_12' title="bbox 1375 3432 2453 3477">
     <span class='ocr_line' id='line_1_109' title="bbox 1375 3432 2453 3477; baseline -0.004 -11"><span class='ocrx_word' id='word_1_884' title='bbox 1375 3438 1487 3467; x_wconf 84' lang='lat' dir='ltr'>natura</span> <span class='ocrx_word' id='word_1_885' title='bbox 1509 3435 1638 3476; x_wconf 90' lang='lat' dir='ltr'>quidem</span> <span class='ocrx_word' id='word_1_886' title='bbox 1659 3435 1787 3477; x_wconf 90' lang='lat' dir='ltr'>propria</span> <span class='ocrx_word' id='word_1_887' title='bbox 1810 3436 1968 3476; x_wconf 79' lang='lat' dir='ltr'>primam</span> <span class='ocrx_word' id='word_1_888' title='bbox 1992 3432 2182 3465; x_wconf 78' lang='lat' dir='ltr'>materiam</span> <span class='ocrx_word' id='word_1_889' title='bbox 2203 3438 2417 3471; x_wconf 86' lang='lat' dir='ltr'>nuncupans,</span> <span class='ocrx_word' id='word_1_890' title='bbox 2448 3443 2453 3454; x_wconf 69' lang='grc' dir='ltr'>ν</span> 
     </span>
    </p>
   </div>
   <div class='ocr_carea' id='block_1_11' title="bbox 1375 3488 2415 3535">
    <p class='ocr_par' dir='ltr' id='par_1_13' title="bbox 1375 3488 2415 3535">
     <span class='ocr_line' id='line_1_110' title="bbox 1375 3488 2415 3535; baseline -0.003 -10"><span class='ocrx_word' id='word_1_891' title='bbox 1375 3495 1405 3525; x_wconf 86' lang='lat' dir='ltr'>et</span> <span class='ocrx_word' id='word_1_892' title='bbox 1427 3495 1500 3525; x_wconf 80' lang='lat' dir='ltr'>item</span> <span class='ocrx_word' id='word_1_893' title='bbox 1526 3493 1629 3526; x_wconf 88' lang='lat' dir='ltr'>simile</span> <span class='ocrx_word' id='word_1_894' title='bbox 1651 3493 1804 3535; x_wconf 88' lang='lat' dir='ltr'>quiddam</span> <span class='ocrx_word' id='word_1_895' title='bbox 1830 3493 1936 3525; x_wconf 86' lang='lat' dir='ltr'>mollis</span> <span class='ocrx_word' id='word_1_896' title='bbox 1965 3490 2172 3531; x_wconf 86' lang='lat' dir='ltr'>cedentisque</span> <span class='ocrx_word' id='word_1_897' title='bbox 2199 3489 2352 3529; x_wconf 80' lang='lat' dir='ltr'>materiae,</span> <span class='ocrx_word' id='word_1_898' title='bbox 2382 3488 2415 3522; x_wconf 83' lang='lat' dir='ltr'>in</span> 
     </span>
    </p>
   </div>
   <div class='ocr_carea' id='block_1_12' title="bbox 2543 0 2606 3000">
    <p class='ocr_par' dir='ltr' id='par_1_14' title="bbox 2543 0 2606 3000">
     <span class='ocr_line' id='line_1_111' title="bbox 2543 0 2606 3000; baseline 0 0"><span class='ocrx_word' id='word_1_899' title='bbox 2543 0 2606 3000; x_wconf 95' lang='lat' dir='ltr'> </span> 
     </span>
    </p>
   </div>
  </div>
 </body>
</html>
