2638 3840
297 270 344 301 18
1159 262 1626 304 PYTHAGOREORUM

293 365 392 400 γουσι
413 350 448 387 δὲ
468 350 597 401 ὁμοίως
617 350 678 388 καὶ
695 350 739 389 τὰ
760 349 874 403 ἀγαθὰ
896 350 1011 388 πάντα
1035 343 1121 388 εἶναι
1143 349 1342 402 ὓπομενετὰ

292 408 352 447 καὶ
382 409 576 460 ἐμμενετά,
596 409 655 448 καὶ
677 410 846 461 ἀνάλογον
867 409 925 448 ἐπὶ
945 411 1014 447 τῶν
1037 409 1154 449 ἄλλων
1179 411 1342 463 αἱρετῶν,

294 469 323 507 εἰ
346 468 406 506 καὶ
439 467 488 520 μὴ
509 467 795 519 κατωνόμασται·
810 468 855 506 τὰ
877 469 905 506 δ’
926 467 1089 521 ὠφέλιμα
1112 468 1229 508 πάντα
1257 472 1345 508 ὓπο-

294 527 439 578 μενετέα
459 527 519 566 καὶ
539 526 748 578 ἔμμενετέα,
767 526 827 565 καὶ
849 526 893 565 τὰ
913 526 1035 578 ὅμοια.
1078 526 1286 571 flnctuum<
1307 526 1344 566 δὲ

295 585 467 640 διαφέρειν
479 585 771 638 ὑπολαμὸάνουσι
788 585 903 625 καὶτὰ
921 585 1102 632 εὐλαὸητὰ
1116 586 1177 626 καὶ
1191 585 1239 625 τ’ὲί
1249 588 1346 625 εὐλα-

293 645 424 694 ὃητέα,
446 646 506 685 καὶ
541 645 783 696 ἀνυπομενετὰ
813 645 873 684 καὶ
902 645 1176 696 ἀνυπομενετέα.
1209 647 1291 686 Τῶν
1315 645 1345 684 δ’

296 704 410 744 ἄλλων
430 707 500 743 τῶν
521 703 614 743 κατὰ
630 703 691 748 τὰς
707 703 834 749 κακίας
857 706 875 743 ὁ
893 704 996 748 αὐτὸς
1011 703 1135 765 λόγος.
1158 705 1283 745 Πάντα
1309 706 1344 744 δὲ

294 763 350 802 τὸν
366 762 472 802 καλον
491 762 551 801 καὶ
573 761 701 813 ἀγαθὸν
721 762 831 815 ἄνδρα
848 762 977 802 τέλειον
999 766 1089 802 εἰναι
1108 762 1270 816 λέγουσι,
1291 764 1347 802 διὰ

293 823 333 862 τὸ
362 823 537 873 μηδεμιᾶς
559 820 812 859 ἀπολείπεσθαι
832 824 974 874 ἀρετῆς·
997 821 1054 861 τὸν
1076 821 1111 861 δὲ
1129 824 1261 876 φαῦλον
1274 825 1350 862 τού·

294 881 429 920 ναντίον
451 882 577 927 ἀτελῆ,
593 880 649 919 διὰ
664 879 702 918 τὸ
717 882 895 932 μηδεμιᾶς
917 881 1078 934 μετέχειν
1093 883 1233 935 ἀρετῆς.
1255 882 1309 922 Δι’
1329 883 1348 922 ὃ

295 942 355 980 καὶ
366 941 503 984 πάντως
518 940 732 990 εὐδαιμονεῖν
744 941 798 979 ἀεὶ
807 943 875 979 τῶν
887 940 1080 995 ἀνθρώπων
1090 940 1169 986 τοὺς
1183 942 1346 994 ἀγαθούς,

295 999 373 1044 τοὺς
388 998 421 1036 δὲ
446 999 599 1052 φαύλους
615 999 898 1050 κακοδαιμονεῖν·
919 1000 980 1039 καὶ
994 1000 1056 1048 τὴν
1075 1001 1214 1041 ἐκείνων
1234 1003 1350 1041 εὐδαι-

297 1058 420 1109 μονίαν
443 1058 493 1108 μὴ
515 1054 777 1112 διαφέρειντῆς
797 1058 890 1103 θείας
915 1060 1159 1111 εὐδαιμονίας,
1181 1062 1269 1111 μηδὲ
1286 1061 1348 1108 τὴν

297 1116 508 1170 ἀμεριμνίαν
525 1119 543 1155 ὃ
560 1117 770 1170 Χρύσιππός
795 1133 880 1171 φησι
909 1118 1083 1172 διαφέρειν
1108 1122 1168 1166 τ’ἧς
1187 1123 1247 1158 τοῦ
1270 1120 1351 1164 Διὸς

297 1177 539 1228 εὐδαιμονίας,
562 1176 653 1215 κατὰ
675 1176 785 1226 μηδὲν
806 1177 874 1230 γὰρ
897 1178 1131 1231 αἱρετωτέραν
1152 1172 1241 1218 εἶναι
1260 1179 1351 1230 μήτε
1382 1171 1385 1194 ³

297 1235 432 1275 καλλίω
445 1235 534 1286 μήτε
555 1235 768 1289 σεμνοτέραν
789 1236 853 1283 τὴν
872 1241 933 1275 τοῦ
948 1237 1029 1281 Διὸς
1045 1238 1267 1288 εὐδαιμονίαν
1289 1242 1351 1287 τῆς

302 1310 367 1332 των
382 1310 498 1348 σοφων
515 1295 664 1347 ἀνδρῶν.
688 1293 764 1347 ’έΑρ
767 1294 921 1347 σκειγὰρ
933 1298 983 1334 τῶ
1003 1312 1040 1334 τε
1051 1297 1189 1344 Ζήνωνι
1202 1296 1263 1335 καὶ
1283 1303 1353 1340 τοῖς

302 1355 362 1393 ἀπ’
375 1356 482 1392 αὐτοῦ
497 1356 668 1398 Στωικοῖς
682 1354 881 1408 φιλοσόφοις
898 1354 959 1394 δύο
975 1355 1059 1408 γένη
1074 1358 1141 1394 τῶν
1158 1356 1351 1409 ἀνθρώπων

301 1417 400 1461 Εἶναι,
415 1429 454 1451 'to
471 1429 533 1465 μεν
553 1429 622 1452 ‘cmv
637 1413 850 1463 σπουδαίων,
865 1429 905 1452 ‘to
925 1430 961 1452 ΟΞ
981 1430 1049 1452 των
1065 1415 1218 1468 φαύλωΨ
1234 1415 1294 1455 καὶ
1313 1431 1353 1455 TO
1385 1440 1386 1444 ¹

302 1472 365 1522 μὲν
391 1475 458 1510 τῶν
481 1471 678 1513 σπουδαίων
699 1472 756 1511 δια
776 1472 905 1517 παντὸς
924 1477 983 1512 τοῦ
1005 1473 1081 1525 βίου
1102 1478 1254 1526 χρησθαι
1276 1481 1355 1520 ταῖς

302 1532 453 1582 ἀρεταῖς,
468 1531 507 1569 τὸ
522 1531 558 1570 δὲ
578 1548 646 1569 των
645 1531 833 1606 φαύλων
825 1532 902 1576 ταῖς
921 1531 1074 1578 κακίαις.
1098 1530 1209 1572 (Όθεν
1232 1534 1270 1573 τὸ
1290 1534 1353 1584 μὲν

302 1592 355 1629 ἀεὶ
376 1595 565 1643 κατορθουν
586 1594 619 1630 ἐν
640 1590 771 1631 ἅπασιν
796 1595 846 1636 οἱς
865 1592 1091 1645 προτίθεται,
1118 1592 1157 1631 τὸ
1178 1593 1255 1632 δὲ
1237 1609 1354 1647 αμαρ-
1386 1612 1388 1630 ι

303 1651 428 1688 τάνειν·
450 1666 510 1688 και
529 1650 569 1690 τὸ
590 1649 652 1701 μὲν
685 1651 874 1689 σπουδαῖον
894 1653 971 1695 ταῖς
997 1651 1077 1703 περὶ
1101 1653 1158 1690 τὸν
1183 1651 1256 1704 βίον
1285 1653 1347 1703 ἐμ-

308 1709 459 1762 πειρίαις
489 1708 670 1762 χρώμενον
704 1710 738 1747 ἐν
771 1715 841 1754 τοῖς
867 1690 1121 1763 πραττομένοις
1151 1713 1211 1749 ὑπ’
1248 1714 1352 1751 αὐτοῦ
1387 1732 1389 1742 =

305 1843 500 1882 temperare,
520 1842 639 1883 quippe
654 1851 729 1883 quae
748 1842 937 1884 incorporea
957 1842 1021 1875 sint
1037 1844 1070 1875 et
1090 1842 1259 1876 attributa.
1303 1844 1355 1876 si-

306 1901 426 1933 militer
443 1902 540 1933 ctiam
558 1902 643 1932 bona
660 1901 767 1933 omnia
784 1901 964 1934 tolerabilia
979 1910 1050 1934 esse
1068 1901 1182 1934 dicunt
1198 1903 1232 1934 et
1243 1911 1355 1934 serva-

311 1960 385 1993 bilia
396 1983 405 2000 ,
422 1969 459 1992 ac
476 1960 543 2001 pari
559 1960 681 1992 ratione
700 1960 732 1992 iu
747 1960 877 2001 reliquis
895 1961 1026 2002 electis,
1051 1961 1200 2002 quamvis
1217 1962 1356 1993 nomini-

311 2020 373 2052 bus
389 2020 518 2052 careant
539 2019 655 2052 :utilia
677 2021 791 2052 autem
804 2020 912 2052 omnia
926 2019 1093 2052 toleranda
1117 2021 1150 2052 et
1174 2022 1360 2052 constanter

307 2078 468 2111 servanda
481 2079 513 2110 et
529 2078 657 2110 similia.
716 2079 770 2111 Sic
783 2087 914 2120 quoque
934 2078 1064 2111 differre
1078 2079 1278 2111 arbitrantur
1293 2081 1361 2111 tum

307 2140 400 2170 cauta
417 2140 449 2170 et
461 2138 603 2170 cavenda
617 2161 626 2178 ,
640 2138 712 2170 tum
730 2137 942 2171 intolerabilia
958 2141 1054 2180 atque
1069 2138 1279 2171 intoleranda.
1297 2140 1362 2171 Re-

309 2197 470 2237 liquorum
501 2206 578 2229 vero
602 2205 677 2238 quae
706 2196 746 2228 ad
765 2197 843 2228 vitia
870 2197 1030 2238 pertinent
1059 2197 1172 2230 eadem
1196 2199 1246 2229 est
1265 2197 1360 2229 ratio.

310 2257 443 2288 Prorsus
459 2258 567 2288 autem
584 2256 691 2288 virum
710 2256 833 2288 bonum
850 2259 883 2289 et
906 2257 1078 2289 honestum
1096 2257 1277 2298 perfectum
1294 2265 1364 2289 esse

312 2315 444 2356 dicunt,
459 2314 546 2356 quod
569 2315 658 2347 nulla
673 2315 794 2347 virtute
809 2315 988 2348 destitutus
1011 2315 1073 2356 sit;
1103 2316 1224 2348 malum
1250 2317 1364 2348 contra

311 2375 558 2416 imperfectum,
580 2375 667 2415 quod
686 2375 808 2407 nullam
827 2375 979 2407 virtutem
994 2375 1122 2408 habeat.
1146 2375 1364 2412 Quamobrem

311 2434 443 2466 omnino
477 2438 631 2475 perpetua
652 2434 803 2466 felicitate
828 2434 877 2466 uti
908 2434 994 2466 viros
1016 2434 1136 2474 bonos,
1166 2434 1268 2466 malos
1289 2442 1365 2466 vero

312 2492 455 2525 infelices
482 2493 681 2535 existimari3
703 2497 800 2534 atque
826 2493 958 2526 illorum
988 2493 1118 2535 quidem
1142 2493 1324 2526 felicitatem
1348 2503 1366 2525 a

315 2552 424 2584 divina
442 2552 640 2585 beatitudine
655 2561 720 2584 non
737 2552 884 2593 differre,
906 2561 1011 2594 neque
1032 2561 1144 2585 eorum
1161 2554 1366 2586 securitatem

314 2619 333 2642 a
349 2610 437 2642 Jovis
452 2610 648 2643 beatitudine
660 2610 822 2643 diversam
836 2620 905 2644 esse
921 2613 965 2644 ait
978 2612 1191 2653 Chrysippus,
1207 2612 1366 2654 siquidem

314 2669 405 2701 Jovis
434 2668 625 2709 beatitudo,
648 2670 762 2710 utpote
778 2679 838 2703 nec
864 2671 1046 2711 praeclarior
1066 2680 1170 2712 neque
1193 2671 1367 2711 honestior,

316 2728 415 2761 uiliilo
430 2728 531 2768 magis
547 2729 726 2769 expetenda
746 2730 787 2761 sit
807 2739 903 2771 quam
922 2731 1115 2771 sapientium
1134 2731 1277 2764 virorum
1297 2732 1368 2764 feli·

315 2787 406 2820 citas.
450 2787 558 2820 Placet
583 2787 670 2820 enim
693 2788 812 2821 Zenoni
835 2789 1023 2831 caeterisque
1040 2790 1094 2831 qui
1118 2790 1158 2822 ab
1176 2800 1215 2823 eo
1234 2791 1367 2832 profecti

317 2849 392 2879 sunt
403 2846 527 2886 stoiciS,
542 2846 607 2879 duo
620 2855 690 2880 esse
705 2856 820 2889 genera
838 2848 1017 2889 bominum,
1028 2850 1166 2882 alterum
1194 2850 1367 2890 bonorum,

319 2906 454 2938 alterurn
473 2906 651 2946 malorum,
671 2915 812 2947 quorum
826 2906 902 2938 illud
921 2916 976 2949 per
996 2909 1098 2940 totam
1120 2908 1220 2941 vitam
1235 2909 1371 2942 virtutes

322 2966 418 3005 colat,
439 2966 500 2998 hoc
516 2965 601 2998 vitiis
617 2965 772 2998 obrutum
796 2970 829 2999 et
845 2967 1101 3000 contaminatum
1118 2969 1172 3000 sit.
1209 2969 1370 3008 Quocirca

324 3024 404 3057 illud
426 3032 552 3065 semper
579 3025 666 3056 recte
681 3033 774 3065 agere
801 3024 835 3056 in
858 3025 1010 3058 omnibus
1025 3035 1098 3067 quae
1116 3026 1177 3058 sibi
1197 3030 1372 3068 proponat,

323 3085 383 3117 hoc
407 3092 563 3125 peccare;
603 3086 634 3116 et
659 3084 779 3116 bonum
800 3084 931 3125 quidem
953 3094 1052 3126 genus
1083 3085 1159 3118 vitae
1190 3095 1249 3118 usu
1273 3087 1375 3119 imbu-

324 3148 393 3178 tum
420 3146 453 3177 in
483 3145 580 3178 rebus
596 3144 743 3186 gerendis
771 3148 889 3177 cuncta
908 3145 990 3178 bene
1020 3147 1147 3185 facere,
1170 3149 1204 3179 ut
1232 3147 1371 3188 pruden-

324 3207 389 3244 ter,
411 3205 627 3246 temperanter
650 3205 682 3236 et
706 3204 745 3235 ad
773 3203 852 3236 alias
877 3205 1014 3237 virtutes
1032 3206 1292 3247 accommodate3
1312 3207 1373 3239 im·

328 3264 462 3305 probum
479 3273 555 3296 vero
573 3272 591 3296 e
613 3263 775 3296 contrario
797 3263 894 3296 male.
944 3266 990 3296 Ac
1007 3264 1127 3296 bonum
1157 3265 1287 3306 quidem
1307 3275 1377 3298 esse

330 3334 482 3366 magnum
502 3327 535 3358 et
554 3324 698 3366 amplum
726 3327 759 3357 et
788 3325 954 3357 excelsum
976 3328 1008 3358 et
1035 3325 1199 3367 validum3
1224 3336 1377 3367 magnum

328 3385 478 3427 quidem,
495 3385 583 3427 quod
608 3385 767 3418 destinata
790 3394 828 3418 ac
846 3386 1008 3427 proposita
1027 3387 1153 3427 assequi
1173 3388 1290 3428 possit;
1308 3397 1375 3420 am-

332 3445 419 3485 plum
436 3454 532 3486 vero,
545 3440 632 3486 'quod
650 3444 792 3486 undique
809 3445 851 3477 sit
869 3446 1023 3486 auctum;
1042 3446 1225 3487 excelsum,
1247 3447 1324 3488 quia
1347 3447 1378 3479 in

333 3501 533 3537 altitudinem
553 3504 622 3537 viro
634 3513 787 3546 generoso
805 3506 838 3539 et
856 3505 991 3547 sapienti
1008 3506 1251 3539 convenientem
1269 3514 1380 3539 excre-

1406 351 1508 391 πάντ’
1532 344 1569 389 εὐ
1589 351 1713 397 ποιεῖν,
1747 347 1907 400 καθάπερ
1940 345 2139 400 φρονίμως,
2170 344 2231 386 κάὶ
2258 346 2457 400 σωφρόνως,

1405 409 1467 448 καὶ
1486 408 1578 448 κατὰ
1597 407 1659 452 τὰς
1691 407 1799 451 ἄλλας
1821 404 1959 459 ἀρετάς·
1987 404 2026 443 τὸ
2049 404 2086 444 δὲ
2109 406 2240 458 φαῦλον
2262 405 2355 444 κατὰ
2373 405 2456 444 τοῦ·

1406 468 1556 518 ναντίον,
1577 470 1707 511 κακῶς.
1732 467 1804 507 Καὶ
1824 465 1863 504 τὸ
1882 465 1943 516 μὲν
1962 465 2153 504 σπουδαῖον
2173 465 2262 517 μέγα
2278 459 2380 512 εἶναι,
2396 464 2459 515 καὶ

1409 528 1513 583 ἁδρόν
1530 559 1541 578 ,
1561 527 1622 567 καὶ
1643 526 1775 581 ὑψηλόν
1786 556 1797 574 ,
1819 525 1880 564 καὶ
1898 524 2054 579 ἰσχυρόν·
2071 524 2163 577 μέγα
2183 524 2260 574 μέν,
2278 523 2331 563 ὅτι
2353 524 2458 563 δύνα·

1409 603 1468 626 ται
1488 589 1703 642 ἐφικνεῖσθαι
1726 587 1796 624 τῶν
1817 584 1909 623 κατὰ
1927 583 2132 637 προαίρεσιν
2153 583 2263 623 ὄντων
2283 584 2381 637 αὐτῷ
2397 583 2458 622 καὶ

1409 647 1661 700 προκειμένων·
1682 645 1786 699 ἁδρὸν
1807 645 1846 683 δέ
1855 676 1867 697 ,
1884 644 1937 683 ὅτι
1952 643 2045 683 ἐστὶν
2062 643 2255 692 ηὐξημένον
2275 642 2460 683 πάντοθεν·

1409 707 1540 760 ὑψηλὸν
1565 707 1623 757 δέ,
1643 704 1696 743 ὅτι
1716 704 1902 758 μετείληφε
1924 707 1983 743 τοῦ
2007 703 2255 747 ἐπιὸάλλοντος
2273 702 2383 757 ὕψους
2399 704 2462 742 ἀν-

1410 766 1465 820 δρὶ
1481 765 1629 820 γενναίῳ
1645 766 1705 804 καὶ
1730 766 1837 818 σοφῷ·
1856 764 1916 803 καὶ
1933 764 2077 818 ἰσχυρὸν
2099 763 2135 802 δὲ
2154 762 2207 803 ὅτι
2227 761 2291 810 τὴν
2320 762 2463 803 ἕπιὸἄλ-

1408 827 1537 864 λουσαν
1558 824 1658 878 ἰσχὺν
1676 823 1959 877 περιπεποίηται,
1974 822 2144 870 ἀήττητος
2159 821 2209 862 ὢν
2227 822 2278 846 ’⁸⁰
2297 822 2358 861 καὶ
2372 824 2462 861 nixa·

1410 884 1647 936 ταγώνιστος,
1671 885 1757 937 παρ’
1791 882 1890 922 ὃκαὶ
1920 882 1999 923 οὔτε
2019 882 2256 934 ἀναγκάζεται
2285 881 2354 922 ὑπό
2372 889 2464 927 τινος
2517 892 2527 896 “

1411 941 1490 981 οὔτε
1506 942 1695 993 ἀναγκάζει
1717 941 1817 989 τινά,
1834 940 1912 979 οὔτε
1930 939 2105 979 κωλύεται
2126 939 2205 980 οὔτε
2226 939 2370 990 κωλύει,
2384 939 2465 980 οὔτε

1415 1001 1571 1054 βιάζεται
1587 1001 1657 1039 ὑπό
1677 1016 1766 1044 τινος
1786 1000 1856 1039 οὔτ’
1878 999 1979 1044 αὐτὸς
2000 1000 2114 1052 βιάζει
2133 999 2227 1049 τινά,
2244 1000 2284 1039 οὐ
2304 999 2467 1045 δεσπόζει

1381 1096 1384 1126 ἡ
1411 1059 1489 1099 οὔτε
1503 1059 1730 1111 δεσπόζεται,
1750 1058 1828 1098 οὔτε
1843 1060 2026 1098 κακοποιεῖ
2044 1074 2123 1098 τινα
2139 1057 2211 1098 οὔτ’
2231 1059 2333 1104 αὐτὸς
2353 1074 2468 1098 κακο-

1410 1125 1582 1166 ποιεῖται,
1615 1119 1691 1159 οὔτε
1718 1125 1838 1165 κακοῖς
1857 1119 2062 1172 περιπίπτει
2084 1119 2149 1168 ¹⁸¹,
2169 1118 2248 1158 οὔτε
2268 1122 2464 1169 ἀπαταται,

1413 1179 1491 1219 οὔτε
1518 1179 1678 1232 ἐξαπατᾷ
1706 1179 1826 1227 ἄλλον,
1860 1179 1938 1217 οὔτε
1967 1178 2146 1232 διαψεύδει
2171 1177 2251 1217 οὔτε
2279 1177 2469 1231 διαψεύδε-

1413 1254 1471 1276 ται
1493 1238 1557 1287 ⁴⁸²,
1576 1238 1656 1277 οὔτε
1675 1240 1804 1289 ἀγνοεῖ,
1824 1237 1902 1277 οὔτε
1922 1238 2085 1277 λανθάνει
2102 1237 2244 1285 ἑαυτόν,
2264 1236 2345 1276 οὔτε
2361 1237 2466 1277 καθό·

1383 1299 1477 1337 λου
1499 1299 1624 1351 ψεῦδος
1658 1297 1918 1349 υπολαμὸάνει,
1943 1296 2120 1348 εὐδαίμων
2146 1299 2177 1336 δ’
2199 1296 2275 1337 ἐστὶ
2306 1296 2466 1348 μάλιστα

1412 1357 1472 1396 καὶ
1493 1356 1663 1409 εὐτυχής,
1684 1356 1744 1395 καὶ
1765 1355 1953 1409 μακάριος,
1967 1356 2026 1394 καὶ
2049 1356 2164 1400 ὄλὸιος
2178 1385 2189 1404 ,
2211 1355 2273 1395 καὶ
2292 1355 2466 1407 εὐσεὸής,

1418 1416 1478 1455 καὶ
1515 1417 1697 1470 θεοφιλής,
1733 1417 1793 1455 καὶ
1829 1415 2087 1464 ἀξιωματικός,
2128 1416 2309 1469 βασιλικός
2338 1431 2379 1456 τε
2406 1416 2469 1455 καὶ

1385 1511 1387 1514 ,
1418 1476 1650 1531 στρατηγικός
1664 1508 1673 1526 ,
1698 1477 1758 1515 καὶ
1780 1477 1958 1521 πολιτικὸς
1975 1476 2037 1516 καὶ
2050 1476 2281 1527 οἰκονομικός,
2300 1475 2361 1516 καὶ
2376 1491 2470 1529 χρη-

1386 1535 1637 1588 ματιστικός·
1657 1535 1737 1580 τους
1769 1536 1805 1574 δὲ
1826 1535 1979 1589 φαύλους
1998 1535 2139 1574 ἅπαντα
2167 1534 2301 1580 τούτοις
2328 1535 2468 1575 ἐναντία

1418 1594 1526 1648 ἔχειν.
1547 1594 1709 1634 Καθόλου
1726 1595 1762 1634 δὲ
1782 1596 1852 1639 τοῖς
1872 1594 1936 1646 μὲν
1961 1594 2163 1638 σπουδαίοις
2183 1593 2301 1634 πάντα
2328 1593 2469 1646 τάγαθὰ

1417 1654 1610 1707 ὑπάρχειν,
1632 1660 1703 1698 τοῖς
1723 1654 1759 1692 δὲ
1775 1655 1916 1707 φαύλοις
1936 1654 2053 1693 πάντα
2076 1653 2120 1692 τὰ
2142 1652 2345 1693 κακά.οὐ
2367 1669 2472 1705 νομι-

1419 1713 1516 1753 στέον
1533 1713 1569 1751 δὲ
1594 1713 1707 1766 λέγειν
1728 1713 1851 1757 αὐτοὺς
1871 1712 1993 1761 οὕτως,
2012 1716 2060 1758 ὡς
2077 1712 2111 1752 εἴ
2127 1712 2206 1751 τινά
2222 1714 2315 1752 ἐστιν
2333 1712 2471 1765 ἀγαθά,

1422 1847 1492 1878 scat
1502 1858 1512 1887 ;
1527 1846 1669 1878 validum
1686 1849 1812 1887 autem,
1840 1846 1916 1888 quia
1930 1846 2034 1887 justas
2050 1845 2134 1878 vires
2149 1844 2333 1886 collegerit,
2352 1844 2475 1887 quippe

1423 1904 1510 1946 quod
1526 1904 1684 1937 invictum
1704 1904 1746 1937 sit
1769 1908 1869 1946 atque
1886 1903 2156 1946 inexsuperabile,
2178 1903 2317 1944 ideoque
2337 1911 2490 1944 nequea*

1421 1973 1585 2006 quoquam
1610 1965 1743 2005 cogatur
1761 1973 1866 2005 neque
1887 1972 2083 2005 quemquam
2097 1963 2209 2004 cogat,
2233 1971 2293 1996 nec
2307 1962 2474 2004 prohibea-

1424 2027 1476 2055 tur
1501 2032 1562 2056 nee
1582 2023 1767 2066 prohibeat,
1789 2032 1848 2056 nec
1871 2024 2041 2064 superetur
2061 2022 2103 2055 ab
2121 2022 2241 2062 altero,
2258 2030 2317 2055 nec
2344 2021 2474 2064 superet

1423 2083 1578 2122 alterum,
1601 2092 1706 2124 neque
1731 2083 1866 2125 imperet
1899 2091 1959 2115 nec
1976 2083 2105 2124 pareat,
2127 2089 2233 2122 neque
2251 2080 2400 2122 injuriam
2423 2080 2473 2113 in·

1425 2143 1505 2175 serat
1526 2151 1586 2175 nec
1607 2142 1761 2185 accipiat,
1775 2151 1881 2184 neque
1901 2142 1935 2174 in
1957 2141 2042 2174 mala
2060 2140 2203 2181 incidat,
2220 2149 2326 2182 neque
2339 2139 2479 2182 decipia—

1425 2202 1479 2233 tur
1499 2209 1559 2233 nec
1573 2200 1712 2242 decipiat
1727 2200 1840 2241 alium,
1857 2209 1916 2233 nec
1939 2199 2027 2232 fallat
2042 2208 2101 2232 nec
2119 2199 2258 2241 fallatur,
2270 2208 2376 2241 neque
2392 2199 2466 2240 lgno

1426 2262 1475 2292 ret
1502 2269 1561 2292 nec
1576 2260 1674 2293 lateat
1697 2268 1732 2292 se
1756 2259 1874 2301 ipsum,
1893 2268 1999 2301 neque
2015 2259 2146 2292 omnino
2167 2258 2284 2291 falsum
2305 2257 2477 2298 admittat,

1424 2317 1481 2352 sed
1499 2319 1664 2360 praecipue
1688 2318 1831 2358 beatum,
1859 2318 1957 2358 felix,
1983 2318 2207 2360 fortunatum,
2235 2318 2429 2359 opulentum
2447 2321 2479 2350 et

1426 2377 1534 2419 pium,
1550 2377 1612 2410 diis
1627 2379 1766 2419 gratum,
1785 2377 1939 2418 dignitate
1959 2377 2129 2419 praeditum
2142 2402 2153 2418 ,
2179 2375 2315 2419 regium,
2335 2375 2479 2410 muneris

1427 2438 1622 2479 imperatorii
1637 2438 1798 2479 peritum,
1819 2446 1925 2470 rerum
1945 2436 2088 2470 civilium
2104 2445 2260 2478 gnarum,
2281 2435 2412 2469 tuendae
2434 2435 2480 2468 rei

1429 2497 1573 2529 familiari
1587 2496 1746 2529 intentum
1763 2498 1797 2529 et
1811 2498 2035 2537 quaestuosum
2046 2507 2056 2537 ;
2079 2496 2204 2528 malum
2228 2504 2310 2528 vero
2328 2493 2480 2528 omuibus

1428 2555 1618 2589 instructum
1641 2564 1710 2588 esse
1722 2565 1795 2597 quae
1817 2555 1879 2587 illis
1898 2555 2058 2587 contraria
2086 2554 2164 2587 sint.
2201 2553 2344 2587 omnino
2369 2554 2480 2587 autem

1429 2614 1537 2656 probis
1553 2614 1738 2647 bominibus
1759 2613 1869 2646 omnia
1886 2613 1969 2645 bona
1981 2637 1990 2654 ‚
2008 2613 2163 2654 improbis
2179 2612 2286 2645 omnia
2305 2612 2389 2645 mala
2407 2620 2481 2645 con·

1430 2675 1560 2715 tingere.
1605 2675 1678 2706 Non
1691 2677 1799 2706 tamen
1818 2673 2000 2714 putandum
2014 2673 2064 2705 est
2079 2681 2136 2705 eos
2151 2671 2270 2713 dicere,
2289 2671 2318 2704 si
2338 2679 2402 2713 qua
2415 2671 2482 2704 sint

1430 2734 1513 2766 bona
1522 2757 1531 2774 ,
1546 2733 1599 2765 illa
1613 2732 1742 2765 abunde
1756 2731 1865 2774 probis
1877 2731 2065 2764 bominibus
2078 2731 2262 2772 obtingere,
2279 2729 2482 2772 eandemque

1430 2801 1502 2825 esse
1517 2791 1676 2824 malorum
1695 2791 1870 2830 rationem
1890 2790 1946 2822 sed
1966 2790 2039 2822 illos
2054 2791 2103 2822 tot
2120 2789 2238 2823 habere
2258 2789 2355 2830 bona,
2377 2791 2414 2822 ut
2430 2788 2482 2821 ni-

1433 2852 1475 2884 ΙιίΙ
1490 2851 1529 2884 iis
1544 2850 1628 2884 desit
1643 2850 1682 2883 ad
1699 2850 1781 2883 bene
1794 2849 1949 2891 beateque
1968 2849 2158 2890 vivendum,
2182 2849 2241 2882 hos
2263 2849 2482 2890 tortamque

1432 2909 1534 2952 mala,
1556 2913 1592 2942 ut
1609 2910 1676 2942 vita
1691 2918 1803 2942 eorum
1820 2908 2007 2950 imperfecta
2025 2911 2056 2940 et
2076 2908 2193 2941 misera
2218 2908 2272 2941 sit.
2311 2907 2480 2940 Virtutem

1434 2978 1510 3002 vero
1524 2969 1633 3002 mullis
1649 2967 1833 3001 nominibus
1849 2967 2019 3009 appellant.
2048 2967 2175 2999 Vocant
2191 2966 2278 2999 enim
2293 2966 2398 3007 primo
2411 2973 2482 3010 eam

1435 3029 1572 3069 bonum,
1592 3027 1679 3070 quod
1701 3036 1759 3060 nos
1771 3027 1811 3059 ad
1830 3028 1950 3060 rectam
1972 3026 2072 3058 vitam
2091 3025 2245 3065 adducat,
2275 3024 2394 3058 deinde
2409 3026 2488 3057 rem'

1435 3089 1596 3131 placitam,
1612 3086 1696 3130 quod
1718 3087 1786 3119 sine
1812 3085 1992 3127 suspicione
2009 3084 2156 3127 placeat3
2182 3088 2252 3117 tum
2269 3084 2376 3125 magni
2394 3083 2485 3116 aesti-

1435 3148 1605 3187 mandam‚
1623 3147 1710 3189 quod
1727 3146 1863 3188 dignitas
1886 3144 1954 3185 ejus
1981 3145 2123 3185 superari
2142 3147 2301 3185 nequeat;
2323 3143 2484 3183 praeterea

1436 3207 1651 3249 probabilem,
1672 3206 1748 3248 quia
1773 3214 1889 3247 magno
1920 3204 2029 3237 studio
2058 3203 2236 3245 appetenda
2265 3203 2326 3244 sit;
2351 3202 2394 3235 ad
2414 3202 2486 3234 lioec

1438 3267 1651 3307 laudabilem,
1679 3266 1753 3308 quia
1769 3265 1887 3297 merito·
1900 3263 1971 3305 quis
1991 3272 2061 3296 eam
2078 3262 2207 3302 laudet3
2227 3262 2356 3303 insuper
2386 3261 2483 3294 bone-

1437 3328 1533 3366 stam,
1550 3326 1635 3367 quod
1650 3324 1743 3367 quasi
1759 3324 1799 3357 ad
1814 3333 1848 3357 se
1863 3323 1982 3356 alliciat
1992 3323 2024 3355 et
2036 3322 2175 3354 attrabat
2190 3320 2262 3353 illos
2274 3320 2330 3362 qui
2341 3329 2486 3362 sequun-

1439 3387 1491 3417 tur
1510 3385 1631 3427 ipsam3
1657 3393 1716 3417 nec
1732 3393 1796 3416 non
1815 3382 2020 3416 commodam
2034 3405 2044 3422 ,
2063 3381 2209 3414 conferre
2232 3380 2318 3413 enim
2346 3380 2486 3412 multum

1439 3446 1479 3478 ad
1497 3446 1578 3479 bene
1597 3446 1792 3487 vivendum3
1808 3445 1919 3478 utilem
1936 3444 2051 3484 etiam,
2067 3443 2143 3483 quia
2155 3442 2187 3474 in
2208 3440 2400 3474 necessitate
2414 3439 2487 3473 usui

1441 3505 1503 3546 sit;
1523 3514 1619 3547 porro
1641 3505 1813 3547 optabilem
1832 3506 1930 3545 atque
1946 3501 2124 3544 eligendam
2142 3501 2218 3543 quia
2237 3499 2278 3533 ab
2292 3509 2330 3533 ea
2342 3499 2487 3533 oriantur
