2606 3828
379 290 454 323 366

375 386 465 424 pag.
501 373 576 410 215
612 373 643 410 Α
679 387 759 425 seq.
794 374 853 412 ed.
883 373 1010 422 Vigor.
1035 373 1135 427 [vol.
1166 375 1181 413 l
1221 390 1309 428 pag.
1339 378 1415 425 455

375 443 457 481 seq.
480 431 539 469 ed.
560 431 757 469 Gaissord.
775 431 786 484 ]
803 431 949 480 Scripsi
971 444 980 469 :
1002 436 1016 453 '³
1035 436 1096 470 σοῦ
1113 432 1259 484 ἐδεόμην
1276 452 1285 482 ;
1304 436 1415 475 codd.

373 490 411 529 σὲ
429 490 587 541 ἐδεόμην.
616 513 668 519 —-
688 490 704 513 ¹'
723 490 799 528 οὐδὲ
821 489 943 543 μικρὸν
961 490 1117 539 ἔσσεται,
1140 491 1233 531 libri
1255 493 1332 532 οὐδὲ
1348 495 1418 546 μὴν

374 549 650 602 σκομφύζεται.)

425 622 454 649 e.
475 608 607 648 Εἷκότα
628 611 715 656 δῆτα
737 610 844 647 ποιῶν
863 611 881 647 ὁ
904 609 1120 664 συγγραφεὺς
1141 612 1318 658 διαπαίζει
1340 612 1413 651 ποί-

373 668 425 705 λιν
469 668 527 715 τὴν
567 667 778 715 Ἑλληνικὴν
813 667 950 715 ἀπάτην
978 668 1168 723 ἐξελέγχων
1203 674 1237 710 ἐν
1268 672 1416 717 τούτοις*

372 727 478 766 Ἀλλὰ
501 728 543 767 τὰ
572 727 634 777 μὲν
661 731 807 766 τοιαῦτα
839 728 923 773 ἴσως
951 729 1159 768 ἐθελοκάκου
1185 731 1277 777 τινός
1306 733 1415 771 ἐστιν·

371 789 486 826 ἐκεῖνα
507 787 542 825 δὲ
564 787 615 824 δεῖ
635 789 767 838 μᾶλλον
785 788 832 831 εἷς
850 787 911 836 τὴν
935 788 1047 841 κρίσιν
1071 790 1249 842 προάγειν,
1267 791 1312 829 τὰ
1331 791 1417 845 πρὸς

371 845 580 893 Ἀθηναίους.
642 847 714 886 Καὶ
735 846 776 894 δὴ
795 847 949 899 λεγέσθω
968 848 1012 887 τὰ
1029 849 1113 902 πρὸς
1130 849 1340 899 Ἀθηναίους·

422 934 471 979 τΩ.
489 941 623 991 μέλεοι,
639 941 674 980 τί
690 941 843 990 κάθησθε
856 958 868 993 3
884 941 996 982 λιπὼν
1016 943 1113 997 φεῦγ’
1128 944 1264 998 ἔσχατα
1281 944 1415 998 γαίηςθ.

423 999 515 1038 Οὔτε
536 1000 603 1053 γὰρ
621 1003 643 1048 ἡ
664 999 798 1055 κεφαλὴ
818 1001 913 1052 μένει
934 1002 1102 1053 ἔμπεδος,
1123 1003 1202 1043 οὔτε
1215 1004 1255 1043 τὸ
1274 1007 1393 1057 σῶμα,

421 1060 458 1097 οὖ
479 1058 602 1111 χέρες,
637 1059 713 1098 οὐδὲ
735 1061 838 1106 πόδες
872 1060 1001 1100 νέατοι·
1032 1062 1124 1101 κατὰ
1148 1063 1215 1117 γάρ
1236 1080 1295 1114 μιν
1329 1065 1417 1118 ἐρεί-

1299 1125 1380 1178 [ψει
1397 1123 1414 1147 ¹³

419 1182 486 1229 πῦρ
504 1193 542 1215 τε
562 1177 622 1216 καὶ
641 1177 716 1223 ὀξὺς
735 1176 863 1233 Ἄρης,
891 1180 1099 1233 Συριηγενὲς
1119 1180 1218 1234 ἅρμα
1235 1182 1382 1222 διώκων·

419 1235 532 1274 πολλὰ
553 1236 589 1274 δὲ
605 1238 678 1289 τῇδ’
693 1239 817 1276 ἀπολεῖ
835 1239 1058 1292 πυργώματα
1076 1240 1137 1279 καὶ
1157 1243 1357 1295 κατερείψει
1369 1248 1395 1269 ⁰·

419 1294 567 1339 πολλοὺς
589 1297 620 1333 δ’
642 1296 820 1335 ἀθανάτων
838 1297 939 1345 νηοὺς
959 1301 1102 1354 μαλερῷ
1126 1300 1209 1354 πυρὶ
1231 1300 1357 1349 δώσει,

418 1353 453 1392 οἵ
465 1370 532 1394 που
550 1359 609 1393 νῦν
629 1357 749 1408 ἱδρῶτι
769 1357 948 1409 ῥεούμενοι
964 1359 1134 1407 ἑστήκασι
1150 1359 1166 1383 ‘¹

420 1413 563 1465 δείμασι
584 1414 813 1466 παλλόμενοι.

1171 1390 1182 1411 ²

364 1509 456 1549 Ἰδοὺ
477 1510 520 1557 δή
543 1526 596 1550 σοι
615 1511 655 1549 τὸ
675 1511 759 1563 πρὸς
779 1511 980 1559 Ἀθηναίους
998 1514 1128 1565 λόγιον·
1145 1507 1167 1561 ἦ
1186 1512 1252 1552 πού
1269 1529 1303 1552 τι
1325 1530 1413 1565 μαν-
1440 1539 1441 1542 =

365 1568 460 1606 τικὸν
482 1568 617 1617 {vec-eq
639 1571 692 1608 Οὐ
713 1570 780 1623 γὰρ
801 1570 910 1615 οὕτως
941 1572 1096 1625 ἐθάῤῥεῑς
1121 1573 1215 1625 αὐτῷ
1232 1601 1242 1620 ²
1262 1572 1303 1620 νὴ
1325 1572 1412 1621 Δία’
1439 1592 1441 1633 3
1475 1606 1532 1645 Δί’
1569 1605 1771 1647 Ὀλύαπιον
1804 1607 2063 1661 ἕξιλάσασθαι·)
2097 1608 2120 1657 ἢ
2157 1611 2197 1649 οὗ
2229 1611 2300 1656 τοῖς
2334 1612 2526 1666 ἀνθρώποις

1665 1644 1671 1656 .
1993 1649 1996 1654 .

365 1627 451 1681 φαίη
470 1644 520 1673 τις
550 1629 604 1668 ἄν.
662 1631 706 1669 Εἰ
742 1630 776 1668 δὲ
809 1631 995 1683 προσθείης
1027 1631 1048 1669 ἃ
1072 1631 1243 1681 δεομένων
1273 1634 1412 1684 βοηθεῖν

367 1689 483 1732 αὐτοῖς
518 1686 738 1740 ἐπιλέγεται,
776 1690 1034 1741 γνωσθήσεται.
1092 1691 1183 1732 Ἰδοὺ
1217 1690 1259 1738 δὴ
1304 1706 1413 1744 προσ-

363 1746 513 1796 κείσθω,

416 1843 470 1882 Οὖ
494 1841 635 1881 δύναται
655 1841 803 1887 Παλλὰς
819 1842 874 1882 Δί’
896 1842 1094 1895 Ὀλύμπιον
1114 1842 1340 1888 ἐξιλάσασθαι

418 1900 607 1952 λισσομένη
627 1902 788 1940 πολλοῖσι
803 1901 918 1953 λόγοις
921 1930 1335 1943 .............

362 2015 515 2047 rationem
534 2023 603 2046 esse
621 2014 759 2047 dicebat.
804 2016 832 2046 0
851 2023 1002 2055 magnum
1026 2015 1078 2048 dei
1102 2015 1270 2047 auxilium.
1288 2013 1412 2047 Deinde

362 2083 425 2106 non
444 2073 576 2106 aliorum
596 2073 700 2106 solum
719 2073 806 2106 urbis
822 2074 1046 2115 aedificiorum,
1070 2074 1125 2106 sed
1139 2083 1251 2107 eorum
1267 2082 1412 2115 quoque,

361 2142 435 2174 quae
454 2133 513 2166 diis
530 2142 621 2166 sacra
639 2135 748 2174 erant,
777 2133 1000 2166 obsessionem
1028 2133 1207 2175 praedicere
1234 2133 1357 2166 scilicet
1377 2142 1413 2165 se

360 2193 502 2225 simulat.
547 2194 589 2225 At
616 2202 692 2226 vero
717 2193 778 2225 huc
797 2193 848 2225 vel
867 2194 937 2226 sine
953 2192 1020 2225 ullo
1039 2193 1171 2226 oraculo
1194 2192 1349 2226 omnibus
1368 2201 1408 2225 ex

360 2252 427 2293 ipsa
442 2253 584 2284 hostium
606 2253 818 2294 impressione
834 2252 989 2295 suspicari
1006 2252 1136 2285 licebat.

402 2316 432 2343 6.
453 2314 565 2353 Itaque
577 2312 647 2352 jure
659 2306 805 2354 ‘profecto
823 2312 875 2345 ille
892 2312 1029 2353 scriptor
1047 2313 1130 2344 lianc
1144 2321 1256 2343 rursus
1276 2313 1411 2343 Graeco-

359 2380 431 2404 rum
452 2371 597 2403 fraudem
628 2371 821 2411 redarguens
842 2370 892 2402 liis
921 2370 1029 2403 verbis
1051 2369 1157 2402 illudit
1177 2379 1185 2401 :
1207 2372 1248 2402 At
1266 2370 1331 2402 ista
1349 2369 1413 2401 for-

359 2430 444 2462 sitan
478 2429 630 2462 malevoli
666 2428 923 2471 praevaricatoris
956 2429 1092 2469 luerint;
1125 2428 1263 2469 ideoque
1299 2427 1407 2469 potius

359 2488 530 2521 conveniat
549 2488 589 2520 de
607 2497 762 2529 responso
781 2487 1032 2521 Atheniensibus
1056 2488 1131 2520 dato
1160 2495 1315 2528 quaerere.
1348 2487 1407 2519 Est

357 2548 435 2580 illud
453 2549 560 2580 autem
581 2547 764 2588 hujusmodi
782 2556 790 2575 ε

401 2645 428 2674 O
444 2642 569 2682 miseri,
593 2642 670 2682 quid
690 2641 832 2674 adestis?
851 2641 890 2673 ad
910 2641 1029 2673 extima
1045 2640 1150 2674 cedite
1167 2641 1271 2684 terrae.

398 2702 470 2733 Non
489 2700 559 2732 urbi
580 2701 706 2732 firmum
725 2701 867 2733 remanet
883 2701 995 2741 caput,
1011 2709 1049 2732 ac
1067 2708 1170 2741 neque
1185 2707 1301 2740 corpus
1312 2721 1323 2739 ‚

399 2767 460 2791 nec
478 2759 599 2799 palmas
611 2782 620 2799 ‚
640 2758 764 2791 imosve
789 2758 886 2799 pedes
909 2767 967 2790 sua
987 2758 1101 2791 robora
1119 2759 1260 2791 firmant.

399 2819 545 2859 Namque
563 2817 647 2850 illam
670 2817 827 2858 ssammae,
848 2818 1020 2859 Syriosque
1035 2818 1068 2850 in
1080 2818 1192 2859 proelia
1211 2826 1324 2850 currus

401 2878 522 2909 sternet
539 2885 636 2917 agens
653 2878 783 2909 Mavors
795 2900 805 2916 ,
829 2878 926 2917 atque
945 2877 1025 2908 altas
1043 2877 1187 2909 funditus
1207 2885 1298 2909 arces

399 2937 502 2976 eruet,
523 2944 561 2967 ac
579 2937 733 2976 superum
749 2933 875 2975 templis
894 2935 1038 2967 incendia
1051 2935 1180 2975 mittet,

400 2995 456 3036 qui
474 3003 559 3027 nunc
574 2994 717 3026 fortassis
731 3003 846 3036 magno
864 2996 986 3028 terrore
1005 2994 1133 3027 subacti

399 3063 551 3096 expresso
571 3054 690 3087 sudore
709 3054 824 3086 fluunt.

359 3140 441 3170 Ecce
453 3137 619 3170 oraculum
632 3136 720 3180 quod
733 3136 981 3170 Atheniensibus
991 3135 1101 3177 dedit;
1117 3144 1195 3168 num
1215 3135 1300 3177 quod
1322 3136 1354 3168 in
1369 3144 1406 3168 eo

359 3197 410 3230 vel
429 3197 654 3230 tenuissimum
675 3197 725 3229 est
751 3195 957 3228 divinationis
976 3195 1174 3236 vestigium?
1200 3195 1337 3236 Quippe,
1357 3197 1406 3228 Tu
1432 3186 1434 3225 ἰ

358 3256 457 3297 enim,
474 3256 596 3297 inquiet
607 3255 780 3297 quispiam,
801 3264 857 3296 per
878 3256 993 3287 Jovem
1014 3254 1078 3286 hoc
1094 3254 1225 3286 oraculo
1244 3263 1309 3286 non
1328 3264 1406 3287 con·
1432 3294 1433 3309 γ

360 3315 493 3348 fidehaS.
538 3317 580 3348 At
592 3315 619 3347 si
638 3324 712 3356 quae
727 3314 885 3347 auxilium
899 3313 970 3354 ejus
990 3313 1238 3354 implorantibus
1255 3314 1406 3355 subjecit,
1432 3320 1435 3356 ι

360 3374 536 3415 addideris,
560 3378 629 3407 tum
646 3375 739 3416 quale
757 3374 892 3407 demum
912 3372 991 3406 illud
1008 3372 1062 3414 sit,
1086 3372 1293 3413 intelligetur.
1340 3373 1405 3406 Ad·
1433 3382 1435 3421 f

360 3431 475 3466 damus
490 3442 564 3474 ergo
585 3446 594 3467 t
861 3423 864 3427 ’
1255 3447 1257 3449 ·
1433 3437 1435 3471 ῑ

402 3529 476 3560 Jam
498 3536 649 3569 magnum
671 3528 796 3570 placare
808 3529 926 3561 Jovem
941 3528 1023 3560 Jove
1043 3527 1117 3560 nata
1129 3526 1274 3559 Minerva

1095 286 1400 328 CYNICORUM
1430 291 1766 338 FRAGMENTA.

1532 381 1594 422 Σοὶ
1615 383 1650 422 δὲ
1671 384 1743 424 τόδ’
1763 379 1859 430 αὖτις
1884 385 1965 430 ἔπος
1981 386 2091 439 ἐρέω,
2113 389 2287 441 ἀδάμαντι
2303 391 2522 437 πελάσσαςθ.

1531 444 1599 480 τῶν
1614 444 1729 483 ἄλλων
1743 445 1811 498 γὰρ
1828 446 2068 497 ἁλισκομένων
2073 477 2471 492 ............

1532 506 1644 555 τεῖχος
1660 506 1863 558 Τριτογενεῖ
1885 505 2017 552 ξύλινον
2038 509 2127 547 διδοῖ
2145 509 2297 563 εὐρύοπα
2317 509 2405 555 Ζεὺς

1531 564 1656 608 μοῦνον
1675 563 1870 617 ἀπόρθητον
1889 566 2054 617 τελέθειν,
2074 568 2113 606 τὸ
2133 566 2173 606 σὲ
2189 568 2296 608 τέκνα
2314 568 2491 617 τ’ὀνήσιι·

1533 619 1623 670 μηδὲ
1637 620 1679 660 σύ
1699 622 1731 674 γ’
1751 625 1949 673 ἱπποσύνην
1966 642 2004 665 τε
2019 626 2133 677 μένειν
2153 627 2214 667 καὶ
2232 629 2336 676 πεζὸν
2355 628 2474 680 ἰόντα,Υ

1531 679 1638 719 νῶτον
1659 683 1880 737 ἐπιστρέψας·
1898 685 1950 724 ἔτι
1969 686 2023 725 τοί
2041 702 2127 726 ποτε
2147 686 2286 734 κάντίος
2297 688 2413 732 ἔσται.

1532 730 1586 777 3Ὠ
1607 740 1680 790 θείη
1703 742 1888 794 Σαλαμίς,
1910 745 2051 790 ἀπολεῖς
2068 745 2103 786 δὲ
2124 745 2166 785 σὺ
2187 746 2292 787 τέκνα
2317 753 2505 802 γυναικῶν,

1539 801 1562 848 ἤ
1583 817 1649 839 που
1667 802 1900 854 σκιδναμένης
1914 802 1927 826 ¹
1939 803 2168 857 Δημήτερος,
2194 805 2217 854 ἢ
2239 807 2423 858 συνιούσης
2433 813 2468 851 ⁸.

1476 896 1588 942 Ἄξιός
1606 911 1644 935 τε
1664 912 1719 935 σοι
1746 898 1764 934 ὁ
1796 897 1882 939 Ζεὺς
1907 901 1968 936 τοῦ
1990 898 2091 947 Διός,
2112 892 2141 938 ὦ
2161 900 2212 940 υἱὲ
2229 904 2290 940 τοῦ
2310 902 2402 948 Διός·
2433 903 2525 945 ἀλλὰ

1476 955 1536 994 καὶ
1556 958 1578 1002 ἡ
1598 953 1726 1001 Ἀθηνᾶ
1746 957 1808 1002 τῆς
1828 955 1993 1004 Ἀθηνᾶς,
2015 950 2045 1006 ὦ
2070 959 2133 1004 τῆς
2156 957 2302 1008 Ἀθηνᾶς
2331 961 2473 1016 ἀδελφέ·
2501 961 2525 1011 ἥ

1450 1061 1454 1065 .
1476 1028 1514 1051 τε
1533 1011 1668 1058 σπουδὴ
1688 1011 1776 1061 αὕτη
1795 1013 1855 1051 καὶ
1875 1016 1897 1060 ἠ
1928 1015 2157 1054 ἀντισπουδία
2177 1018 2364 1071 ἐπιπρέπει
2384 1022 2436 1073 τῷ
2454 1036 2527 1060 πα-

1476 1071 1531 1125 τρὶ
1551 1070 1610 1131 xor}
1626 1074 1669 1124 τῇ
1685 1071 1853 1125 θυγατρί,
1880 1074 2013 1124 μᾶλλον
2033 1073 2070 1113 δὲ
2086 1079 2156 1120 τοῖς
2178 1078 2279 1123 θεοῖς·
2297 1076 2320 1119 ὅ
2333 1094 2374 1119 τε
2388 1078 2526 1132 Ὀλύμ-

1476 1146 1553 1175 πιος
1571 1133 1668 1174 οὗτος
1684 1132 1702 1168 ὁ
1718 1130 1782 1178 τὴν
1800 1131 1886 1181 μίαν
1901 1132 2034 1181 ταύτην
2047 1133 2175 1179 ἐξελεῖν
2188 1135 2291 1176 πόλιν
2305 1139 2474 1193 ἀσθενῶν,
2493 1142 2526 1179 εἰ
2581 1141 2587 1144 ’

1477 1191 1526 1242 μὴ
1548 1191 1618 1229 ἀπὸ
1635 1191 1780 1230 Σούσων
1793 1190 1916 1244 ἐπάγοι
1931 1195 2021 1246 αὐτῇ
2036 1193 2095 1234 τὸν
2111 1195 2253 1248 ἄπειρον
2268 1197 2398 1238 ἐκεῖνον
2417 1214 2526 1254 στρα-

1476 1252 1534 1289 τόν
1547 1280 1557 1298 ,
1593 1249 1703 1301 μέγας
1721 1266 1773 1294 τις
1793 1251 1862 1304 ἄρα
1882 1246 1947 1301 ἦν,
1983 1252 2043 1291 καὶ
2075 1253 2138 1301 τὴν
2159 1258 2221 1294 τοῦ
2240 1255 2373 1303 παντὸς
2400 1258 2526 1312 κυρίαν

1477 1309 1596 1363 ἔχων,
1627 1310 1687 1348 καὶ
1707 1309 1852 1355 πιθανὸς
1884 1311 1980 1363 ἅμα,
2004 1314 2044 1351 ἐκ
2072 1313 2135 1365 μὲν
2156 1317 2219 1363 τῆς
2246 1313 2441 1363 Ἀσίαςεῖς
2461 1315 2525 1366 τὴν

1481 1367 1654 1422 Εὐρώπην
1675 1371 1778 1407 κινῶν
1804 1370 1882 1419 ἔθνη
1902 1374 2055 1411 τοσαῦτα
2068 1403 2079 1425 ,
2094 1375 2129 1413 ἐν
2144 1375 2182 1414 δὲ
2201 1377 2246 1428 τῇ
2261 1374 2419 1430 Εὐρώπη
2440 1366 2525 1430 ‚atam

1475 1429 1576 1466 πόλιν
1595 1427 1790 1482 ἀνατρέψαι
1811 1429 1979 1475 ἀδύνατος
1995 1430 2055 1469 ὤν.
2130 1433 2202 1473 Καὶ
2221 1432 2264 1473 σὺ
2285 1434 2340 1484 δέ,
2358 1437 2377 1475 ὁ
2389 1421 2524 1488 τολμη-

1478 1486 1532 1540 ρὸς
1548 1486 1624 1538 ἅμα
1642 1487 1701 1525 καὶ
1717 1487 1774 1526 ἐπὶ
1796 1489 1846 1541 τῷ
1861 1488 1984 1539 μηδενὶ
2007 1490 2243 1543 ῥιψοκίνδυνος
2260 1493 2324 1532 οὖκ
2343 1493 2526 1544 οἷμώζεις;

1476 1541 1598 1598 (εἶπον
1623 1546 1664 1584 ἂν
1683 1543 1885 1599 ἄνθρωποί,
1908 1547 1997 1602 ὑπὲρ
2018 1543 2065 1588 ὧν
2086 1553 2108 1598 ἡ
2136 1550 2292 1602 Παλλὰς,
2311 1553 2349 1592 οὗ
2375 1553 2524 1594 δύναται

1474 1665 1614 1716 ἐμήνιεν
1631 1668 1650 1704 ὁ
1669 1665 1757 1710 Ζεύς
1770 1696 1781 1717 ,
1805 1666 1897 1706 ἀλλὰ
1915 1672 1986 1712 τοῖς
2012 1667 2120 1712 λίθοις
2145 1668 2205 1708 καὶ
2224 1672 2295 1714 τοῖς
2314 1669 2441 1716 ξύλοις·
2459 1672 2525 1713 κᾶ-

1476 1739 1579 1763 πειτα
1601 1723 1644 1763 σὺ
1670 1724 1734 1775 μὲν
1757 1724 1835 1769 τοὺς
1854 1725 2058 1778 ἀνθρώπους
2075 1725 2200 1773 ἔσωζες
2213 1757 2224 1776 ,
2239 1730 2257 1767 ὁ
2274 1729 2310 1768 δὲ
2323 1728 2369 1768 τὰ
2391 1731 2524 1770 οἰκοδο-

1477 1783 1628 1834 μήματα
1655 1783 1855 1836 ἐνεπίμπρα
1888 1785 2033 1837 ἐπακτῷ
2055 1786 2162 1838 πυρί;
2185 1784 2240 1826 Οὖ
2269 1782 2399 1840 γὰρῆν
2430 1790 2527 1842 αὐτῷ

1475 1841 1642 1892 κεραυνὸς
1661 1846 1870 1889 τηνικαῦτα.
1928 1841 1982 1883 'H
2004 1843 2090 1894 μήτι
2112 1847 2245 1896 μᾶλλον
2265 1847 2372 1898 ἡμεῖς
2389 1850 2525 1900 τολμη-

1452 1938 1459 1949 ,
1477 1900 1530 1953 ροί
1543 1917 1580 1938 τε
1602 1900 1709 1951 ἐσμὲν
1730 1900 1790 1939 καὶ
1811 1901 2060 1955 ῥιψοκίνδυνοι,
2093 1906 2156 1942 οὐκ
2181 1903 2425 1959 ἐπιτρέποντες
2444 1909 2526 1957 ὑμῖν

1519 2013 1604 2045 haud
1618 2013 1769 2054 precibus
1785 2014 1935 2056 votisque
1953 2016 2072 2056 potest.

1517 2074 1586 2105 Hoc
1602 2072 1660 2105 tibi
1680 2072 1737 2105 sed
1754 2074 1884 2106 rursum
1903 2073 1975 2115 ipso
1997 2074 2168 2109 adamante
2185 2077 2356 2118 perennius
2373 2077 2425 2119 alo
2441 2086 2453 2110 ε

1513 2140 1589 2163 nam
1611 2132 1714 2173 captis
1733 2132 1864 2174 reliquis
2401 2147 2405 2150 ·

1517 2192 1536 2223 J
1539 2200 1556 2222 u
1562 2191 1668 2232 ppiter
1685 2200 1703 2224 e
1720 2191 1806 2233 ligno
1822 2193 1925 2224 muris
1937 2192 2103 2226 Tritonida
2117 2192 2236 2235 donat,
2415 2177 2425 2188 ⁶

1517 2251 1574 2292 qui
1593 2251 1653 2283 soli
1669 2251 1784 2285 invicti
1802 2251 1861 2284 tibi
1877 2252 1941 2285 sint
1953 2253 2103 2294 natisque
2118 2252 2213 2286 saluti
2228 2262 2238 2284 :

1515 2320 1557 2341 ne
1577 2320 1653 2344 vero
1671 2321 1801 2344 maneas
1822 2312 2009 2354 peditesque
2024 2313 2228 2354 equitesque,
2247 2312 2306 2345 sed
2318 2314 2394 2346 ante
2421 2355 2424 2357 Ι

1516 2369 1603 2408 terga
1623 2367 1722 2409 dato;
1744 2375 1885 2409 namque
1897 2372 2036 2405 incurret
2043 2361 2128 2406 ,mox
2140 2373 2258 2406 obvius
2269 2363 2401 2404 hostis.¹

1515 2428 1632 2460 Divina
1651 2437 1671 2460 ο
1687 2428 1844 2468 Salamis,
1864 2427 1977 2469 perdae
1992 2429 2027 2461 tu
2047 2431 2179 2470 pignora
2197 2433 2358 2469 matrum,

1515 2487 1559 2520 sit
1580 2487 1653 2520 licet
1668 2490 1725 2519 aut
1745 2487 1887 2528 dispersa
1908 2489 2006 2520 Ceres
2018 2511 2028 2528 ,
2047 2489 2104 2520 aut
2124 2489 2271 2529 prompta
2288 2487 2390 2535 coire.

1472 2577 1589 2608 Jovem
1613 2575 1722 2608 hercle
1743 2577 1778 2608 tu
1799 2575 1891 2608 nobis
1909 2577 1992 2608 Jove
2008 2575 2155 2618 dignum,
2171 2585 2192 2608 o
2208 2575 2299 2609 Jovis
2312 2574 2359 2608 tili
2369 2586 2381 2616 ;
2394 2574 2523 2617 dignam

1472 2635 1618 2668 Minerva
1635 2635 1814 2667 Minervam
1831 2635 1943 2676 tingis,
1969 2643 1990 2667 o
2005 2635 2162 2668 Minervae
2182 2634 2280 2668 trater
2300 2643 2309 2666 :
2329 2635 2364 2667 et
2387 2633 2448 2667 ista
2466 2642 2520 2667 vo·

1471 2695 1630 2728 luntatum
1648 2695 1893 2735 studiorumque
1909 2703 2014 2736 pugna
2033 2697 2156 2735 patrem
2169 2702 2206 2726 ac
2219 2693 2318 2726 tiliam
2329 2717 2339 2734 ,
2354 2693 2422 2726 imo
2442 2693 2523 2726 deos

1470 2755 1601 2787 omnino
1622 2754 1727 2788 decet.
1773 2754 1863 2793 Quin
1881 2754 1978 2790 etiam
2001 2753 2172 2795 Olympius
2195 2753 2257 2786 iste
2275 2754 2368 2794 tuus,
2385 2752 2442 2795 qui
2459 2751 2524 2785 nisi

1471 2814 1649 2846 adductum
1678 2814 1767 2846 Susis
1794 2814 1955 2855 ingentem
1984 2813 2076 2846 illum
2105 2813 2284 2846 exercitum
2316 2813 2520 2852 admoveret,

1470 2876 1583 2908 urbem
1606 2884 1705 2908 unam
1735 2883 1921 2916 expugnare
1951 2883 2017 2907 non
2047 2875 2177 2915 posset,
2208 2881 2344 2915 magnus
2372 2871 2525 2906 videlicet

1470 2934 1550 2967 deus
1578 2937 1627 2967 est
1656 2943 1694 2967 ac
1714 2934 1815 2967 totius
1843 2933 1930 2966 orbis
1959 2935 2079 2967 rector.
2139 2932 2230 2966 Idem
2257 2932 2354 2965 etiam
2378 2930 2522 2973 locuples

1469 2996 1582 3027 auctor
1596 2994 1764 3027 habendus
1775 3018 1785 3035 ,
1805 2993 1961 3026 traductis
1975 3002 2016 3026 ex
2033 2993 2107 3025 Asia
2121 2993 2154 3024 in
2179 2994 2343 3032 Europam
2357 2991 2407 3023 tot
2422 2988 2524 3031 genti·

1476 3053 1556 3094 bus,
1572 3063 1674 3095 quum
1690 3054 1730 3086 ad
1751 3053 1955 3086 evertendam
1970 3052 2098 3084 unicam
2111 3054 2249 3092 Europoe
2263 3049 2376 3083 urbem
2392 3048 2479 3085 vires
2493 3047 2524 3080 ei

1469 3113 1628 3146 deessent.
1651 3116 1698 3147 Tu
1714 3112 1804 3154 vero,
1816 3112 2040 3152 audacissime,
2057 3111 2219 3153 (inquiant
2230 3108 2377 3142 homines
2387 3107 2444 3147 illi,
2456 3106 2533 3148 qui-'

1470 3172 1531 3205 bus
1550 3175 1663 3205 Jovem
1690 3172 1877 3214 Olympium
1895 3180 2028 3204 exorare
2047 3170 2192 3203 Minerva
2215 3178 2278 3201 nou
2300 3165 2447 3209 potest;)
2463 3166 2521 3208 qui

1470 3231 1525 3263 ubi
1534 3241 1643 3265 causae
1656 3231 1734 3264 nihil
1743 3233 1803 3272 est,
1815 3239 1917 3272 usque
1926 3229 2006 3262 adeo
2023 3237 2164 3270 praeceps
2181 3227 2212 3259 in
2221 3225 2380 3259 obeundis
2395 3224 2521 3266 pericu-

1468 3290 1506 3322 lis
1519 3299 1588 3323 esse
1599 3292 1697 3330 soles,
1708 3291 1793 3322 hunc
1806 3298 1916 3322 casum
1927 3297 1991 3320 non
2009 3287 2184 3328 deploras?
2201 3277 2250 3317 Ἀιι
2268 3293 2345 3317 vero
2363 3282 2522 3324 lapidibus

1471 3349 1630 3391 lignisque
1642 3351 1781 3391 Jupiter,
1797 3358 1864 3382 non
1891 3347 2078 3380 hominibus
2095 3345 2303 3383 irascebatur,
2324 3344 2358 3376 ut
2373 3342 2522 3376 homines

1471 3410 1506 3441 tu
1522 3409 1663 3450 vquidem
1685 3418 1704 3442 a
1726 3410 1828 3441 morte
1845 3408 2003 3449 eriperes,
2020 3407 2088 3448 ipse
2106 3405 2215 3438 autem
2239 3403 2376 3436 aediticia
2396 3402 2519 3436 adven-

1434 3481 1437 3515 3
1472 3468 1549 3500 ticio
1564 3468 1713 3500 incendio
1726 3468 1864 3500 deleret?
1885 3468 1952 3499 Nec
1964 3465 2086 3497 fulmen
2098 3465 2126 3496 ei
2143 3466 2210 3495 tum
2228 3461 2426 3503 suppetebat.
2450 3459 2520 3493 Nisi

1435 3520 1437 3553 ὲ
1470 3527 1553 3560 torte
1571 3526 1760 3559 audaciores
1782 3525 1843 3567 ipsi
1866 3533 1982 3558 sumus
1998 3523 2200 3564 nimiumque
2217 3521 2286 3554 sine
2315 3529 2413 3554 causa
2432 3527 2518 3561 prae·
