2638 3840
320 259 334 275 f

315 339 430 390 μέσως
446 339 671 389 διακειμένων
687 339 876 391 ἀνθρώπων
896 337 1060 391 πρόνοιαν
1078 339 1255 387 ποιητέον,
1271 338 1362 379 οὔσ-

314 414 410 443 τινας
430 400 469 438 ἐκ
488 401 557 436 τῶν
578 401 833 450 παραινετικῶν
854 398 965 449 λόγων
983 398 1191 449 ὠφελεῖσθαι
1210 398 1361 449 supeant-

313 474 365 498 νει
378 487 390 507 ,
408 457 456 508 μὴ
476 457 683 509 δυναμένους
694 457 958 509 προσευκαιρεῖν
973 463 1044 501 τοῖς
1057 457 1254 503 διεξοδικοῒς
1271 458 1361 497 πλοί-

313 509 428 566 τεσιν,
450 516 471 564 ἢ
493 518 548 556 διὰ
577 516 703 569 χρόνου
736 516 982 567 στενοχωρίας,
1003 514 1025 563 ἢ
1049 517 1106 555 διά
1134 532 1228 560 τινας
1252 520 1359 570 ἀνα-(-

313 577 416 621 καίας
435 577 626 629 ἀσχολίας,
653 574 905 613 ἐπεισενεκτέον
934 575 991 614 τὸν
1021 576 1224 615 ὑποθετικὸν
1244 576 1358 629 λόγον,

314 636 358 674 δι’
377 631 417 675 0⁴5
435 636 498 680 τὰς
524 635 610 687 πρὸς
637 635 699 680 τὴν
723 634 914 687 ἀσφάλειαν
941 635 1000 674 καὶ
1026 635 1088 683 τὴν
1109 637 1279 689 ὀρθότητα
1298 641 1360 685 τῆς

313 695 460 735 ἑκάστου
478 694 636 748 χρήσεως
653 693 828 739 ὑποθήκας
848 696 883 732 ἐν
903 695 1086 746 ἐπιτομαῖς
1104 695 1249 741 ἕξουσιν.

365 754 472 794 Οὕτω
494 753 557 804 μὲν
577 748 635 791 οὖν
655 756 676 799 ἡ
700 752 862 797 Φίλωνος
882 752 956 806 ἔχει
978 755 1156 807 διαίρεσις.
1213 755 1307 808 Ἐγὼ
1329 758 1358 797 δ’

311 816 342 852 εἷ
364 813 426 864 μὲν
449 812 644 865 ἀργοτέρως
661 812 861 862 διεκείμην,
883 813 1062 864 ἀρκεσθεὶς
1077 813 1118 852 ἂν
1135 816 1224 866 αὐτῇ
1245 823 1358 855 συνεῖ-

315 889 370 925 ρον
391 874 459 919 ἤδη
471 871 514 910 τὰ
529 871 610 924 περὶ
630 873 698 910 τῶν
722 870 955 924 ἀρεσκόντων,
970 875 1013 925 τῇ
1029 876 1089 920 τῆς
1103 872 1304 928 ἑξαμερείας
1325 882 1355 899 ¹²

311 931 614 984 ἔπικουφιζόμενος
653 932 875 984 περιγραφῇ·
916 931 1106 982 ἡγούμενος
1143 932 1174 970 δ’
1215 935 1357 988 ἐμαυτῷ

309 990 453 1044 πρέπειν
472 991 540 1041 πρὸ
562 989 691 1033 παντὸς
710 989 774 1036 τὴν
795 988 914 1028 οὐσίαν
936 990 1005 1028 δεῖν
1027 991 1226 1029 ἐπισκοπεῖν
1246 986 1284 1030 οἷ
1306 1008 1358 1038 τις

309 1050 616 1103 πραγματεύεται,
633 1049 785 1088 κᾶπειτα
803 1049 973 1096 ποιότητα
995 1047 1057 1095 τὴν
1074 1047 1151 1100 περὶ
1168 1048 1276 1096 αὐτὴν
1297 1050 1356 1089 καὶ

307 1112 485 1158 ποσότητα
497 1141 505 1156 ,
519 1109 580 1147 καὶ
595 1109 728 1153 τούτοις
741 1108 861 1162 ἐφεξῆς
877 1108 916 1146 τὸ
932 1107 1016 1161 πρὸς
1030 1107 1082 1155 τί,
1103 1108 1232 1159 νομίζω
1247 1125 1355 1162 προσ-

308 1168 535 1218 επιπονητέον
557 1184 594 1207 τε
620 1162 709 1207 εἶναι
729 1167 790 1207 καὶ
820 1167 864 1207 τὰ
897 1167 1014 1206 ἄλλων
1041 1168 1267 1217 ἐπισκοπεῖν,
1290 1185 1356 1208 κα-

308 1229 419 1282 θάπερ
450 1229 488 1268 οὔ
517 1227 680 1279 πάντων,
715 1227 807 1266 οὕτω
846 1228 915 1265 τῶν
950 1226 1030 1279 περὶ
1065 1229 1175 1264 ταῦτα
1223 1228 1355 1282 διενεγ-

306 1290 457 1329 κάντων.

359 1347 486 1388 Ἔστιν
501 1340 559 1387 οἶν
577 1345 742 1398 Εὖδώρου
771 1349 831 1384 τοῦ
853 1344 1103 1400 Ἀλεξανδρέως
1124 1346 1178 1394 ¹³,
1203 1346 1353 1394 Ἀκαδη-

308 1412 414 1459 μικοῦ
432 1407 619 1460 φιλοσόφου
631 1435 641 1453 ,
656 1405 821 1457 διαίρεσις
833 1409 895 1444 τοῦ
912 1404 1002 1443 κατὰ
1017 1405 1220 1458 φιλοσοφίαν
1236 1405 1354 1457 λόγου,

308 1467 444 1520 βιὸλίυν
462 1465 685 1512 ἀξιόκτητον,
706 1465 740 1501 ἐν
762 1458 790 1516 ᾧ
811 1470 926 1503 πᾶσαν
954 1463 1182 1511 ἐπεξελήλυθε
1198 1465 1356 1516 προὸλη-

307 1528 463 1578 ματικῶς
483 1524 546 1572 τὴν
565 1522 763 1573 ἐπιστήμην
776 1553 786 1570 ,
800 1517 841 1569 ἧς
859 1521 928 1573 ἐγὼ
945 1522 1145 1573 διαιρέσεως
1161 1523 1354 1575 ἐκθήσομαι

305 1585 345 1623 τὸ
367 1587 428 1631 τῆς
449 1585 573 1630 ἠθικῆς
593 1583 735 1621 οἰκεῖον.
793 1578 898 1634 Ἔχει
921 1581 950 1619 δ’
977 1581 1100 1625 οὕτως.
1158 1584 1354 1635 Τριμεροῦς

305 1643 400 1686 ὄντος
417 1646 476 1680 τοῦ
498 1641 588 1680 κατὰ
609 1639 813 1694 φιλοσοφίαν
830 1640 958 1691 λόγου,
977 1640 1017 1678 τὸ
1046 1639 1110 1690 μέν
1133 1641 1226 1679 ἐστιν
1247 1642 1353 1679 αὐτοῦ

304 1700 495 1750 ἠθικόν,τὸ
516 1700 551 1740 δὲ
572 1700 714 1754 φυσικόν
728 1730 738 1746 ,
759 1700 799 1738 τὸ
817 1699 852 1738 δὲ
871 1698 1022 1750 λογικόν.
1079 1702 1152 1739 Τοῦ
1175 1699 1211 1737 δὲ
1231 1702 1352 1747 ἠθικοῦ

305 1762 345 1800 τὸ
367 1761 430 1811 μὲν
448 1759 525 1812 περὶ
542 1759 604 1805 τὴν
622 1758 769 1810 θεωρίαν
785 1761 846 1805 τῆς
862 1760 940 1796 καθ’
957 1757 1102 1796 ἕκαστον
1122 1757 1236 1806 ἀξίας,
1256 1758 1296 1796 τὸ
1316 1758 1351 1796 δὲ

303 1821 386 1875 περὶ
404 1819 467 1868 τὴν
483 1818 615 1871 ὁρμήν,
639 1817 680 1857 τὸ
703 1817 740 1857 δὲ
758 1817 838 1869 περὶ
860 1816 923 1864 τὴν
944 1816 1084 1869 πρᾶξιν.
1147 1818 1256 1856 Ταῦτ’
1279 1817 1352 1855 ἐστὶ

303 1880 372 1933 γὰρ
395 1881 542 1932 τριμερῆ
563 1880 626 1925 τῆς
644 1879 768 1923 ἠθικῆς
785 1875 878 1924 εἴδη,
900 1878 1036 1928 πρῶτον
1057 1875 1119 1925 μέν
1132 1904 1143 1923 ,
1164 1875 1202 1914 τὸ
1223 1875 1352 1914 θεάσα-

304 1942 383 1977 σθαι
401 1936 466 1983 τὴν
488 1936 586 1982 ἀξίαν
606 1939 666 1975 τοῦ
686 1935 892 1989 πράγματος
919 1936 1004 1987 ὅπερ
1032 1937 1203 1986 αἱρεῖσθαι
1226 1934 1351 1986 μέλλο-

303 2076 378 2099 eum
401 2066 531 2098 tractari
547 2067 714 2106 propterea
728 2064 813 2105 quod
832 2063 984 2096 latissime
999 2065 1104 2105 patet,
1117 2063 1264 2104 quamvis
1279 2072 1352 2104 pars

301 2116 354 2157 sit
371 2124 433 2156 loci
453 2124 494 2155 de
519 2122 596 2155 vita.
644 2124 718 2155 Jam
745 2122 774 2154 si
798 2122 867 2154 fieri
888 2123 1013 2162 posset,
1043 2123 1079 2154 ut
1107 2130 1220 2153 omnes
1245 2125 1352 2154 essent

301 2184 479 2225 sapientes,
510 2182 656 2223 pluribus
681 2182 759 2214 loeis
785 2190 851 2213 non
873 2181 955 2213 foret
971 2177 1073 2222 opus',
1091 2181 1349 2222 quandoquidem

303 2241 486 2273 subtiliores
502 2240 679 2272 divisiones
702 2249 742 2272 ex
764 2239 802 2271 iis
817 2248 891 2280 quae
914 2239 1078 2280 proposita
1093 2241 1169 2271 sunt
1184 2239 1350 2280 oriuntur-3

304 2300 460 2341 quoniam
479 2308 556 2331 vero
574 2298 785 2331 mediocrium
803 2307 932 2340 quoque
954 2298 1121 2330 hominum
1139 2307 1217 2330 cura
1230 2298 1351 2339 agenda

301 2362 370 2398 est,
387 2359 443 2399 qui
467 2367 567 2399 quum
587 2357 625 2389 iis
645 2358 697 2390 vel
714 2367 770 2398 per
787 2358 941 2398 temporis
965 2357 1128 2399 angustias
1141 2358 1192 2390 vel
1212 2366 1268 2399 per
1294 2366 1351 2390 ne-

301 2417 437 2449 cessaria
461 2417 610 2458 quaedam
637 2418 764 2457 negotia
782 2417 986 2449 uberioribus
1009 2417 1282 2458 disputationibus
1295 2426 1351 2449 va-

301 2486 372 2509 care
389 2486 451 2508 non
471 2477 585 2517 liceat,
606 2478 715 2509 tamen
733 2486 772 2509 ex
788 2476 917 2509 monitis
933 2477 1102 2509 utilitatem
1123 2478 1270 2518 capiunt,
1284 2486 1349 2509 non

301 2535 498 2567 omittendus
515 2537 564 2567 est
584 2539 821 2576 praeceptorum
842 2538 1014 2576 tractatus,
1035 2536 1091 2576 qui
1111 2537 1180 2568 tuta
1201 2537 1350 2576 rectaque

301 2596 340 2627 dc
359 2595 556 2635 singulorum
571 2604 629 2626 usu
647 2595 777 2627 consilia
791 2595 903 2636 paucis
916 2596 1021 2627 verbis
1037 2596 1265 2636 comprehensa
1282 2595 1346 2627 det.

341 2656 445 2696 Atque
469 2654 539 2686 haec
563 2654 694 2695 quidem
720 2655 861 2686 Philonis
881 2657 930 2686 est
955 2655 1081 2687 divisio.
1126 2657 1193 2694 Ego
1218 2663 1294 2686 vero
1322 2655 1348 2686 si

299 2714 407 2755 paullo
420 2714 544 2753 segnior
560 2722 662 2745 essem
676 2737 685 2753 ‚
711 2713 763 2744 illa
787 2714 956 2745 contentus
972 2713 1037 2753 iam
1056 2712 1208 2755 dogmata
1226 2720 1347 2744 conne-

298 2776 417 2806 cterem
430 2796 440 2812 ,
458 2772 670 2811 descriptione
696 2781 753 2803 sex
775 2772 919 2813 partibus
936 2773 1106 2804 constante
1134 2771 1321 2803 sublevatus
1339 2784 1346 2803 :

298 2841 399 2872 quum
418 2832 524 2862 autem
546 2830 726 2862 existimem
745 2829 885 2870 primum
906 2831 1054 2861 naturam
1076 2829 1122 2861 rei
1152 2829 1346 2868 tractandae,

298 2889 414 2922 deinde
442 2889 628 2930 qualitatem
652 2888 738 2919 illius
754 2889 787 2919 et
805 2888 1036 2928 quantitatem,
1057 2887 1196 2928 denique
1217 2888 1347 2920 relatio-

297 2959 371 2982 nem
391 2948 459 2989 ejus
475 2948 513 2980 ad
533 2948 610 2979 alias
624 2956 672 2979 res
689 2947 767 2979 mihi
786 2936 1013 2988 inspiciendam
1028 2957 1095 2979 esse
1107 2972 1116 2987 ,
1134 2948 1242 2979 dedita
1253 2957 1348 2988 opera

297 3009 377 3040 alios
395 3017 524 3049 quoque
556 3006 771 3039 consulendos
797 3006 925 3045 judico,
952 3008 988 3038 ut
1014 3014 1078 3038 non
1102 3015 1234 3045 omnes,
1251 3007 1295 3038 ita
1315 3006 1347 3039 in

297 3067 349 3099 his
370 3066 560 3108 praecipuos.
1261 3105 1265 3108 ἡ

339 3127 397 3158 Est
422 3126 520 3166 igitur
538 3124 658 3157 Eudori
677 3123 903 3164 Alexandrini,
919 3123 1121 3162 Academici,
1144 3124 1259 3156 divisio
1274 3125 1346 3165 phi-

301 3185 453 3226 losophiae
482 3185 640 3216 universae
671 3184 703 3215 in
724 3184 876 3224 praeclaro
895 3183 976 3214 libro
995 3183 1130 3222 tradita,
1154 3183 1186 3215 in
1206 3193 1270 3224 quo
1292 3186 1344 3216 to-

298 3251 362 3278 tam
383 3246 548 3285 scientiam
571 3245 611 3277 ad
629 3245 822 3286 quaestiones
844 3244 973 3283 retulit,
994 3243 1085 3284 cujus
1104 3253 1161 3283 ego
1180 3244 1346 3276 divisionis

300 3307 419 3345 partem
441 3305 556 3337 ethicae
573 3304 733 3345 propriam
748 3304 779 3335 in
794 3303 936 3335 medium
957 3303 1126 3343 proferam.
1170 3303 1221 3335 Sic
1238 3307 1344 3335 aulem

297 3374 330 3396 se
350 3364 457 3396 hahet.
505 3365 613 3401 Quum
632 3363 739 3395 omnis
757 3362 796 3394 de
822 3361 1023 3403 philosophia
1043 3361 1215 3402 disputatio
1231 3362 1345 3402 triplex

298 3423 355 3462 sit,
375 3432 437 3454 uua
459 3424 528 3463 eJus
545 3431 619 3464 pars
638 3422 766 3455 moralis
785 3424 852 3460 est.
873 3421 933 3453 alia
950 3421 1095 3462 physica,
1118 3421 1210 3453 tertia
1232 3421 1341 3461 logica.

298 3484 396 3515 Porro
423 3483 551 3515 moralis
569 3482 771 3524 philosophia
800 3483 915 3523 parlim
936 3481 1020 3514 circa
1042 3481 1342 3522 contemplationem

317 259 367 290 „a
1177 235 1648 294 PYTHAGoneoauM

1424 356 1509 392 μεν,
1531 341 1607 381 οὐδὲ
1627 342 1694 396 γὰρ
1717 337 1787 382 οἶόν
1812 359 1848 382 τε
1869 342 2029 395 γενέσθαι
2045 343 2108 391 τὴν
2129 344 2242 399 ὁρμὴν
2260 347 2423 399 εὔλογον,
2437 350 2470 388 εἷ

1425 399 1474 452 μὴ
1507 400 1597 452 μετὰ
1618 401 1682 448 τὴν
1717 402 1879 455 Θεωρίαν·
1901 406 1923 449 ἡ
1952 402 2079 455 θεωρία
2111 405 2143 443 δ’
2163 405 2238 444 ἐστὶ
2267 406 2471 459 περίσκεψις

1423 463 1483 499 τοῦ
1501 459 1706 513 πράγματος
1722 460 1783 500 καὶ
1807 455 1878 499 οἷον
1899 461 2092 514 ἐπίκρισις,
2115 462 2207 502 κατὰ
2226 463 2286 503 τὸν
2306 465 2387 518 περὶ
2407 467 2470 504 αὖ·

1423 521 1483 556 τοῦ
1499 518 1666 571 λογισμόν
1680 535 1688 544 ·
1711 519 1866 572 δεύτερον
1893 519 1927 558 δὲ
1951 520 1991 558 τὸ
2011 519 2075 568 τὴν
2097 521 2208 573 ὁρμὴν
2229 525 2280 576 τῷ
2302 538 2471 576 περινοη-

1423 577 1513 616 θέντι
1539 581 1656 623 καλῶς
1686 579 1887 617 ἐπιὸαλεῖν·
1915 579 2029 632 τρίτον
2053 579 2093 618 τὸ
2120 583 2185 628 τὴν
2203 581 2328 634 πρᾶξιν
2355 583 2471 628 αὐτοῖς

1422 638 1647 692 ἐπισυνάψαι.
1703 640 1814 678 Ταῦτ’
1838 639 1911 678 ἐστὶ
1931 638 1975 678 τὰ
1993 641 2117 693 πρῶτα
2144 639 2233 694 μέρη
2256 644 2319 680 τοῦ
2344 644 2468 690 ἠθικοῦ

1421 695 1545 748 λόγου,
1569 697 1799 750 θεωρητικόν,
1819 698 2028 750 ὁρμητικόν,
2050 700 2263 751 πρακτικόν·
2282 699 2413 739 τούτων
2437 701 2468 740 δ’

1422 753 1570 794 ἑκάστου
1590 757 1836 807 ὑποδιαίρεσις.
1893 758 1965 796 Τοῦ
1977 757 2044 809 γὰρ
2063 757 2143 809 περὶ
2160 757 2224 805 τὴν
2243 757 2391 812 θεωρίαν
2405 761 2469 807 τῆς

1421 814 1498 852 καθ’
1521 813 1666 853 ἕκαστον
1702 814 1820 863 ἀξίας,
1850 815 1888 853 τὸ
1910 815 1973 866 μὲν
1997 816 2077 870 περὶ
2105 819 2173 855 τῶν
2195 820 2335 856 σκοπῶν
2354 816 2378 866 ἢ
2396 821 2466 858 τῶν
2483 859 2492 867 ,

1419 873 1616 924 λεγομένων
1633 876 1775 912 σκοπῶν
1792 878 1851 913 τοῦ
1870 874 1946 925 βίου
1957 890 1966 899 ·
1980 875 2019 915 τὸ
2039 875 2074 914 δὲ
2091 875 2254 928 περὶτῶν
2270 875 2468 927 συμὸαλλο·

1421 932 1534 983 μένων
1561 934 1608 978 εἷς
1628 933 1690 980 τὴν
1717 935 1785 971 τῶν
1812 935 1922 972 τελῶν
1949 934 2188 987 περιποίησιν,
2219 933 2277 988 (τὸ
2307 934 2371 985 μέν
2390 937 2468 975 ἐστι

1419 992 1500 1044 περὶ
1521 995 1590 1031 τῶν
1617 994 1750 1044 ἀρετῶν
1783 992 1843 1030 καὶ
1874 995 1943 1031 τῶν
1975 996 2134 1045 κακῶν,)
2160 995 2200 1033 τὸ
2228 994 2263 1033 δὲ
2291 993 2372 1047 περὶ
2397 996 2467 1034 τῶν

1420 1050 1509 1089 κατὰ
1527 1050 1588 1095 τὰς
1606 1050 1731 1103 ἀρετὰς
1750 1053 1878 1100 ποιῶν,
1895 1051 1980 1103 ὅπερ
2000 1051 2059 1090 καὶ
2074 1054 2235 1093 καλεῖται
2251 1068 2468 1107 χαρακτηρι-

1420 1109 1536 1147 στικόν
1549 1124 1558 1132 ·
1574 1106 1612 1146 τὸ
1632 1109 1667 1147 δὲ
1682 1109 1762 1159 περὶ
1779 1111 1910 1161 τεχνῶν
1924 1126 1932 1134 ·
1947 1110 1986 1150 τὸ
2006 1110 2042 1148 δὲ
2059 1110 2139 1162 περὶ
2158 1111 2463 1163 ἐπιτηδευμάτων.

1420 1168 1495 1206 Τοῦ
1518 1166 1581 1217 μὲν
1603 1166 1684 1217 περὶ
1709 1169 1840 1217 ἀρετῶν
1865 1167 1905 1205 τὸ
1925 1168 1989 1218 μὲν
2009 1167 2145 1216 κοινόν,
2163 1169 2204 1209 τὸ
2220 1167 2250 1208 δ’
2265 1169 2372 1208 ἴδιον·
2388 1184 2466 1209 κοι-

1418 1223 1475 1263 νὸν
1505 1224 1590 1275 μέν,
1617 1218 1688 1263 οἷον
1717 1224 1798 1277 περὶ
1819 1225 2062 1274 δικαιοσύνης,
2083 1226 2164 1281 περὶ
2187 1227 2371 1279 ἀνδρείας,
2391 1242 2466 1267 σω·-

1419 1283 1615 1336 φροσύνης,
1646 1283 1866 1337 φρονήσεως,
1896 1287 1964 1323 τῶν
1986 1285 2102 1324 ἄλλων
2116 1301 2126 1310 ·
2147 1285 2232 1324 ἴδιον
2253 1285 2290 1325 δὲ
2307 1285 2347 1325 τὸ
2373 1301 2467 1339 προ-

1417 1343 1621 1398 τρεπτικόν,
1654 1348 1755 1382 τοῦτο
1785 1343 1853 1396 γὰρ
1879 1345 1927 1388 εἷς
1955 1344 1994 1383 τὸ
2021 1344 2132 1396 μόνως
2158 1345 2372 1391 ἐνδείξασθαι
2399 1345 2464 1394 τὴν

1418 1401 1542 1454 ἀρετὴν
1557 1402 1618 1440 καὶ
1643 1402 1706 1450 τὴν
1728 1403 1869 1444 κακίαν.
1929 1404 2001 1443 Καὶ
2018 1407 2035 1442 ὁ
2056 1404 2118 1456 μὲν
2135 1405 2215 1458 περὶ
2228 1405 2292 1453 τὴν
2315 1406 2464 1461 θεωρίαν

1416 1465 1477 1508 τῆς
1491 1462 1570 1500 καθ’
1591 1460 1739 1500 ἕκαστον
1761 1461 1858 1507 ἀξίας
1873 1463 1973 1514 λόγος
1993 1466 2040 1507 εἷς
2058 1464 2243 1509 τοσούτους
2261 1464 2388 1509 τόπους
2406 1480 2465 1517 γε·

1418 1520 1530 1565 νικοὺς
1551 1518 1738 1571 τέμνεται·
1759 1524 1776 1559 ὁ
1796 1520 1864 1574 γὰρ
1883 1522 1963 1574 περὶ
1983 1524 2122 1576 ἀγαθῶν
2146 1523 2206 1562 καὶ
2233 1526 2353 1563 κακῶν
2372 1526 2465 1563 πολ-

1417 1580 1477 1623 λὰς
1494 1579 1650 1632 περιέχει
1671 1579 1874 1633 διαιρέσεις,
1900 1581 2025 1620 αὐτίκα
2045 1581 2108 1629 τὴν
2130 1583 2210 1635 περὶ
2231 1586 2298 1622 τῶν
2318 1585 2465 1637 λεγομέ-

1415 1655 1482 1677 νων
1510 1639 1803 1691 προηγουμένων,
1832 1640 1896 1688 τὴν
1919 1640 2000 1694 περὶ
2020 1642 2136 1694 φιλίας
2167 1643 2228 1681 καὶ
2253 1644 2377 1690 ἡδονῆς
2402 1644 2464 1684 καὶ

1416 1697 1515 1749 δόξης
1529 1698 1589 1736 καὶ
1603 1695 1758 1751 εὐφυΐας.
1818 1701 1882 1752 Τῷ
1900 1699 1935 1738 δὲ
1950 1700 2028 1754 περὶ
2043 1701 2158 1754 φιλίας
2172 1701 2264 1740 κατὰ
2273 1703 2463 1754 γειτνίασιν

1415 1757 1541 1809 ὑπάγει
1565 1757 1623 1796 τὸν
1650 1758 1730 1810 περὶ
1755 1757 1904 1812 ἔρωτος,
1933 1759 1991 1798 τὸν
2023 1760 2104 1813 περὶ
2133 1762 2351 1812 συμποσίων.
2407 1764 2463 1803 Οὔ

1416 1817 1486 1868 μὴν
1505 1818 1582 1855 ἀλλ’
1611 1817 1706 1867 ὅμως
1725 1819 1824 1857 τοῦδε
1846 1817 2049 1870 σύμπαντος
2070 1822 2118 1863 εἷς
2142 1820 2201 1860 τὸν
2226 1820 2306 1873 περὶ
2324 1822 2463 1872 ἀγαθῶν

1415 1876 1474 1914 καὶ
1495 1879 1613 1914 κακῶν
1643 1879 1689 1920 ὡς
1717 1877 1948 1928 γενικώτατον
1977 1877 2124 1923 ὑπέταξε
2148 1878 2267 1932 λόγον.
2323 1882 2398 1920 Τοῦ
2423 1880 2461 1920 δὲ

1414 1935 1493 1987 περὶ
1514 1938 1575 1982 τῆς
1601 1937 1710 1987 ὁρμῆς
1742 1935 1773 1963 ¹4
1801 1935 1905 1987 λόγου
1933 1939 1952 1975 ὃ
1975 1936 2038 1987 μέν
2061 1939 2135 1976 ἔστι
2163 1938 2243 1991 περὶ
2271 1941 2332 1986 τῆς
2351 1940 2463 1988 ἷὸικῆς
2513 1931 2522 1937 Ν

1413 2063 1574 2104 dignitatis
1599 2063 1818 2105 singulorum,
1836 2064 1953 2105 partim
1971 2065 2056 2096 circa
2077 2065 2325 2106 appetitionem,
2345 2051 2461 2108 parlim

1412 2123 1494 2155 circa
1513 2123 1673 2155 actionem
1698 2125 1857 2156 versatur.
1901 2123 2029 2156 Etenim
2058 2124 2108 2156 hae
2132 2125 2200 2156 tres
2227 2126 2306 2158 sunt
2332 2134 2460 2158 morum

1411 2183 1554 2214 scientiae
1591 2183 1733 2223 species,
1767 2183 1906 2223 primum
1937 2183 2165 2224 contemplatio
2191 2182 2356 2224 dignitatis
2394 2185 2459 2226 rei,

1411 2250 1506 2283 quam
1526 2242 1700 2274 consectari
1722 2242 1891 2282 volumus,
1911 2242 1987 2283 quia
2001 2242 2154 2283 appetitio
2171 2245 2247 2275 ante
2264 2243 2461 2285 contempla-

1411 2300 1533 2333 tionem
1556 2301 1671 2333 rationi
1689 2303 1900 2333 consentanea
1922 2309 1990 2333 esse
2010 2310 2070 2332 non
2089 2302 2214 2342 potest,
2230 2302 2459 2344 contemplatio

1411 2361 1518 2391 autem
1539 2361 1587 2392 est
1615 2361 1660 2391 rei
1688 2359 1899 2392 consideratio
1919 2361 1951 2391 et
1971 2359 2061 2400 quasi
2088 2359 2128 2391 de
2153 2368 2191 2392 ea
2207 2359 2366 2400 judicium
2388 2360 2460 2401 ejus

1411 2419 1608 2460 inspectione
1627 2419 1771 2450 innixum
1800 2432 1808 2451 :
1839 2428 1935 2459 porro
1954 2420 2108 2459 appetitio
2130 2420 2174 2451 rei
2195 2420 2294 2460 probe
2314 2421 2460 2453 conside-

1411 2480 1487 2510 ratae
1501 2478 1643 2510 adhibita
1658 2489 1664 2509 :
1680 2478 1817 2519 denique
1838 2479 1921 2510 actio
1935 2488 2007 2520 quae
2027 2479 2155 2520 utrique
2170 2478 2302 2520 insuper
2313 2480 2459 2514 annecti·

1410 2539 1476 2569 tur.
1521 2539 1724 2578 Quapropter
1740 2537 1791 2569 hae
1810 2538 1921 2577 primae
1937 2540 2012 2569 sunt
2033 2547 2159 2570 morum
2179 2538 2320 2571 scientiae
2337 2527 2458 2581 partes,

1386 2635 1390 2639 .
1409 2596 1656 2637 contemplativa
1671 2620 1680 2635 ‚
1702 2595 1905 2636 appetitionis
1927 2597 2053 2637 propria
2066 2622 2076 2638 ,
2095 2597 2219 2638 activa3
2241 2607 2379 2639 quarum
2392 2599 2459 2632 sin·

1409 2655 1492 2694 gulae
1517 2664 1629 2686 rursus
1654 2655 1853 2687 dividuntur.
1898 2658 1979 2688 Nam
1999 2656 2227 2697 contemplatio
2245 2657 2385 2698 primum
2407 2658 2461 2691 vel

1407 2707 1520 2746 'veram
1549 2713 1623 2746 vitae
1645 2714 1802 2746 rationem
1830 2717 1861 2746 et
1892 2714 2126 2747 institutionem
2153 2715 2204 2747 vel
2226 2715 2314 2756 quod
2339 2715 2459 2749 dicitur

1411 2774 1486 2805 vilae
1506 2773 1690 2805 institutum
1715 2775 1851 2813 tractat;
1874 2774 1922 2805 vel
1942 2782 2016 2814 quae
2042 2774 2081 2805 ad
2102 2774 2182 2806 illud
2208 2773 2295 2816 quod
2316 2775 2457 2816 petimus

1409 2832 1672 2873 consequendum
1692 2832 1850 2873 pertinent
1872 2832 1936 2872 (ad
1958 2842 2032 2874 quae
2052 2834 2191 2866 virtutes
2219 2837 2252 2866 et
2279 2832 2358 2866 vitia
2373 2835 2458 2867 ret'e·

1408 2891 1551 2932 runtur)‚
1566 2891 1616 2923 vel
1637 2890 1806 2932 qualitates
1817 2891 1993 2923 secundum
2010 2892 2148 2925 virtutes
2160 2917 2171 2932 ,
2186 2893 2272 2933 quod
2293 2887 2456 2935 proprium

1408 2959 1446 2981 ac
1480 2949 1638 2990 peculiare
1671 2953 1826 2988 vocatur;
1858 2951 1908 2982 vel
1943 2951 2029 2982 artes
2062 2953 2094 2983 et
2128 2951 2245 2983 studia.
2290 2952 2456 2985 Virtutum

1410 3018 1507 3049 porro
1535 3009 1682 3041 tractatio
1705 3009 1817 3050 partim
1851 3009 2033 3041 communis
2058 3011 2126 3049 est,
2159 3011 2278 3051 partim
2309 3012 2457 3053 propriu

1409 3067 1591 3099 communis
1613 3067 1762 3108 quidem,
1776 3070 1813 3099 ut
1826 3067 1865 3099 de
1882 3067 2023 3107 justitia,
2040 3068 2079 3100 de
2092 3068 2294 3109 fortitudine,
2314 3069 2355 3101 de
2371 3072 2456 3102 tem-

1408 3127 1572 3166 perantia,
1592 3127 1633 3158 de
1654 3126 1819 3166 prudentia
1846 3127 1878 3158 et
1895 3126 1984 3166 aliis3
2007 3126 2135 3167 propria
2157 3136 2233 3159 vero
2259 3127 2454 3162 adhortatio-

1407 3195 1478 3217 nem
1501 3186 1735 3227 complectitur,
1756 3194 1829 3227 quae
1848 3185 1998 3217 virtutem
2016 3195 2054 3217 ac
2081 3186 2195 3218 vitium
2224 3187 2383 3220 duntaxat
2400 3186 2454 3220 de-

1408 3246 1578 3277 monstrat.
1624 3246 1664 3277 Et
1686 3245 1914 3286 contemplatio
1934 3243 2063 3285 quidem
2080 3245 2278 3285 singulorum
2291 3245 2454 3286 dignitatis

1406 3304 1436 3334 in
1458 3305 1506 3335 tot
1524 3304 1684 3344 generales
1703 3304 1790 3336 locos
1808 3305 1947 3344 secatur,
1967 3303 2124 3344 siquidem
2142 3304 2299 3336 bonorum
2317 3304 2407 3337 locus
2422 3306 2455 3337 et

1406 3364 1565 3396 malorum
1586 3365 1702 3397 multas
1721 3364 1895 3397 divisiones
1914 3365 2057 3397 continet
2070 3388 2080 3406 ,
2099 3367 2135 3397 ut
2152 3358 2192 3398 de
2212 3365 2375 3407 productis
2387 3389 2395 3404 ‚
2413 3365 2454 3398 de

1408 3423 1568 3463 amicitia,
1589 3424 1629 3455 de
1648 3425 1834 3464 voluptate,
1851 3424 1891 3455 de
1906 3423 2023 3464 gloria,
2041 3423 2080 3455 de
2097 3422 2181 3454 bona
2198 3422 2315 3455 indole.
2360 3425 2449 3461 Quo-

1404 3481 1489 3513 circa
1509 3481 1607 3514 etiam
1627 3482 1667 3513 ad
1685 3482 1792 3514 locum
1809 3481 1849 3515 de
1868 3481 2008 3514 amicilia
2026 3481 2119 3514 refert
2139 3481 2286 3514 Eudorus
2304 3480 2347 3514 ob
2365 3481 2452 3514 simi·
