2606 3828
367 250 443 285 270

364 331 610 387 χαρακτήρων.
646 332 718 369 Sed
750 340 790 368 ut
818 330 946 380 qualia
981 328 1193 365 doctissimi
1223 327 1303 365 viri
1345 326 1392 364 de

364 381 527 441 singulis
545 390 798 442 philosophiae
818 389 1107 435 litterarumque
1123 385 1298 435 partibus
1314 399 1394 423 me-

364 450 436 487 rita
467 449 629 494 fuerint,
660 446 707 484 ab
727 444 904 482 omnibus
924 443 1174 491 intelligatur,
1199 455 1278 479 non
1306 443 1393 480 illo-

365 521 450 545 rum
469 506 706 544 voluminum
732 503 904 541 ordinem
923 514 1143 551 sequemur,
1171 500 1236 538 sed
1253 502 1396 552 scripta

363 567 447 616 ejus
471 564 678 615 generatim
709 561 893 612 disposita
925 558 1210 599 exhibebimus.
1239 559 1324 605 Qua
1351 560 1392 597 in

364 643 405 667 re
422 629 540 666 multa
556 626 691 664 menda
711 624 851 674 quibus
869 622 1011 659 Lacu-tii
1031 622 1154 660 oratio
1172 631 1288 660 scatet
1307 637 1397 674 pro-

362 687 462 725 batis
488 699 624 734 magna
652 697 699 720 ex
732 689 840 733 parte
872 680 1038 718 aliorum
1067 679 1302 731 conjecturis
1331 690 1395 720 aut
1443 686 1446 689 ⁴

364 754 494 783 nostro
514 743 632 780 Marte
649 740 899 788 corrigemus.

659 864 688 901 Ι.
709 862 859 914 Scripta
878 862 1084 902 rhetorica.

414 989 696 1040 Comprehensa
721 995 831 1024 erant
852 986 981 1024 omnia
1009 994 1112 1024 tomo
1132 987 1262 1038 primo
1282 997 1395 1039 atque

362 1049 438 1085 haec
458 1049 570 1086 fuisse
589 1047 763 1083 feruntur
783 1058 791 1084 :

415 1106 464 1158 (1)
485 1105 564 1157 περὶ
587 1104 706 1149 λέξεως
735 1102 757 1150 ἢ
778 1102 858 1155 περὶ
880 1103 1129 1157 χαρακτήρων.
1158 1106 1214 1143 De
1240 1105 1394 1144 dicendi

358 1164 574 1214 generibus.

413 1223 463 1274 (2)
482 1220 605 1268 Αἴαςῆ
622 1220 770 1264 Αἴαντος
788 1220 898 1271 λόγος.

412 1281 460 1333 (3)
476 1278 664 1323 Ὀδυσσεὺς
682 1279 704 1326 ἢ
728 1278 924 1322 Ὀδυσσέως
944 1279 1042 1330 λόγος
1059 1278 1091 1331 (1
1103 1279 1177 1331 19).

409 1338 459 1392 (4)
482 1339 648 1391 Ὀρέστου
668 1337 838 1389 ἀπολογία
857 1337 879 1383 ἢ
896 1337 975 1389 περὶ
997 1340 1065 1376 τῶν
1080 1338 1309 1391 δικογράφων.

411 1397 460 1450 (5)
482 1396 682 1448 Ἰσογραφία
702 1396 724 1443 ἢ
745 1395 877 1439 Λυσίας
896 1395 954 1434 καὶ
986 1396 1205 1448 Ἰσοκράτης.

410 1456 466 1493 Ita
494 1455 739 1493 scribendum
783 1455 937 1492 videtur
979 1468 1051 1504 pro
1083 1454 1392 1494 membranarum
1422 1481 1423 1503 3

357 1514 520 1551 lectione
534 1512 721 1565 Ἰσογραφὴ
742 1511 764 1559 ἢ
780 1512 903 1556 Δεσίας
921 1512 943 1559 ἢ
964 1513 1184 1564 Ἰσοκράτης.
1201 1513 1391 1552 Caeterum
1422 1507 1424 1539 ἶ

354 1572 433 1622 jam
455 1570 775 1622 Wyttenbachius
802 1572 847 1608 ad
868 1571 1067 1609 Plutarchi
1096 1572 1231 1610 Moral.
1250 1585 1288 1623 p.
1317 1574 1393 1622 390

358 1632 419 1671 ed.
440 1631 566 1669 Oxon.
582 1644 654 1682 pro
674 1630 800 1675 Δεσίας
824 1631 901 1680 legi
917 1630 1087 1681 jusserat
1106 1630 1254 1674 Λυσίας.
1288 1631 1390 1669 Fue-
1423 1627 1424 1630 ¹

359 1699 449 1728 runt
482 1691 597 1728 etiam
633 1689 738 1742 (120)
766 1690 833 1740 qui
862 1689 988 1727 deleto
1020 1691 1178 1727 nomine
1202 1689 1392 1742 Ἰσογραφὴ

358 1758 535 1800 quartum
563 1749 716 1787 titulum
739 1746 909 1799 Ὀρέστου
923 1747 1109 1799 ἀπολογία,
1130 1748 1309 1799 quintum
1325 1762 1394 1786 au-

359 1816 433 1845 tem
453 1806 532 1858 περὶ
560 1808 626 1844 τῶν
653 1806 869 1858 δικογράφων
895 1805 918 1853 ἢ
947 1806 1080 1850 Λυσίας
1102 1806 1162 1844 καὶ
1189 1806 1394 1858 Ἰσοκράτης
1423 1834 1425 1858 3
1455 1847 1623 1886 insertus
1638 1854 1721 1885 emt
1763 1845 1907 1895 reliqui
1929 1853 2032 1882 tomo
2051 1845 2217 1896 septimo

1731 1874 1742 1893 ‚
2220 1875 2230 1886 .

358 1865 746 1904 esse'arbitrarentur.
765 1865 839 1903 Sed
857 1878 918 1903 res
937 1866 1085 1904 incerta
1107 1875 1177 1904 est.

412 1924 464 1976 (6)
486 1922 580 1976 Πρὸς
615 1923 673 1961 τὸν
693 1923 912 1975 Ἰσοκράτους
940 1923 1170 1977 Ἀμάρτυρον.
1199 1924 1267 1963 Est
1290 1925 1394 1962 enim

358 1983 458 2020 inter
477 1981 682 2020 Isocrateas
700 1982 825 2020 oratio
847 1995 925 2020 una
943 1991 981 2020 et
1006 1983 1192 2021 vicesima
1212 1996 1297 2033 quae
1325 1984 1394 2021 in-
1422 1977 1424 2031 Ξ

359 2041 544 2080 scribitur
559 2040 643 2092 πρὸς
655 2039 832 2079 Εὐθύνοον
845 2041 879 2079 Ἀ
886 2040 1075 2093 μάρτυρος,
1096 2042 1201 2092 quod
1222 2041 1394 2080 vocabu-

357 2101 436 2138 lum
457 2112 608 2138 causam
625 2100 708 2137 sine
723 2099 884 2138 testibus
906 2100 967 2149 agi
996 2100 1179 2139 declarat.
1198 2100 1291 2138 Eam
1316 2101 1394 2150 igi-

358 2169 422 2198 tur
455 2159 666 2196 orationem
713 2157 958 2196 Antisthenes
1007 2159 1221 2211 composito
1258 2159 1394 2198 libello
1422 2175 1423 2183 ¹

358 2216 577 2267 exagitavit·
598 2216 725 2262 Quum
745 2225 869 2255 autem
899 2218 942 2255 in
962 2218 1031 2255 illa
1060 2231 1176 2256 causa
1201 2228 1395 2269 quaeratur
1422 2221 1423 2239 ;
1455 2202 1618 2239 mortuis
1639 2199 1762 2237 habiti
1782 2199 1824 2237 in
1843 2198 1963 2237 vitam
1989 2197 2204 2238 redierunt.
2223 2197 2321 2237 Vide
2350 2198 2496 2238 Demo-

358 2276 405 2313 de
424 2277 586 2326 pecunia
605 2274 778 2326 deposita
797 2275 1091 2327 (παρακαταθήκῃ
1107 2276 1134 2329 ),
1152 2289 1246 2315 vero
1268 2278 1396 2328 proxi·
1421 2286 1423 2320 J

358 2347 462 2373 mum
481 2342 538 2372 est
566 2333 772 2372 Isocratem
802 2334 850 2371 ad
866 2334 1104 2373 Antisthenis
1124 2336 1394 2374 cavillationes

360 2392 606 2442 respondisse
634 2392 696 2430 his
717 2391 847 2430 verbis
865 2405 951 2443 quae
976 2402 1127 2432 exstant
1145 2395 1187 2431 in
1215 2394 1392 2445 Panegy·
1421 2424 1423 2464 Ξ
1454 2437 1747 2476 immortalitate
1772 2435 1990 2486 disputasse
2017 2442 2132 2484 atque
2157 2446 2206 2471 eo
2238 2434 2383 2473 referre
2411 2448 2494 2474 sen-

359 2451 442 2488 rico
467 2449 507 2501 [S
527 2450 593 2501 88]
628 2464 636 2487 τ
664 2448 742 2493 τοὺς
784 2450 821 2488 δὲ
843 2453 912 2488 τῶν
949 2451 1061 2503 λόγων
1090 2452 1395 2504 ἀμφισὸητοῦντας

361 2506 472 2560 (χρὴ)
490 2506 574 2559 πρὸς
591 2506 653 2556 μὲν
667 2505 727 2553 τὴν
742 2508 1044 2560 παρακαταθήκην
1066 2508 1126 2547 καὶ
1143 2509 1222 2561 περὶ
1242 2511 1312 2548 τῶν
1328 2510 1394 2548 ἄλ-

358 2566 428 2603 λων
447 2558 494 2602 (ἷν
514 2567 571 2602 νῦν
595 2566 787 2617 φλυαροῦσι
807 2565 977 2606 παύεσθαι
1003 2562 1215 2620 γράφοντας,
1242 2568 1327 2621 πρὸς
1357 2568 1393 2607 δὲ

359 2626 476 2661 τοῦτον
499 2622 556 2660 τὸν
580 2622 681 2673 λόγον
703 2626 877 2663 ποιεῖσθαι
907 2625 970 2672 τὴν
993 2626 1144 2676 ἅμιλλαν
1162 2629 1221 2666 καὶ
1251 2633 1392 2666 σκοπεῖν

360 2680 453 2725 ὅπως
465 2680 601 2731 ἄμεινον
616 2682 699 2731 ἐμοῦ
718 2682 798 2734 περὶ
812 2684 880 2720 τῶν
895 2684 1007 2723 αὐτῶν
1019 2685 1235 2737 πραγμάτων
1247 2687 1393 2738 ἐροῦσιν,

361 2738 627 2789 ἐνθυμουμένους
643 2738 695 2777 ὅτι
709 2741 779 2782 τοῖς
799 2739 935 2790 μεγάλα
957 2743 1240 2795 ὑπισχνουμένοις
1258 2745 1295 2782 οὗ
1309 2745 1393 2797 πρέ-

361 2812 418 2834 πει
434 2796 514 2849 περὶ
534 2796 642 2848 μικρὰ
661 2796 847 2848 διατρίὸειν
869 2800 947 2837 κτλ.

652 2918 702 2958 11.
720 2919 869 2970 Scripta
887 2919 1100 2958 dialectica.

414 3040 716 3079 Continebantur
744 3049 848 3078 tomo
866 3040 922 3080 Vl
937 3050 974 3078 et
990 3050 1097 3092 parte
1114 3044 1207 3081 tomi
1224 3043 1309 3084 Vll.

416 3100 469 3150 (7)
490 3098 664 3146 Ἀλήθεια.
687 3099 858 3150 Apparet
875 3099 1138 3138 Antisthenem
1152 3102 1259 3140 illam
1272 3117 1390 3154 quam

361 3165 626 3210 composuerat
649 3156 905 3209 philosophiae
925 3157 1126 3196 formulam
1146 3159 1219 3197 hoc
1237 3162 1390 3212 potissi·

1097 239 1401 279 CYNICORUM
1432 238 1762 281 FRAGMENTA.

1458 340 1562 365 mum
1593 341 1710 380 opere
1735 328 1960 380 explicasse.
1981 328 2066 367 Vid.
2088 330 2224 382 fragm.
2248 333 2311 378 46.
2338 340 2403 384 47.
2426 337 2494 383 48.

1457 389 1522 435 49.
1544 385 1608 426 50.

1511 446 1561 498 (8)
1580 445 1661 497 περὶ
1676 449 1737 484 τοῦ
1755 444 1977 497 διαλέγεσθαι
1989 448 2215 499 ἀντιλογικός.

1512 504 1563 556 (9)
1586 505 1712 543 Σάθων
1746 504 1768 551 ἢ
1799 504 1878 556 περὶ
1909 510 1969 546 τοῦ
1988 506 2190 558 ἀντιλέγειν
2223 508 2256 548 α’
2283 509 2317 563 β’
2335 510 2383 562 γ’.
2403 511 2495 555 Vid.

1458 562 1593 612 fragm.
1614 568 1677 606 41.
1704 569 1769 607 42.
1791 563 1855 607 43.
1882 568 1943 608 44.
1966 564 2032 609 45.

1509 621 1586 672 (ιο)
1607 620 1686 671 περὶ
1704 619 1898 662 διαλέκτου.
1925 622 1981 661 De
1995 622 2211 664 disserendi
2228 627 2395 668 ratione.

1509 679 1541 731 (1
1553 680 1583 732 1)
1601 680 1680 732 περὶ
1693 680 1852 724 παιδείας
1869 680 1892 728 ἢ
1911 682 2092 730 ὀνομάτων
2114 683 2147 722 α’
2165 684 2200 738 β’
2217 684 2252 736 γ’
2264 684 2295 725 δ’
2309 684 2351 728 ι’.
2366 687 2495 734 Quum

1457 739 1703 777 Antisthenes
1742 739 1894 779 sublata
1939 741 2166 783 definitione
2199 745 2299 784 nihil
2334 746 2407 786 ulli
2437 749 2499 788 rei

1458 807 1595 850 praeter
1616 812 1695 837 rem
1713 799 1834 851 ipsam
1849 800 1970 840 tribui
1988 803 2103 842 vellet
2120 803 2241 855 (121),
2257 804 2307 843 ad
2325 805 2498 856 singula·

1458 870 1542 895 rum
1563 871 1693 895 rerum
1722 858 1803 896 vim
1823 868 2079 912 naturamque
2101 862 2350 914 aperiendam
2367 864 2495 903 solum

1459 929 1599 954 nomen
1615 917 1944 957 accommodatum
1960 932 2044 958 esse
2065 920 2286 962 videbatur.
2307 921 2500 969 Quocirca

1457 975 1654 1025 postulare
1672 975 1852 1023 debehat,
1869 985 1912 1015 ut
1926 990 2039 1016 suum
2060 980 2202 1030 cuique
2217 981 2274 1018 rei
2286 988 2326 1019 et
2341 980 2514 1033 aptissi·,

1422 1073 1423 1095 ζ
1459 1047 1563 1071 mum
1585 1047 1728 1072 nomen
1754 1035 2032 1087 imponeretur.
2057 1036 2191 1090 Itaque
2213 1039 2341 1079 omnis
2368 1041 2498 1080 erudi-

1422 1103 1423 1115 ³
1458 1093 1576 1131 tionis
1601 1093 1759 1132 initium
1799 1095 2003 1134 nominum
2030 1097 2381 1137 considerationem
2413 1111 2498 1139 esse

1421 1149 1424 1187 ἶ
1457 1151 1577 1200 dixit,
1599 1152 1766 1203 ideoque
1794 1152 1842 1191 de
1867 1166 1961 1191 vera
1989 1153 2268 1194 vocabulorum
2299 1156 2495 1207 significa-

1457 1212 1562 1248 tione
1591 1210 1765 1261 quinque
1798 1210 1916 1262 hujus
1942 1214 2074 1264 operis
2107 1212 2219 1252 libris
2251 1222 2291 1253 et
2317 1227 2365 1253 eo
2391 1214 2498 1267 quod

1422 1292 1423 1329 ἦ
1458 1269 1632 1320 sequitur
1648 1269 1835 1321 opusculo
1851 1270 2045 1322 exposuit.
2063 1269 2160 1310 Vide
2180 1271 2316 1322 fragm.
2343 1273 2409 1324 39.
2430 1279 2495 1320 4ο.

1515 1326 1592 1379 (12)
1613 1326 1693 1379 περὶ
1710 1326 1891 1377 ὀνομάτων
1911 1328 2072 1381 χρήσεως
2102 1329 2125 1376 ἢ
2142 1330 2310 1382 ἐριστικός
2328 1330 2442 1385 (122).

1509 1384 1590 1436 (13)
1609 1383 1690 1437 περὶ
1707 1384 1908 1437 ἐρωτήσεως
1923 1386 1984 1424 καὶ
2000 1385 2228 1438 ἀποκρίσεως.

1510 1444 1587 1496 (14)
1607 1444 1688 1497 περὶ
1708 1443 1806 1492 δόξης
1825 1444 1885 1484 καὶ
1904 1445 2101 1496 ἐπιστήμης
2120 1446 2154 1485 α’
2177 1445 2210 1499 β’
2225 1445 2258 1498 γ’
2277 1445 2320 1486 δ’.

1510 1502 1588 1555 (15)
1619 1503 1714 1548 δόξαι
1733 1502 1756 1550 ἢ
1775 1503 1954 1556 ἐριστικός.

1512 1564 1591 1615 (16)
1620 1562 1699 1615 περὶ
1720 1566 1780 1602 τοῦ
1806 1562 1990 1614 μανθάνειν
2010 1562 2263 1617 προὸλήματα.

1748 1681 1823 1718 111.
1851 1679 2002 1732 Scripta
2027 1682 2202 1732 physica.

1511 1788 1588 1839 (17)
1619 1785 1699 1838 περὶ
1714 1785 1810 1839 ζῴων
1830 1784 1976 1838 φύσεως.
1995 1785 2067 1823 Hic
2082 1784 2184 1823 liber
2198 1793 2302 1824 tomo
2326 1784 2496 1825 secundo

1508 1906 1586 1958 (18)
1605 1905 1685 1959 περὶ
1707 1907 1766 1943 τοῦ
1785 1903 1982 1943 ἀποθανεῖν.

1511 1964 1591 2015 (19)
1621 1963 1700 2017 περὶ
1719 1966 1809 2011 ζωῆς
1823 1961 1883 2002 καὶ
1904 1963 2067 2002 θανάτου.

1509 2023 1588 2077 (20)
1618 2023 1698 2077 περὶ
1724 2024 1794 2060 τῶν
1815 2023 1849 2060 ἓν
1870 2020 1990 2078 ᾍδου.
2028 2021 2280 2073 Exploratum
2304 2021 2421 2061 nobis
2437 2031 2496 2061 est

1422 2076 1425 2109 3
1455 2083 1622 2122 edidisse
1635 2082 1768 2134 plures
1781 2089 1955 2119 veterum
1969 2080 2017 2118 de
2030 2080 2167 2119 inferis
2181 2082 2494 2130 commentarios,

1422 2124 1424 2141 i

1455 2142 1599 2194 quibus
1635 2153 1771 2179 eorum
1801 2139 2002 2178 historiam
2045 2147 2279 2186 tractarunt,
2303 2139 2384 2191 'qui
2418 2153 2494 2192 pro

1456 2260 1545 2297 criti
1563 2260 1776 2308 fragmenta
1793 2272 1833 2310 p.
1863 2263 1935 2302 114
1957 2270 2039 2308 seq.
2066 2251 2147 2295 Sed'
2160 2257 2275 2308 quale
2299 2258 2495 2298 Antisthe-

1421 2326 1423 2331 '
1455 2319 1517 2357 nis
1547 2318 1733 2356 volumen
1765 2318 1910 2364 fuerit,
1945 2316 2139 2354 declarare
2169 2330 2248 2355 non
2291 2317 2492 2361 audemus.

1453 2378 1583 2417 Possis
1603 2386 1733 2415 tamen
1758 2376 1977 2428 suspicari,
1998 2388 2086 2413 eum
2117 2374 2174 2414 ibi
2202 2375 2251 2414 de
2277 2378 2493 2422 animarum

1453 2495 1634 2543 tentiam,
1655 2493 1766 2544 cujus
1797 2492 1974 2530 meminit
1997 2491 2230 2531 Scholiastes
2252 2491 2419 2532 Venetus
2442 2494 2494 2533 ad

1453 2554 1567 2594 Iliad.
1590 2553 1662 2592 lib.
1690 2552 1820 2592 XXIII
1836 2582 1846 2600 ,
1869 2552 1936 2591 65.
1968 2551 2104 2589 Fertur
2122 2552 2226 2589 enim
2245 2552 2493 2593 Antisthenes

1453 2613 1697 2654 contendisse
1710 2642 1721 2661 ,
1739 2614 1887 2651 animas
1909 2612 1957 2650 ad
1979 2615 2187 2663 corporum
2206 2611 2250 2650 in
2268 2611 2412 2662 quibus
2429 2613 2493 2652 in-

1453 2675 1569 2714 clusae
1590 2681 1680 2712 sunt
1695 2672 1992 2711 similitudinem
2007 2683 2091 2709 esse
2105 2670 2376 2711 conformatas.
2392 2672 2494 2712 Vide

1453 2734 1589 2783 fragm.
1613 2732 1678 2772 33.

1507 2793 1585 2846 (21)
1606 2789 1686 2842 περὶ
1714 2788 1849 2842 φύσεως
1879 2787 1911 2826 α’
1934 2787 1983 2839 β’.
2017 2787 2108 2826 Sine
2133 2788 2399 2826 controversia
2428 2788 2498 2827 hie

1453 2852 1554 2890 liber
1567 2851 1671 2890 idem
1687 2857 1759 2898 est,
1772 2861 1887 2899 quem
1902 2847 2040 2886 Cicero
2056 2856 2095 2884 et
2108 2846 2330 2885 Lactantius
2348 2846 2491 2898 Physi-

1453 2925 1540 2949 cum
1554 2915 1710 2948 vocant.
1730 2907 1820 2947 vid.
1841 2907 1976 2956 fragm.
1998 2911 2064 2950 24.

1504 2970 1584 3022 (22)
1615 2967 1783 3022 ἐρώτημα
1796 2966 1878 3020 περὶ
1899 2965 2032 3019 φύσεως
2051 2965 2083 3003 α’
2105 2963 2152 3017 β’.

1637 3079 1702 3119 IV.
1722 3078 1874 3130 Scripta
1894 3077 2056 3116 moralia
2072 3085 2110 3116 et
2127 3076 2302 3139 politica.

1505 3186 1635 3237 Libri,
1651 3198 1750 3237 quos
1765 3185 1813 3224 de
1844 3184 2021 3223 moribus
2042 3197 2086 3222 ac
2101 3183 2149 3222 de
2167 3181 2370 3234 republica
2392 3182 2490 3221 scri·

1450 3247 1529 3297 psit
1546 3246 1792 3284 Antisthenes
1807 3273 1819 3292 ,
1839 3257 1919 3282 non
1940 3243 2066 3282 solum
2084 3255 2269 3288 numer-0,
2287 3240 2355 3280 sed
2373 3241 2488 3279 etiam

360 3323 504 3356 biblioth.
521 3323 691 3356 Alexandr.
709 3333 741 3365 p.
760 3326 819 3356 135
845 3332 913 3364 seq.
927 3341 970 3349 —
987 3324 1075 3366 (119)
1103 3325 1245 3358 cobetus
1257 3327 1390 3360 inseruit
1450 3306 1678 3343 auctoritate
1693 3313 1731 3342 et
1749 3303 1936 3353 gravitate
1955 3303 2103 3341 caeteris
2118 3301 2204 3353 ejus
2223 3299 2373 3350 ingenii
2403 3304 2502 3337 mo-'

360 3371 381 3408 ἢ
398 3369 483 3410 quod
498 3369 693 3403 desideratur
712 3371 746 3403 in
761 3371 966 3403 membranis.
982 3389 1026 3395 —-
1043 3373 1126 3412 (120)
1139 3372 1199 3404 Ad.
1219 3373 1337 3405 Miiiler
1357 3374 1390 3406 in

361 3416 581 3449 dissertatione
590 3417 630 3448 de
644 3417 829 3450 Antisthene
845 3426 915 3458 pag.
934 3422 985 3450 35.
1000 3435 1042 3441 —
1055 3417 1140 3459 (121)
1158 3419 1248 3451 Plato
1263 3421 1387 3453 Theaet.

1450 3437 1497 3457 ναι
1528 3426 1623 3467 λόγῳ
1655 3427 1692 3458 οὐ
1720 3427 1778 3468 γὰρ
1800 3427 1879 3457 εἶναι
1896 3426 1993 3467 αὐτῷ)
2014 3425 2079 3456 ἀλλ’
2095 3424 2126 3463 ἢ)
2147 3422 2350 3463 ὀνομάζεσθαι
2379 3422 2484 3465 μόνον·

362 3472 396 3504 p.
415 3467 474 3495 202
490 3466 514 3496 Α
530 3467 603 3495 τνῦν
615 3464 648 3495 δὲ
663 3463 810 3497 ἀδύνατον
828 3464 915 3506 εἷναιζ
930 3465 1032 3497 ὁτιοῦν
1051 3469 1112 3498 τῶν
1141 3466 1272 3507 πρώτων
1293 3464 1388 3508 ῥηθῆ-

1447 3472 1546 3513 ὂνομα
1574 3474 1633 3515 γὰρ
1669 3473 1761 3513 μόνον
1787 3473 1880 3514 ἔχειν.
1905 3489 1947 3495 -
1967 3471 2071 3512 (122)
2102 3472 2122 3509 ἢ
2146 3470 2238 3510 ejecit
2265 3469 2419 3503 cobetus.
2444 3485 2484 3493 ·-
