2638 3840
323 274 340 305 4
350 273 370 305 2
1197 267 1362 306 TIMAEI

319 372 426 405 σατο,
456 357 600 410 ἔγγιστα
633 358 781 411 σφαίρας
816 358 883 398 ε’όν.
942 359 1022 408 Πῦρ
1048 349 1158 406 μὲνγ
1132 371 1179 394 ων
1209 355 1266 395 διὰ
1297 355 1360 394 τὰν

318 387 553 470 λεπτόμερίαν
571 417 627 456 διὰ
644 416 785 457 πάντων
806 421 910 466 ἡκεν,
933 414 1003 468 ἀηρ
1023 430 1058 452 τε
1082 414 1139 452 διὰ
1153 417 1221 452 τῶν
1245 414 1361 454 ἄλλοιν

321 474 387 520 ἔξω
422 474 547 529 πυρός,
573 475 666 528 ὕδωρ
697 475 732 514 δὲ
757 475 812 514 διὰ
832 480 894 517 τᾶς
922 489 999 525 γας.
1055 470 1218 511 Ἅπαντα
1252 474 1282 511 δ’
1313 489 1362 512 ων

319 534 439 587 πλήρη
461 533 552 582 ἐντί,
584 534 680 573 οὐδὲν
706 533 821 572 κενεὸν
855 531 1107 572 ἀπολείποντα.
1166 531 1361 584 Συνάγεται

318 592 355 632 δὲ
375 600 419 648 τᾷ
449 601 620 648 περιφορᾷ
646 596 696 631 τῶ
720 591 867 640 παντός,
900 591 960 630 καὶ
984 591 1175 644 ἠρεισμένα
1206 591 1363 644 τρίὸεται

318 652 381 704 μὲν
400 652 595 704 ἆμοιὸαδόν
609 683 620 703 ,
652 653 872 691 ἀδιάλειπτον
899 650 935 689 δὲ
963 650 1149 690 ἀλλοίωσιν
1168 650 1249 689 ποτὶ
1267 651 1362 703 γενέ·

316 727 393 756 σιας
411 711 471 750 καὶ
484 711 610 765 φθορὰς
625 710 830 750 ἀποδίδωσι.

367 771 389 820 §
418 785 447 809 ο.
481 769 626 813 Ἰούτοις
653 770 689 808 δὲ
720 769 989 821 ποτιχρεόμενος
1016 771 1034 807 ὃ
1070 769 1144 813 θεὸς
1169 769 1268 808 τόνδε
1294 769 1353 808 τὸν

315 829 446 880 κόσμον
466 844 612 868 κατεσκε
600 827 737 885 εύαξεν,
764 828 873 867 ἁπτὸν
896 828 958 879 μὲν
977 828 1034 867 διὰ
1054 828 1117 867 τὰν
1137 835 1224 880 γᾶν,
1240 828 1362 882 ὁρατὸν

314 887 350 926 δὲ
370 887 426 925 διὰ
446 888 485 926 τὸ
504 891 592 940 πῦρ,
612 887 738 939 ἅπερ
720 885 780 925 ούο
794 887 898 939 ἄκρα.
957 889 1012 926 Δι’
1030 886 1127 939 ἀέρος
1142 886 1178 925 δὲ
1197 887 1258 926 καὶ
1279 886 1363 925 ὕδα-

314 962 370 990 τος
386 945 600 993 συνεδησατο
617 946 736 999 δεσμῶ
755 945 931 998 κρατίστῳ
950 945 1144 999 ἀναλογία,
1164 945 1185 983 ἃ
1206 945 1266 984 καὶ
1291 948 1361 983 αὖ-

319 1004 381 1042 τὰν
416 1004 475 1043 καὶ
506 1003 550 1043 τὰ
578 1005 622 1042 δι’
644 1008 751 1047 αὑτᾶς
781 1004 996 1056 κρατεόμενα
1025 1003 1169 1057 συνέχεν
1202 1003 1359 1043 δύναται.

319 1065 364 1103 Εἰ
383 1063 444 1115 μὲν
466 1055 513 1101 ὦν
540 1062 701 1102 ἐπίπεδον
722 1062 774 1109 εἴη
800 1079 839 1101 το
865 1062 1107 1111 συνδεόμενον,
1128 1062 1192 1113 μία
1216 1063 1363 1114 μεσότἈς

319 1123 423 1161 ἱκανά
453 1124 562 1160 ἐστιν’
595 1123 631 1160 αἶ
662 1122 698 1160 δέ
728 1137 774 1160 κα
795 1121 957 1175 στερεόν,
989 1122 1049 1162 δύο
1075 1121 1217 1175 χρῇσει.
1275 1121 1363 1160 Δυσὶ

317 1181 359 1229 δὴ
388 1181 505 1232 μέσοις
539 1180 599 1220 δύο
633 1181 723 1233 ἄκρα
755 1180 1014 1235 ξυναρμόξατο,
1029 1181 1116 1225 ὅκως
1134 1180 1187 1227 εἴη
1217 1182 1263 1223 ὡς
1291 1184 1359 1231 πῦρ

313 1241 391 1279 ποτ’
419 1241 528 1293 ἀέρα,
557 1240 628 1294 ἀὴρ
646 1242 727 1279 ποτὶ
748 1239 840 1294 ὕδωρ
874 1240 934 1279 καὶ
961 1240 1054 1293 ὕδωρ
1076 1241 1155 1279 ποτὶ
1187 1246 1278 1291 γᾶν,
1303 1240 1362 1277 καὶ

319 1299 397 1338 κατ’
433 1299 652 1351 ἐναλλαγάν,
674 1302 721 1343 ὡς
751 1305 821 1352 πῦρ
841 1299 922 1339 ποτὶ
955 1299 1061 1352 υδωρ,
1083 1299 1150 1352 ἀὴρ
1172 1314 1252 1337 ποτι
1272 1305 1361 1348 γᾶν,

318 1359 378 1397 καὶ
400 1359 600 1410 ἀνάπαλιν,
621 1360 668 1402 ὡς
686 1365 733 1410 γᾶ
755 1374 838 1397 ποτι
855 1357 960 1411 ὕδωρ,
991 1358 1084 1412 ὕδωρ
1099 1358 1175 1398 ποτ’
1198 1358 1283 1411 ἀέρα
1303 1358 1363 1395 καὶ

318 1419 387 1471 ἀὴρ
407 1417 487 1456 ποτὶ
507 1420 594 1470 πῦρ,
613 1417 672 1456 καὶ
691 1420 770 1456 κατ’
788 1418 1001 1471 ἐναλλαγοίν,
1025 1421 1072 1462 ὡς
1092 1424 1138 1469 γᾶ
1157 1419 1235 1455 ποτ’
1253 1416 1340 1469 ἀέρα
1355 1447 1363 1463 ,

318 1478 410 1529 ὕδωρ
429 1477 510 1515 ποτὶ
540 1482 623 1528 πῦρ.
680 1477 741 1515 καὶ
772 1476 847 1515 ἐπει
882 1476 1051 1527 δυνάμι”
1037 1492 1095 1515 ισα
1122 1477 1192 1515 ἐντὶ
1225 1476 1361 1522 πάντα,

317 1551 371 1574 τοι
396 1536 493 1585 λόγοι
513 1537 626 1574 αὐτῶν
648 1537 683 1574 ἐν
715 1534 875 1588 ἰσονομία
895 1535 977 1574 ε’ντί.
1036 1529 1099 1579 Εἷς
1119 1534 1180 1585 μὲν
1199 1538 1246 1573 ὠν
1268 1534 1323 1573 όδε
1348 1537 1365 1572 ὁ

320 1595 448 1645 κόσμος
469 1594 636 1647 δαιμονίῳ
660 1595 779 1647 δεσμῶ
799 1610 848 1632 τω
869 1593 935 1632 ἀνὰ
963 1593 1101 1646 λόγον’
1085 1594 1196 1633 εστίν.
1244 1592 1363 1632 Ἕκα-

322 1669 402 1692 στον
438 1652 473 1692 δὲ
500 1655 569 1691 τῶν
590 1653 759 1705 τεττόρων
791 1653 966 1702 σωμάτων
987 1651 1102 1692 πολλὰ
1131 1651 1223 1691 εἴδεα
1253 1651 1364 1705 ἴσχει,

320 1716 390 1765 πῦρ
408 1711 472 1763 μὲν
487 1711 599 1766 φλόγα
619 1728 679 1751 και
697 1714 767 1764 φῶς
785 1727 846 1750 και
863 1711 996 1764 αὐγάν,
1016 1711 1073 1751 διὰ
1093 1711 1194 1750 τὰν’
1174 1711 1364 1758 ανισότητα

321 1788 391 1810 των
429 1773 462 1810 ἐν
496 1770 634 1824 ἑκάῦτω
668 1786 782 1832 αυῖῳν
803 1786 996 1823 τριγώνων·
1033 1770 1212 1808 κατταυτά
1234 1786 1271 1808 τε
1307 1770 1367 1808 και

317 1902 460 1935 Tertium
478 1905 585 1933 autem
602 1901 688 1942 quod
707 1901 819 1942 viginti
848 1901 949 1932 latera
981 1900 1095 1940 habet,
1111 1900 1204 1932 bases
1231 1901 1364 1941 quidem

323 1961 459 2003 viginti,
486 1961 619 2001 angulos
650 1969 726 1992 vero
755 1960 948 2000 duodecim,
971 1969 1064 2001 aquae
1093 1960 1287 1992 elementum
1318 1962 1366 1992 est

323 2020 571 2061 multipartilum
594 2021 627 2052 et
659 2019 892 2060 gravissimum.
937 2020 1018 2051 Haec
1052 2019 1148 2059 igitur
1178 2019 1219 2051 ab
1252 2019 1364 2051 eodem

323 2080 484 2112 elemento
503 2077 681 2119 composita
699 2077 782 2109 inter
807 2086 841 2110 se
863 2078 1114 2111 commutantur.
1158 2079 1201 2110 At
1227 2078 1258 2110 id
1279 2078 1365 2119 quod

324 2138 494 2170 duodecim
534 2138 660 2169 constat
691 2136 819 2169 sedibus
852 2136 1022 2178 imaginem
1056 2137 1198 2169 universi
1230 2137 1365 2178 statuit,

322 2199 444 2239 quippe
476 2196 561 2237 quod
592 2196 631 2228 ad
660 2196 852 2237 sphaericam
885 2196 1019 2236 figuram
1044 2196 1189 2236 proxime
1223 2197 1367 2230 accedat.

325 2258 408 2297 lgnis
433 2256 529 2297 igitur
545 2256 587 2287 ob
612 2255 803 2288 tenuitatem
825 2263 916 2287 suam
936 2264 992 2296 per
1006 2255 1114 2286 omnia
1131 2256 1294 2296 penetrat,
1312 2264 1367 2288 acr

324 2315 401 2347 item
426 2322 484 2355 per
502 2314 608 2345 cetera
627 2313 784 2345 elementa
802 2316 939 2357 excepto
955 2314 1043 2354 igne,
1060 2323 1142 2355 aqua
1161 2314 1297 2355 denique
1314 2323 1369 2356 per

324 2378 455 2407 terram.
501 2373 619 2405 Omnia
635 2381 710 2413 ergo
727 2374 819 2414 plena
840 2374 935 2413 sunt,
952 2381 1058 2413 neque
1075 2373 1255 2414 quidquam
1274 2373 1367 2405 vacui

325 2432 520 2472 relinquunt.
565 2431 731 2462 Caeterum
761 2431 815 2463 illa
841 2431 981 2464 universi
1016 2432 1266 2465 circumactione
1291 2442 1369 2465 con-

326 2491 509 2531 gregantur,
527 2492 560 2522 et
575 2490 701 2522 firmata
717 2491 865 2522 teruntur
884 2490 1015 2531 quidem
1035 2491 1198 2531 vicissim,
1220 2491 1275 2523 sed
1296 2500 1368 2532 per-

326 2552 454 2590 petuam
475 2548 684 2580 variationem
704 2548 744 2580 ad
766 2550 859 2581 ortus
876 2550 909 2581 et
919 2549 1025 2581 obitus
1045 2549 1228 2590 perficiunt.

367 2607 386 2648 ς
411 2611 441 2638 6.
467 2607 562 2638 Hisce
597 2615 676 2638 usus
699 2607 778 2638 deus
806 2607 891 2639 bunc
918 2608 1075 2640 mundum
1106 2608 1295 2647 aediticavit,
1315 2609 1370 2649 qui

326 2667 411 2706 tangi
432 2665 564 2706 quidem
580 2667 686 2706 potest
702 2667 832 2706 propter
849 2667 988 2706 terram,
1000 2667 1100 2699 videri
1114 2669 1220 2700 autem
1242 2670 1371 2709 propter

327 2725 432 2763 ignem
445 2747 454 2763 ,
476 2732 548 2764 quae
565 2723 631 2755 duo
648 2725 726 2755 sunt
738 2725 893 2757 extreme.
912 2727 968 2757 Per
985 2734 1092 2758 aerem
1106 2734 1182 2758 vero
1207 2727 1240 2759 et
1254 2735 1369 2767 aquam

328 2782 503 2815 firmissimi
525 2782 690 2821 enjusdam
709 2782 827 2815 vinculi
841 2784 1045 2825 proportione
1061 2785 1220 2817 mundum
1236 2785 1368 2824 colliga-

326 2843 391 2880 vit,
406 2850 470 2882 qua
494 2841 548 2872 et
540 2850 608 2881 ipsa
636 2842 668 2873 et
686 2851 759 2882 quae
777 2851 919 2883 peream
937 2844 1253 2885 comprehenduntur
1269 2845 1371 2877 conti-

327 2901 394 2932 neri
415 2900 550 2941 possint.
598 2900 631 2932 Si
649 2900 744 2939 igitur
757 2900 788 2932 id
806 2901 892 2941 quod
911 2902 1080 2942 colligatur
1098 2904 1227 2944 planum
1253 2904 1370 2944 suerit,

327 2969 391 2991 una
423 2959 576 2991 medietas
595 2959 672 2990 satis
695 2961 767 2999 est;
792 2960 840 2991 sin
859 2962 966 2993 autem
984 2961 1142 3002 solidum,
1161 2963 1282 3003 duplici
1307 2971 1370 2994 me-

328 3018 448 3050 dietate
471 3017 598 3057 indiget.
641 3019 722 3050 Cum
740 3018 867 3050 duobus
890 3020 984 3059 igitur
1012 3020 1126 3052 mediis
1141 3021 1207 3052 duo
1230 3024 1373 3054 extrema

328 3077 509 3118 copulavit,
535 3077 572 3108 ut
591 3077 696 3108 essent
712 3077 1008 3117 quemadmodum
1001 3078 1082 3118 ignis
1105 3078 1145 3110 ad
1170 3088 1298 3120 aerem,
1319 3089 1373 3112 aer

330 3136 372 3168 ad
402 3144 540 3177 aquam,
571 3144 654 3176 aqua
682 3135 722 3166 ad
753 3137 892 3176 terram,
910 3137 942 3168 et
975 3137 1133 3177 vicissim,
1158 3139 1195 3169 ut
1223 3138 1303 3177 ignis
1333 3139 1372 3171 ad

331 3204 466 3236 uquam,
485 3204 538 3226 aer
557 3194 595 3226 ad
613 3196 748 3235 terram,
767 3196 864 3235 atque
877 3204 895 3227 e
908 3195 1084 3235 contrario,
1103 3196 1373 3236 quemadmodum

331 3256 415 3286 terra
430 3254 469 3286 ad
489 3263 625 3295 aquam,
642 3263 725 3295 aqua
739 3253 777 3285 ad
794 3263 899 3286 aerem
916 3255 948 3286 et
964 3263 1017 3286 aer
1034 3254 1071 3286 ad
1094 3255 1215 3295 ignem,
1232 3260 1263 3288 et
1278 3256 1374 3289 vicis-

330 3314 417 3353 sim,
437 3312 706 3354 quemadmodum
736 3315 819 3344 terra
846 3312 884 3344 ad
920 3321 1046 3352 aerem,
1069 3321 1152 3353 aqua
1179 3313 1218 3344 ad
1257 3314 1373 3354 ignem.

336 3371 605 3412 Quandoquidem
642 3373 750 3403 autem
787 3371 894 3403 omnia
931 3373 1007 3402 sunt
1040 3371 1181 3411 potentia
1219 3373 1374 3412 aequalia,

335 3440 450 3462 eorum
470 3431 610 3462 rationes
630 3431 662 3462 in
679 3430 861 3471 aequalitate
881 3430 951 3461 sitae
973 3432 1060 3461 sunt.
1103 3432 1194 3462 Unus
1213 3430 1308 3470 igilur
1328 3431 1377 3461 bic

335 3489 473 3520 mundus
485 3489 585 3521 divini
598 3489 715 3521 vinculi
728 3489 931 3530 proportione
941 3488 1095 3521 consistit.
1142 3490 1267 3520 Horum
1282 3498 1376 3530 porro

1398 266 1547 308 LOCRI

1423 356 1490 409 ἀὴρ
1511 357 1550 396 τὸ
1574 356 1636 408 μὲν
1653 356 1804 409 καθαρὸν
1825 356 1884 395 καὶ
1903 372 2007 404 αυον,
2028 355 2068 396 τὸ
2089 356 2125 395 δὲ
2147 356 2281 409 νοτερὸν
2301 356 2361 395 καὶ
2379 359 2462 404 ὁμι·

1420 417 1572 469 χλῶδες·
1594 415 1686 468 ὕδωρ
1714 431 1752 454 τε
1771 415 1810 454 τὸ
1831 415 1892 466 μὲν
1913 414 2012 469 ῥέον,
2039 414 2079 453 τὸ
2109 414 2146 454 δὲ
2164 414 2321 465 πακτόν,
2341 413 2464 455 ὁκόσον

1420 474 1507 528 χιών
1525 491 1561 514 τε
1586 475 1646 514 καὶ
1667 476 1784 527 πάχνα
1812 473 1951 527 χάλαζά
1971 490 2008 512 τε
2028 473 2087 511 καὶ
2105 473 2333 525 κρύσταλλος.
2362 473 2465 527 ὑγρόν

1421 550 1459 572 τε
1488 533 1528 572 τὸ
1550 532 1613 586 μὲν
1645 534 1764 587 ῥυτόν,
1784 536 1830 577 ὡς
1853 532 1950 582 μέλι,
1972 533 2107 578 ἔλαιον,
2131 531 2170 571 τὸ
2190 531 2226 571 δὲ
2245 532 2400 581 πακτόν,
2419 536 2467 578 ὡς

1422 593 1529 632 πίσσα
1541 625 1550 642 ,
1570 594 1687 646 κηρός.
1744 594 1867 631 πακτῶ
1887 591 1923 630 δὲ
1944 591 2036 630 εἴδεα
2055 591 2095 629 τὸ
2112 590 2175 641 μὲν
2193 591 2298 643 χυτὸν
2317 591 2466 645 χρυσός,

1423 653 1587 705 ἄργυρος,
1606 652 1757 705 χαλκός,
1783 650 2007 703 κασσίτερος,
2029 650 2221 702 μόλυὸδος,
2245 650 2409 702 σταγών,
2427 650 2467 690 τὸ

1424 711 1459 749 δὲ
1487 711 1656 764 θραυστὸν
1686 714 1799 761 θεῖον,
1836 709 2037 762 ἄσφαλτον,
2068 709 2206 762 νίτρον,
2248 707 2348 757 ἅλες,
2380 724 2467 748 στυ-

1422 771 1577 824 πτηρία,
1598 771 1686 810 λίθοι
1705 771 1757 810 τοὶ
1777 770 1972 823 ὃμογενέες.

1475 833 1496 882 5
1525 845 1553 871 7.
1585 830 1689 870 Μετὰ
1719 830 1753 869 δὲ
1774 829 1837 869 τὰν
1858 833 1908 868 τῶ
1928 828 2051 879 κόσμω
2071 829 2238 868 σύστασιν
2258 828 2355 883 ζῴοιν
2382 830 2468 867 θνα-

1424 892 1491 927 τῶν
1524 890 1682 941 γέννασιν
1719 888 1991 941 ἐμαχανάσατο,
2017 888 2061 927 ἵν’
2091 883 2114 941 ᾗ
2145 889 2261 933 τέλεος
2295 888 2376 928 ποτὶ
2404 887 2468 927 τὰν

1424 947 1538 986 εἰκόνα
1567 948 1746 991 παντελῶς
1781 945 2072 999 ἀπειργασμένος.
2130 947 2206 987 Τὰν
2235 947 2298 999 μὲν
2327 941 2375 986 ὦν
2403 949 2469 986 ἄν·

1425 1006 1598 1058 θρωπίναν
1624 1005 1741 1059 ψυχὰν
1770 1008 1807 1045 ἔκ
1835 1008 1903 1045 τῶν
1926 1008 2037 1045 αὐτῶν
2066 1008 2177 1057 λόγοιν
2201 1007 2261 1045 καὶ
2291 1006 2468 1058 δυναμίων

1423 1082 1464 1103 συ
1468 1065 1727 1117 γκερασοίμενος
1747 1065 1808 1104 καὶ
1836 1065 2013 1116 μερίξας
1995 1082 2045 1104 οιε
2036 1065 2142 1116 ’νειμε
2165 1072 2211 1119 τᾷ
2234 1065 2342 1136 φύσιω
2332 1072 2377 1120 τᾷ
2403 1067 2468 1104 ἀλ-

1423 1126 1590 1177 λοιωτικᾷ
1611 1123 1804 1176 παραδούς·
1827 1123 2056 1174 διαδεξαμένα
2075 1126 2105 1162 δ’
2122 1125 2225 1162 αὐτὸν
2245 1126 2279 1163 ἐν
2295 1127 2345 1178 τῷ
2362 1126 2470 1177 ἅπερ·

1423 1183 1526 1234 γᾶζεν
1559 1183 1668 1221 θνατά
1696 1199 1734 1221 τε
1754 1183 1814 1221 καὶ
1846 1183 2019 1236 ἐφαμέρια
2050 1185 2149 1236 ζῶα,
2188 1177 2236 1222 ὧν
2257 1182 2318 1227 τὰς
2352 1182 2470 1237 ψυχὰς

1425 1240 1653 1296 ἐπιῤῥύτως’
1638 1242 1785 1294 ενάγαγε
1805 1241 1868 1285 τὰς
1899 1240 1961 1292 μὲν
1992 1241 2061 1280 ἀπὸ
2083 1241 2251 1288 σελάνας,
2269 1241 2331 1285 τὰς
2353 1243 2383 1280 δ’
2406 1242 2472 1280 ἀπ’

1425 1301 1529 1349 ἀλίω,
1551 1299 1613 1344 τὰς
1646 1300 1682 1340 δὲ
1705 1301 1774 1340 ἀπὸ
1794 1303 1864 1338 τῶν
1889 1301 2004 1340 ἄλλων
2022 1304 2091 1339 τῶν
2123 1300 2350 1352 πλαζομένων
2369 1302 2404 1340 ἐν
2426 1307 2472 1356 τᾷ

1425 1362 1473 1398 τῶ
1492 1359 1598 1411 ἑτέρω
1622 1358 1747 1412 μοίρᾳ,
1765 1358 1830 1404 ἔξω
1846 1365 1928 1408 μιᾶς
1946 1364 2010 1402 τ’ἄς
2027 1360 2144 1397 ταῦτῶ
2169 1359 2352 1409 δυνάμιος,
2373 1359 2416 1398 ἃν
2434 1361 2470 1399 ἓν

1426 1421 1476 1456 τῶ
1501 1419 1632 1470 λογικῷ
1658 1419 1755 1470 μέρει
1783 1417 1896 1468 ἔμιξεν
1917 1418 2034 1456 εἰκόνα
2057 1418 2178 1470 σοφίας
2211 1419 2280 1462 τοῖς
2300 1420 2470 1471 εὖμοιρα-

1426 1482 1541 1517 τοῦσι.
1598 1479 1674 1522 Ta<
1694 1476 1758 1526 μὲν
1774 1476 1841 1529 γὰρ
1858 1476 2077 1528 ἀνθρωπίνας
2096 1480 2212 1529 ψυχᾶς
2234 1476 2274 1514 τὸ
2293 1477 2357 1528 μὲν
2375 1479 2470 1530 λογι·

1426 1535 1484 1574 κόν
1506 1537 1579 1575 ἔστι
1597 1536 1658 1574 καὶ
1686 1535 1824 1588 νοερόν,
1844 1535 1883 1573 τὸ
1903 1536 1933 1573 δ’
1957 1535 2080 1587 ἄλογον
2105 1536 2164 1574 καὶ
2187 1536 2308 1589 ἄφρον.
2365 1538 2415 1575 τῶ
2435 1536 2471 1575 δὲ

1425 1595 1555 1645 λογικῶ
1585 1592 1625 1631 τὸ
1653 1592 1716 1644 μὲν
1752 1594 1897 1645 κρέσσον
1919 1595 1958 1632 ἐκ
1988 1601 2050 1638 τᾶς
2069 1596 2187 1632 ταῦτῶ
2205 1595 2348 1648 φύσιος,
2372 1595 2412 1633 τὸ
2433 1594 2469 1634 δὲ

1425 1652 1559 1704 χέρειον
1589 1653 1628 1690 ε’κ.
1660 1657 1724 1695 τᾶς
1743 1654 1794 1690 τῶ
1823 1652 1944 1706 ἑτέρω.
2001 1651 2192 1705 (Εκάτερον
2225 1652 2261 1691 δὲ
2291 1652 2371 1704 περὶ
2405 1652 2471 1691 τὰν

1426 1710 1580 1765 κεφαλὰν
1606 1709 1765 1764 ἵδρυται,
1790 1713 1836 1754 ὡς
1857 1711 1969 1749 τᾶλλα
1992 1711 2099 1763 μέρεα
2127 1718 2188 1755 τᾶς
2208 1714 2324 1764 ψυχᾶς
2342 1711 2402 1750 καὶ
2423 1714 2473 1750 τῶ

1427 1770 1587 1821 σώματος
1607 1773 1791 1822 ὑπηρετεῖν
1825 1769 1957 1823 τούτῳ,
1984 1771 2145 1824 καθάπερ
2165 1771 2288 1824 ὑπάτῳ
2310 1774 2361 1810 τῶ
2381 1772 2473 1811 σκά-

1426 1902 1583 1942 quattuor
1609 1909 1780 1941 corporum
1809 1899 2063 1941 unumquodque
2087 1899 2205 1933 multas
2229 1901 2352 1942 species
2377 1901 2475 1936 habet

1427 1959 1509 1999 ignis
1523 1958 1656 2000 quidem
1673 1958 1834 1990 [lammam
1846 1982 1856 1998 ,
1873 1959 1996 1998 lucem,
2011 1958 2212 1999 splendorem
2227 1961 2356 2001 propter
2371 1960 2473 1994 trian-

1427 2019 1575 2058 gulorum
1596 2027 1670 2059 quae
1692 2018 1725 2050 in
1743 2027 1937 2059 unoquoque
1963 2027 2075 2051 eorum
2094 2021 2170 2052 sunt
2192 2019 2444 2061 inaequalitatem
2462 2033 2473 2054 ι

1427 2077 1540 2109 eodem
1559 2076 1656 2108 modo
1675 2080 1707 2109 et
1725 2085 1780 2109 aer
1794 2076 1911 2116 partim
1937 2077 2066 2118 quidem
2085 2086 2185 2118 purus
2204 2082 2237 2110 et
2253 2078 2375 2119 siccus,
2397 2089 2472 2121 par-

1428 2136 1487 2169 tim
1518 2136 1673 2168 humidus
1708 2137 1741 2168 et
1774 2135 1950 2168 nebulosus
1975 2138 2046 2176 est;
2074 2145 2158 2178 aqua
2193 2137 2290 2169 etiam
2325 2138 2474 2179 quaedam

1431 2193 1529 2225 fluida
1546 2195 1617 2232 est,
1642 2194 1705 2226 alia
1734 2194 1922 2234 congelata,
1943 2194 2044 2226 veluti
2071 2194 2146 2234 nix,
2174 2194 2308 2235 pruina,
2334 2195 2474 2235 grando.

1429 2253 1558 2294 glacies.
1603 2254 1731 2285 Humor
1746 2254 1855 2286 autem
1874 2253 1957 2285 alius
1972 2255 2021 2286 est
2035 2253 2171 2293 fluidus,
2189 2255 2226 2286 ut
2241 2254 2318 2295 mel,
2343 2257 2450 2288 oleum
2462 2279 2474 2296 ‚

1429 2314 1509 2346 alius
1540 2314 1745 2354 compactus,
1776 2315 1812 2345 ut
1833 2313 1910 2353 pix,
1934 2321 2017 2345 cera.
2060 2313 2227 2354 compacti
2248 2321 2325 2346 vero
2353 2315 2476 2356 species

1430 2372 1493 2404 alia
1511 2372 1632 2412 fusilis,
1654 2373 1690 2404 ut
1717 2380 1852 2411 aurum,
1885 2373 2052 2412 argentum
2064 2395 2074 2412 ,
2098 2380 2161 2412 aes,
2181 2375 2353 2412 stannum,
2373 2373 2476 2414 plum-

1430 2431 1507 2463 bum
1520 2456 1530 2471 ,
1555 2431 1675 2463 ferrum
1698 2439 1834 2471 purum;
1853 2429 1917 2462 alia
1942 2429 2093 2470 friabilis,
2114 2431 2151 2462 ut
2175 2430 2290 2471 sulfur,
2310 2431 2475 2472 bitumen,

1430 2491 1569 2530 nitrum,
1589 2490 1655 2529 sal,
1672 2489 1820 2529 alumen,
1846 2488 1970 2530 lapides
1989 2489 2133 2529 ejusdem
2151 2490 2286 2530 generis.

1471 2549 1490 2591 §
1512 2553 1543 2583 7.
1569 2550 1643 2582 Jam
1671 2548 1748 2581 vero
1775 2549 1849 2590 post
1878 2548 2038 2581 mundum
2068 2550 2267 2589 procreatum
2291 2550 2477 2584 mortalium

1430 2609 1640 2641 animantium
1666 2608 1900 2648 generationem
1921 2607 1998 2640 deus
2026 2608 2156 2640 molitus
2182 2610 2252 2649 est,
2275 2609 2312 2641 ut
2329 2609 2369 2641 ad
2392 2610 2474 2642 ima·

1430 2669 1535 2708 ginem
1553 2667 1641 2700 illam
1660 2666 1753 2707 plane
1766 2666 2029 2698 accommodatus
2042 2668 2135 2699 esset.
2180 2668 2362 2700 Humanam
2378 2669 2476 2708 igitur

1432 2727 1570 2759 animam
1587 2735 1627 2758 ex
1646 2725 1759 2758 iisdem
1782 2725 1961 2757 rationibus
1986 2734 2024 2757 ac
2042 2725 2192 2767 potentiis
2209 2727 2420 2767 temperatam
2437 2736 2476 2760 ac

1432 2785 1568 2817 divisam
1587 2783 1771 2824 distribuit,
1786 2787 1908 2816 naturae
1926 2786 2044 2816 cuncta
2061 2785 2199 2817 mutanti
2225 2785 2280 2817 tali
2298 2785 2475 2818 ministerio

1431 2843 1596 2883 delegato;
1619 2850 1694 2883 quoe
1716 2841 1776 2882 ipsi
1796 2850 1902 2872 rerum
1924 2841 2030 2882 opifici
2048 2842 2202 2875 successit
2223 2844 2255 2874 ln
2271 2843 2474 2885 mortalibus,

1432 2910 1469 2934 ac
1494 2900 1696 2942 temporariis
1724 2899 1914 2932 animalibus
1942 2900 2135 2940 efficiendis,
2176 2909 2312 2942 quorum
2349 2903 2474 2936 anitnas

1433 2961 1522 3002 quasi
1550 2969 1606 3002 per
1638 2959 1760 2992 fluxum
1789 2958 1948 3001 quendam
1976 2958 2169 3000 instillabat,
2198 2960 2275 2992 alias
2304 2961 2435 3001 quidem
2452 2971 2474 2994 a

1437 3020 1534 3060 luna,
1552 3019 1630 3052 alias
1648 3027 1667 3051 a
1688 3019 1773 3058 sole,
1795 3017 1873 3050 alias
1896 3026 1915 3050 a
1940 3018 2065 3051 caetcris
2086 3027 2160 3059 quae
2183 3018 2216 3051 in
2233 3019 2364 3052 alterins
2386 3022 2476 3061 parte

1436 3078 1588 3110 oberrant
1614 3077 1706 3110 astris
1730 3076 1900 3117 deductas,
1921 3079 2038 3118 praeter
2056 3086 2152 3109 unam
2172 3077 2313 3111 animam
2331 3078 2476 3119 ejusdem

1435 3137 1576 3178 potentia
1592 3136 1783 3178 praeditam,
1801 3144 1898 3177 quam
1917 3135 1950 3167 in
1979 3137 2067 3176 parte
2088 3136 2143 3168 illa
2165 3136 2298 3168 rationis
2322 3137 2476 3178 participe

1437 3197 1607 3229 admiscuit
1625 3196 1795 3236 imaginem
1816 3195 1982 3236 sapientiae
1998 3195 2036 3227 iis
2058 3196 2114 3236 qui
2130 3195 2202 3228 laeta
2217 3198 2302 3228 sorte
2310 3197 2477 3234 fruuntur.

1436 3257 1581 3296 Namque
1600 3255 1751 3287 humanae
1768 3254 1888 3286 animae'
1899 3254 1999 3286 altera
2014 3263 2088 3295 pars
2106 3254 2236 3286 rationis
2252 3257 2300 3287 est
2319 3255 2476 3298 particeps

1436 3316 1468 3347 et
1481 3315 1658 3355 intelligens
1670 3339 1679 3355 ,
1693 3315 1791 3347 altera
1807 3313 1937 3346 rationis
1950 3321 2066 3353 expers
2078 3314 2174 3354 atque
2191 3313 2353 3354 insipiens.
2398 3315 2477 3349 Eius

1438 3382 1514 3405 vero
1530 3383 1603 3415 quae
1618 3373 1750 3406 rationis
1762 3381 1895 3414 compos
1916 3374 1963 3404 est
1977 3372 2089 3404 melior
2103 3380 2176 3412 pars
2193 3371 2337 3411 ejusdem
2353 3373 2477 3406 natum

1437 3434 1503 3472 est,
1520 3431 1658 3464 deterior
1675 3431 1817 3464 alterius.
1861 3432 2004 3471 Utraque
2023 3432 2132 3462 autem
2148 3431 2232 3462 circa
2251 3434 2348 3471 caput
2366 3430 2475 3464 sedem

1438 3489 1551 3530 habet,
1569 3493 1604 3523 ut
1635 3491 1766 3532 reliquae
1785 3494 1855 3523 tum
1883 3489 1999 3522 animae
2018 3490 2086 3521 tum
2108 3489 2250 3530 corporis
2271 3491 2376 3530 partes
2399 3489 2475 3523 huie
