2638 3840
227 221 230 226 '
298 231 370 264 146

348 308 596 363 (Plutarchus
616 307 670 345 De
689 305 891 344 mulierum
910 303 1015 342 virtt.
1036 301 1120 341 init.
1136 302 1217 342 vol.
1239 302 1329 341 vul

296 384 334 422 p.
348 371 433 467 2863
467 369 530 407 ed.
550 367 706 405 llutten.
719 364 733 416 )

423 427 469 466 ‘O
490 426 552 477 μὲν
568 425 635 477 γὰρ
654 424 748 477 φίλος
765 424 851 474 οὐχ,
873 420 990 472 ὥσπερ
1010 419 1219 472 ἀπεφαίνετο
1241 422 1329 474 Γορ-

292 486 390 538 γίας,
414 487 509 537 αὐτῶ
531 483 591 535 μὲν
617 485 656 527 ἀς
642 482 753 520 ’Ἠιόνι-ει
773 481 855 519 τὰ
837 479 954 518 οίκαια
987 478 1043 516 τὸν
1069 476 1207 531 φίλον
1196 494 1331 533 υπουρ-

293 551 384 596 γεῖν,
406 546 524 597 ἐκείνῳ
554 544 583 581 δ’
609 541 709 584 αὐτὸς
742 537 952 591 ὑπηρετήσει
981 538 1094 576 πολλὰ
1112 538 1260 578 καὶτῶν
1278 538 1327 590 μὴ

293 604 448 643 δικαίων.

346 660 593 714 (Plutarchus
612 661 667 697 De
690 657 792 695 adul.
813 665 850 694 et
871 656 985 695 amic.
1012 655 1128 696 discr.
1158 670 1243 709 cap.
1280 659 1327 703 34

296 722 376 760 vol.
398 721 466 758 Vll
487 734 524 772 p.
545 733 615 766 207
638 718 698 755 ed.
722 716 875 754 Ilutten.
890 714 912 776 )

345 794 388 819 ιο.
417 777 561 830 Γοργίας
580 779 641 822 τὴν
666 773 862 826 τραγῳδίαν
883 777 979 811 εἶπεν
1003 772 1156 822 ἀπάτην,
1177 774 1220 822 ἣν
1250 774 1271 813 δ’
1288 791 1325 815 τε

296 838 479 885 ἀπατήσας
511 835 717 885 δικαιότερος
745 836 802 870 τοῦ
822 832 876 881 μὴ
914 831 1175 882 ἀπατήσαντος,
1214 834 1275 873 καὶ
1308 837 1326 873 ὁ

297 894 485 943 ἀπατηθεις
506 892 695 946 σοφώτερος
714 894 773 929 τοῦ
796 889 844 940 μὴ
865 889 1115 938 ἀπατηθέντος,

351 953 599 1005 (Plutarchus
613 954 669 988 De
683 950 863 990 audiend.
884 958 987 1001 poet.
1005 963 1088 1002 cap.
1114 965 1128 988 1
1149 951 1227 989 vol.
1247 951 1329 1048 Vll5‚

294 1029 335 1063 p.
360 1014 408 1063 59
429 1013 490 1051 ed.
515 1011 669 1049 Hutten.
696 1008 756 1049 Cf.
797 1010 854 1047 De
885 1009 984 1058 glor.

297 1072 381 1112 vol.
406 1070 456 1109 IX
471 1085 509 1122 p.
529 1083 593 1119 9¹·
608 1070 620 1119 )

343 1143 388 1168 2ο.
411 1128 553 1180 τὨσπερ
572 1126 630 1166 καὶ
647 1125 704 1166 τὸν
721 1124 896 1178 Αἷσχυλον
909 1126 1087 1178 ἱστορουσι
1096 1125 1172 1186 fit<
1188 1141 1328 1179 τραγῳ-

291 1187 400 1232 δίας’
384 1186 551 1238 εμπιόντα
565 1190 672 1224 ποιεῖν
684 1183 744 1223 καὶ
761 1186 839 1236 οὐχ,
855 1185 901 1227 ὡς
920 1183 1068 1246 Γοργίας
1084 1183 1225 1240 εἶπεν,
1209 1199 1244 1222 εν
1261 1188 1329 1222 τῶν

292 1246 474 1298 δραμάτων
494 1248 598 1285 αὐτου
623 1243 751 1295 μεστὸν
771 1241 900 1295 Ἄρεως
921 1235 1029 1291 εἰναι,
1055 1241 1135 1287 τους
1156 1241 1286 1282 {uz-&⁹
1269 1259 1331 1282 επι

290 1305 435 1353 Θηὸας,
445 1305 545 1344 ’ἀλλὰ
566 1304 681 1342 πάντα
698 1301 883 1342 Διονύσου.

344 1363 596 1414 (Plutarchus
631 1362 873 1414 Symposiac.
907 1360 978 1402 lib.
1007 1360 1089 1401 VII.
1120 1371 1255 1413 quaest.
1298 1361 1330 1400 X

291 1436 374 1474 cap.
398 1437 436 1470 2,
454 1423 538 1461 vol.
558 1421 607 1459 XI
629 1435 669 1473 p.
688 1422 762 1459 336
783 1420 846 1461 ed.
867 1423 1040 1460 Hutten.:
1056 1421 1195 1464 πολλοῖς
1213 1422 1243 1459 δ’
1260 1421 1332 1459 ἷτα·

290 1480 424 1529 μότητα
454 1481 599 1532 θάρσους
637 1478 797 1532 συνεργὸν
829 1481 847 1517 ὁ
880 1479 1031 1533 ἄκρατος
1048 1509 1058 1527 ,
1092 1480 1130 1518 οὗ
1163 1480 1330 1533 βδελυρὰν

1019 1009 1161 1049 Athen.
1191 1011 1328 1063 cap.5

334 1599 382 1628 18.
407 1598 518 1637 Neque
536 1597 620 1629 euim
632 1604 742 1627 verum
756 1595 804 1627 est
824 1593 909 1635 quod
924 1595 1056 1636 Gorgias
1073 1594 1168 1635 dixit,
1183 1595 1326 1628 amicum

290 1655 329 1687 ab
346 1655 448 1687 amico
476 1654 509 1687 in
532 1654 628 1686 rebus
651 1655 777 1686 tantum
804 1653 900 1694 justis
927 1662 1021 1694 opem
1048 1653 1245 1694 petiturum,
1269 1653 1330 1695 ipsi

291 1715 400 1747 autem
418 1714 448 1745 in
466 1714 576 1746 multis
593 1713 687 1746 etiam
701 1713 828 1753 injustis
842 1713 938 1745 rebus
955 1721 1087 1753 operam
1107 1712 1268 1745 daturum.

335 1777 383 1807 19.
406 1774 541 1814 Gorgias
556 1773 745 1814 tragoediam
764 1773 935 1814 appellavit
957 1772 1114 1814 fraudem,
1139 1782 1203 1814 qua
1219 1776 1252 1805 et
1272 1773 1328 1814 qui

291 1823 453 1874 deciperet
481 1841 545 1864 non
564 1832 742 1873 decipiente
756 1832 885 1873 justior,
907 1835 939 1864 et
958 1832 1012 1873 qui
1036 1832 1237 1874 deciperetur
1262 1840 1328 1864 non

292 1891 425 1932 decepto
447 1891 618 1933 sapientior
633 1893 728 1924 esset.

331 1955 381 1983 20.
405 1950 457 1982 Sic
483 1951 515 1983 et
539 1950 727 1991 AEschylum
745 1951 876 1983 narrant
895 1950 975 1983 bene
993 1952 1105 1992 potum
1121 1959 1197 1983 suas
1226 1950 1328 1992 serip-

292 2008 374 2041 sisse
387 2008 568 2049 tragoedias,
583 2017 686 2050 neque
702 2017 816 2042 verum
829 2009 971 2050 estquod
985 2009 1115 2050 Gorgias
1124 2009 1217 2049 dixit,
1230 2018 1331 2041 unum

292 2076 331 2098 ex
350 2066 548 2100 dramatibns
572 2067 656 2108 quod
676 2067 861 2101 inscribitur
874 2071 996 2110 septem
1019 2068 1174 2102 adversus
1189 2068 1328 2108 Thebas,

1060 213 1271 253 GORGIAE
1309 214 1409 255 ΓΒΑ
1418 214 1654 257 GMENTA.

1391 303 1462 343 οὐδ’
1482 304 1649 358 ἄκρατον,
1670 305 1750 344 ἀλλ’
1771 302 1914 357 εὔχαριν
1944 301 2005 342 καὶ
2019 302 2166 351 πιθανὴν
2186 300 2433 356 προστίθησιν·

1392 361 1509 416 ὥσπερ
1526 364 1585 403 καὶ
1603 363 1662 403 τὸν
1682 362 1860 416 Αἰσχύλον
1878 363 1982 414 κτλ.)

1444 435 1494 462 21.
1515 425 1596 462 Δεῖν
1612 422 1678 476 ἔφη
1698 422 1848 476 Γοργίας
1870 421 1933 468 τὴν
1953 419 2017 473 μὲν
2038 418 2193 467 σπουδὴν
2211 418 2433 474 διαφθείρειν·

1392 483 1461 521 τῶν
1481 480 1645 521 ἐναντίων
1659 481 1806 533 γέλωτι,
1820 480 1877 519 τὸν
1896 480 1932 519 δὲ
1946 480 2083 532 γέλωτα
2105 480 2256 532 σπουδῇ.

1446 540 1694 591 (Aristoteles
1716 540 1825 578 [thet.
1849 539 1921 580 lib.
1954 539 2010 579 111
2043 552 2129 590 cap.
2162 540 2226 579 18.
2257 538 2327 578 His
2346 551 2437 578 con·

1392 608 1574 638 sentanea
1595 608 1686 638 sunt
1702 613 1788 651 quae
1811 600 1992 650 leguntur
2019 597 2123 650 apud
2151 607 2324 636 veterem
2346 598 2436 637 Pla-

1392 658 1495 697 tonis
1529 658 1795 711 interpretem.
1827 658 2003 709 Namque
2034 657 2083 696 ad
2114 657 2236 707 Gorg.
2269 670 2311 709 p.
2357 657 2435 703 348

1394 715 1618 767 hujusmodi
1636 717 1927 756 annotationem
1953 715 2110 767 scripsit
2133 727 2143 754 ε
2164 718 2269 753 τοῦτο
2287 713 2437 768 παράγ-

1391 776 1504 825 γελμα
1527 775 1674 827 Γοργίου
1687 805 1698 823 ,
1713 775 1752 813 τὸ
1768 774 1830 819 τὰς
1846 773 1999 817 σπουδὰς
2018 775 2088 812 τῶν
2106 772 2290 811 ἀντιδίκων
2305 772 2438 824 γέλωτι

1391 833 1540 885 ἐκλύειν,
1566 834 1611 873 τὰ
1634 835 1669 872 δὲ
1689 835 1807 886 γελοῖα
1827 839 1902 878 ταῖς
1921 834 2090 876 σπουδαῖς
2109 830 2342 908 ἐκκρούειν.)

1444 907 1493 932 22.
1515 892 1606 933 sb*
1588 893 1623 932 οὲ
1643 892 1790 946 Ιοργίου
1809 895 1856 937 εἰς
1874 892 1937 940 τὴν
1955 890 2144 945 χελιδόνα,
2167 891 2240 930 ἐπει
2262 892 2342 929 κατ’
2362 891 2435 930 αὗ·-

1391 955 1451 991 τοῧ
1484 952 1658 1003 πετομένη
1697 953 1811 1005 ἀφῆκε
1852 950 1893 990 τὸ
1927 951 2160 1022 περίττωμα,
2204 950 2331 1003 ἄριστα
2365 952 2438 989 τῶν

1390 1014 1574 1065 τραγικῶν·
1598 1004 1674 1049 εἷπε
1689 1011 1758 1083 γὰρ
1778 1028 1792 1045 α
1813 1009 1959 1063 αἰσχρόν
1973 1024 2013 1062 γε
2032 1025 2061 1047 ω
2081 1009 2328 1060 Φιλομήλα.»
2342 1003 2439 1061 ’'Op-

1391 1073 1458 1109 νιθι
1482 1069 1524 1120 μὲ
1527 1085 1544 1107 ν
1565 1069 1666 1142 γάρ,
1675 1070 1706 1107 εἷ
1726 1068 1912 1116 ἐποίησεν,
1932 1070 1994 1107 οὐκ
2019 1067 2182 1120 αἷογρόν,
2209 1066 2372 1120 παρθένῳ
2402 1064 2440 1106 δὲ

1394 1127 1553 1181 αἰσχρόν.
1613 1120 1666 1166 Ευ
1684 1121 1742 1166 ουν
1760 1127 1978 1181 ἐλοιδόρησεν
1999 1126 2107 1166 εἷπων
2126 1122 2189 1166 8³
2166 1143 2222 1176 ην,
2239 1126 2319 1166 ἀλλ’
2331 1128 2398 1181 οὐχ
2415 1125 2436 1166 ὃ

1392 1186 1499 1228 ἔστιν.

1447 1246 1697 1298 (Aristoteles
1718 1246 1830 1286 Rhet.
1859 1246 1932 1285 lib.
1961 1244 2020 1283 111
2050 1258 2136 1297 cap.
2158 1246 2196 1285 3.
2225 1245 2282 1285 De
2301 1243 2438 1283 Philo-

1394 1306 1494 1344 mela
1511 1306 1554 1344 in
1573 1306 1823 1344 hirundinem
1845 1306 1909 1344 vel
1929 1314 1973 1343 ut
1997 1305 2068 1342 alii
2094 1305 2239 1342 volunt
2257 1304 2300 1342 in
2319 1303 2438 1342 lusci-

1393 1364 1497 1403 niam
1531 1378 1718 1403 conversa
1750 1365 1925 1403 fabulose
1945 1365 2068 1402 multa
2099 1372 2250 1402 veteres
2285 1363 2437 1401 retule-

1394 1433 1496 1462 runt.
1518 1423 1604 1463 vid.
1635 1423 1776 1474 Hygin.
1805 1423 1880 1461 fab.
1912 1423 1978 1468 45.
2001 1421 2184 1475 Apollod.
2206 1421 2281 1469 Ill,
2308 1425 2370 1468 14,
2396 1420 2434 1461 8.

1393 1482 1506 1521 ovid.
1528 1482 1619 1522 Met.
1642 1481 1707 1531 Vl,
1730 1487 1805 1528 424
1827 1481 1962 1533 seqq.)

1398 1597 1509 1628 Martis
1535 1605 1606 1629 esse
1634 1597 1783 1638 plenum,
1827 1596 1885 1629 sed
1927 1596 2038 1628 omnia
2078 1595 2241 1628 Bacchum
2277 1594 2439 1628 redolent.

1435 1658 1484 1688 21.
1510 1655 1643 1697 Gorgias
1656 1656 1737 1688 seria
1752 1655 2012 1688 adversariorum
2022 1654 2124 1687 verba
2141 1654 2208 1687 risu
2223 1652 2438 1695 discutienda,

1391 1717 1424 1746 at
1442 1714 1543 1746 risum
1565 1715 1657 1748 seriis
1682 1714 1887 1747 refutandum
1905 1722 1974 1747 esse
1986 1713 2109 1755 aiebat.

1436 1777 1487 1806 22.
1507 1773 1591 1806 lllud
1609 1777 1717 1806 autem
1735 1774 1861 1815 Gorgiae
1873 1773 1906 1806 in
1924 1773 2143 1813 hirundinem,
2163 1781 2267 1815 quum
2285 1771 2440 1806 devolans

1394 1833 1503 1865 merda
1522 1833 1628 1874 ipsum
1641 1832 1849 1874 inquinasset,
1862 1833 1942 1866 mire
1955 1832 2049 1866 decet
2058 1832 2216 1873 tragicos3
2232 1831 2315 1864 dixit
2328 1831 2415 1866 enim
2428 1843 2439 1864 ε

1393 1904 1410 1920 «
1432 1894 1535 1934 turpe
1548 1894 1671 1934 utique
1686 1901 1706 1924 ο
1719 1891 1927 1925 Philomela.
1943 1903 1961 1919 ι»
1983 1889 2146 1923 Nimirum
2159 1889 2211 1922 avi
2221 1912 2234 1931 ,
2246 1888 2277 1922 si
2297 1887 2329 1921 id
2346 1887 2442 1923 recis-

1391 1952 1458 1991 set,
1479 1960 1541 1983 non
1562 1951 1647 1984 esset
1663 1952 1777 1992 turpe3
1792 1949 1909 1990 virgini
1927 1958 2004 1982 vero
2018 1950 2115 1991 turpe
2129 1949 2222 1982 foret.
2243 1949 2345 1982 Recte
2378 1947 2438 1990 igi-

1391 2009 1445 2042 tur
1462 2009 1504 2041 illi
1539 2009 1724 2042 convicium
1749 2009 1845 2049 fecit,
1875 2016 2131 2041 commemorans
2161 2006 2248 2049 quod
2267 2006 2342 2048 suit,
2371 2015 2436 2039 non

1392 2068 1479 2110 quod
1500 2071 1560 2102 est.
