2638 3840
330 283 348 314 7
357 282 381 313 ο
1166 271 1633 312 PYTHAGOREORUM

313 363 349 401 δὲ
367 363 560 416 πράττεται
576 362 709 407 οὐδενὸς
726 360 839 402 ἕνεκα.
896 363 1009 401 Τοῦτο
1029 361 1058 398 δ’
1073 361 1244 414 ὗπάρχειν
1266 362 1299 400 ἐν
1315 363 1366 414 τῷ

314 421 390 460 κατ’
410 421 537 475 ἀρετὴν
566 424 641 470 ζῆν,
664 423 699 460 ἐν
729 424 778 474 τῷ
811 419 1096 472 ὁμολογουμένως
1126 422 1202 470 ζῆν,
1228 422 1300 468 ἔτι,
1322 422 1369 465 ὣς

313 480 439 519 ταυτὸν
457 480 512 532 ὅν,
534 487 583 512 ¹²9
604 483 640 520 ἐν
658 484 708 533 τῷ
729 479 820 519 κατὰ
846 478 948 532 φύσιν
969 480 1044 525 ζῆν.
1103 477 1178 525 Τὴν
1198 478 1234 517 δὲ
1255 479 1369 517 εὖδαι·

315 539 438 591 μονίαν
455 544 473 579 ὁ
494 540 617 588 Ζήνων
633 540 786 593 ὡρίσατο
801 539 859 578 τὸν
877 537 1003 590 τρόπον
1017 539 1148 576 τοῦτον·
1166 535 1369 588 εὐδαιμονία

313 599 344 636 δ’
362 597 455 637 ἐστὶν
475 599 591 653 εὔροια
618 598 694 651 βίου
717 596 780 635 ¹3⁰.
839 596 1025 650 Κέχρηται
1053 595 1089 634 δὲ
1109 597 1170 635 καὶ
1191 596 1370 644 Κλεάνθης

314 659 364 711 τῷ
384 657 454 712 ὅρῳ
472 658 585 712 τούτῳ
606 660 640 697 ἐν
663 660 732 701 τοῖς
752 658 857 696 αὐτοῦ
878 655 1151 709 συγγράμμασι,
1167 656 1227 695 καὶ
1244 658 1262 695 ὁ
1278 655 1372 709 Χρύ·

316 732 464 769 σιππος,
484 718 544 756 καὶ
567 720 597 756 οἱ
619 717 689 756 ἀπὸ
717 716 847 756 τούτων
877 716 1028 764 πάντες,
1050 715 1114 763 τὴν
1147 716 1370 768 εὐδαιμονίαν

314 777 381 828 οὐχ
399 777 521 829 ἑτέραν
542 770 630 815 εἶναι
648 774 806 850 λέγοντες
835 778 894 814 τοῦ
912 774 1114 826 εὐδαίμονος
1136 774 1234 827 βίου,
1257 774 1370 814 καίτοι

312 850 353 888 γε
377 835 555 886 λέγοντες,
582 834 646 882 τὴν
667 833 730 885 μὲν
759 833 983 884 εὐδαιμονίαν
1012 834 1141 874 σκοπὸν
1177 837 1370 883 εκκεῖσθαι,

314 892 412 939 τέλος
433 895 571 933 δἐἶναι
593 893 633 933 τὸ
652 895 770 946 τυχεῖν
793 895 856 940 τῆς
879 893 1116 942 εὐδαιμονίας,
1133 895 1219 946 ὅπερ
1245 893 1372 933 ταυτὸν

314 946 403 991 εἶναι
418 954 468 991 τῶ
498 954 730 1005 εὐδαιμονεῖν.
788 953 904 1000 Δῆλον
926 955 984 991 οὖν
1002 954 1042 991 ἐκ
1059 953 1203 1002 τούτων,
1223 951 1275 992 ὅτι
1296 955 1372 991 ἰσο-

315 1012 461 1061 δυναμεῖ
480 1010 520 1050 τὸ
539 1012 632 1052 κατὰ
651 1011 752 1084 φύσιν
769 1013 847 1064 ζῆν,
867 1011 929 1051 καὶ
947 1011 987 1051 τὸ
1014 1014 1167 1058 καλῶςγ
1149 1017 1227 1064 ςῆν,
1254 1014 1314 1052 καὶ
1335 1012 1373 1051 τὸ

314 1063 352 1108 ευ
373 1072 450 1120 ζῆν,
473 1070 534 1110 καὶ
553 1077 623 1110 πᾶν
641 1087 682 1110 το
701 1071 808 1111 καλὸν
831 1071 892 1111 καὶ
910 1087 950 1110 το
969 1072 1113 1145 ἀγαθόν,
1131 1073 1191 1111 καὶ
1211 1075 1267 1120 ἡ’
1249 1088 1371 1125 αρετη,

313 1127 374 1167 καὶ
393 1128 433 1168 τὸ
453 1128 602 1182 μέτοχον
626 1131 767 1181 ἀρετῆς·
783 1129 845 1169 καὶ
865 1129 917 1169 ὅτι
941 1137 1011 1169 πᾶν
1038 1131 1078 1170 τὸ
1098 1132 1227 1185 ἀγαθον
1248 1133 1371 1181 καλόν,

314 1188 442 1241 ὁμοίως
463 1188 499 1227 δὲ
524 1189 583 1227 καὶ
614 1195 685 1228 πᾶν
720 1188 760 1228 τὸ
792 1189 938 1242 αἰσχρὸν
968 1189 1090 1230 κακόν.
1149 1190 1213 1230 Διὸ
1244 1191 1304 1230 καὶ
1336 1192 1374 1230 τὸ

314 1247 474 1288 Στωϊκὸν
506 1247 603 1292 τέλος
630 1247 704 1287 ἴσον
738 1247 903 1300 δύνασθαι
935 1251 984 1301 τῷ
1021 1251 1099 1287 κατ’
1131 1249 1257 1302 ἀρετὴν
1292 1250 1371 1303 βίῳ.

314 1307 500 1361 Διαφέρειν
523 1308 558 1347 δὲ
578 1306 718 1360 λέγουσι
734 1308 774 1347 τὸ
795 1307 930 1360 αἱρετὸν
951 1308 1011 1347 καὶ
1031 1308 1071 1347 τὸ
1087 1309 1254 1362 αἱρετέον.
1314 1311 1376 1349 Αἱ-

317 1367 414 1419 ρετὸν
435 1365 496 1418 μὲν
525 1367 593 1420 γὰρ
618 1371 706 1407 εἶναι
728 1367 857 1421 ἀγαθον
879 1367 919 1407 τὸ
939 1374 1026 1416 πᾶν,
1049 1369 1201 1421 αἱρετέον
1224 1370 1259 1408 δὲ
1280 1369 1376 1422 ὠφέ-

314 1428 414 1476 λημα
430 1433 513 1475 πᾶν,
530 1425 548 1465 ὃ
567 1430 748 1479 θεωρεῖται
764 1425 862 1479 παρὰ
878 1442 919 1465 το
938 1425 1032 1478 ἔχειν
1051 1427 1091 1466 τὸ
1112 1428 1256 1481 ἀγαθόν.
1314 1428 1376 1468 Διὸ

318 1483 510 1536 αἱρούμεθα
529 1484 591 1535 μὲν
610 1501 650 1524 το
667 1484 835 1538 αἱρετέον,
853 1480 923 1523 οἷον
940 1484 982 1523 τὸ
1002 1487 1151 1539 φρονεῖν,
1165 1486 1183 1525 ὃ
1198 1491 1377 1540 θεωρεῖται

318 1543 416 1597 παρὰ
432 1543 471 1582 τὸ
492 1543 584 1596 ἔχειν
606 1544 783 1599 φρόνησιν,
803 1543 842 1583 τὸ
863 1544 899 1583 δὲ
919 1545 1055 1597 αἱρετὸν
1076 1547 1143 1598 οὐχ
1160 1546 1349 1600 αιροόμεθα
1363 1578 1374 1596 ,

319 1603 455 1652 μᾶλλον
475 1601 510 1640 δὲ
527 1602 620 1655 ἔχειν
644 1600 691 1626 ¹³¹
717 1603 804 1642 αὐτὸ
825 1603 1031 1658 αἱρούμεθα.
1089 1604 1243 1654 Ὁμοίως
1260 1604 1296 1643 δὲ
1318 1606 1378 1644 καὶ

317 1662 363 1701 τὰ
389 1661 451 1713 μὲν
484 1661 598 1714 ἀγαθὰ
626 1662 744 1702 πάντα
765 1661 858 1700 ἐστὶν
881 1661 1082 1713 ὑπομενετὰ
1102 1663 1162 1701 καὶ
1180 1664 1375 1714 ἐμμενετά,

319 1722 381 1760 καὶ
402 1720 493 1760 κατὰ
519 1721 622 1773 λόγον
640 1721 698 1760 τὸν
718 1720 822 1759 αὐτὸν
847 1721 904 1760 ἐπὶ
936 1723 1005 1760 τῶν
1030 1721 1145 1760 ἄλλων
1168 1724 1328 1776 αἱρετῶν,
1349 1726 1379 1763 εἷ

321 1780 382 1819 καὶ
402 1780 452 1831 μὴ
485 1780 778 1832 κατωνόμασται·
799 1780 843 1819 τὰ
875 1783 906 1820 δ’
927 1782 1088 1835 ὠφέλιμα
1109 1781 1225 1821 πάντα
1244 1785 1379 1834 ὑπομε-

319 1841 420 1879 νετέα
442 1841 502 1880 καὶ
534 1841 749 1892 ἔμμενετέα·
769 1840 830 1880 καὶ
860 1840 951 1880 κατὰ
979 1840 1038 1879 τὸν
1061 1840 1163 1880 αὐτὸν
1195 1841 1298 1894 λόγον
1322 1841 1380 1881 ἐπὶ

319 1902 389 1938 τῶν
411 1899 524 1939 ἄλλων
542 1899 634 1938 κατὰ
653 1900 698 1939 τὰ
714 1901 839 1939 οἰκεῖα.

375 1958 624 2005 Διεληλυθότες
656 1958 686 1996 δ’
707 1960 836 2003 ἱκανῶς
867 1958 948 2011 περὶ
980 1960 1119 2010 ἀγαθῶν
1151 1957 1211 1997 καὶ
1243 1961 1376 2010 κακῶν,

323 2104 443 2137 nullius
466 2113 576 2136 causa.
599 2104 783 2145 caeteroqui
805 2104 940 2145 positam
957 2113 1028 2136 eam
1055 2113 1124 2138 esse
1147 2104 1181 2137 in
1201 2104 1276 2137 vitae
1291 2113 1385 2137 sanc-

322 2163 433 2203 titate,
447 2163 478 2195 in
492 2163 559 2195 vita
578 2162 794 2204 convenienti,
812 2163 963 2204 denique,
983 2163 1071 2205 quod
1085 2163 1171 2196 idem
1185 2165 1252 2205 est,
1266 2164 1299 2197 in
1318 2164 1386 2197 vita

325 2221 507 2254 secundum
531 2224 680 2254 naturam
703 2223 785 2255 acta.
822 2223 864 2255 At
892 2225 977 2255 Zeno
993 2223 1176 2256 felicitatem
1201 2224 1247 2256 sic
1272 2224 1385 2256 defini-

325 2281 426 2323 vit,ut
435 2290 508 2314 esse
515 2290 585 2314 eam
597 2281 810 2314 arbitraretur
822 2290 1011 2323 prosperum
1027 2282 1103 2315 vitae
1117 2292 1260 2316 cursum.
1276 2282 1362 2323 Quid
1373 2286 1387 2315 ἓ

326 2340 412 2381 quod
431 2340 530 2373 etiam
551 2339 723 2373 Cleanthes
742 2340 804 2373 hac
822 2340 1009 2374 definitione
1027 2341 1060 2374 in
1076 2342 1204 2383 scriptis
1222 2342 1288 2374 suis
1307 2352 1385 2376 usus

326 2402 375 2432 est
393 2403 425 2432 et
445 2400 643 2441 Chrysippus
659 2409 836 2441 eorumque
856 2409 1060 2433 successores
1085 2410 1219 2442 omnes,
1242 2402 1297 2442 qui
1316 2402 1382 2434 feli·

327 2459 458 2492 citatem
475 2468 494 2491 a
511 2458 595 2492 felici
615 2459 682 2492 vita
702 2467 768 2491 non
789 2461 958 2501 separant,
974 2469 1174 2501 quamquam
1200 2460 1385 2493 felicitatem

328 2518 416 2559 scopi
442 2519 542 2550 instar
562 2518 759 2559 propositam
781 2527 849 2551 esse
870 2517 978 2559 ajunt,
994 2519 1089 2551 finem
1114 2521 1223 2552 autern
1250 2528 1318 2552 esse
1339 2520 1385 2552 di-

331 2580 411 2609 cunt
428 2577 557 2618 assequi
574 2576 758 2609 felicitatem
771 2601 780 2617 ‚
796 2577 884 2618 quod
906 2577 992 2610 idem
1009 2578 1092 2611 valet
1108 2580 1207 2620 atque
1228 2587 1296 2611 esse
1317 2579 1385 2611 feli-

330 2644 413 2667 cem.
463 2637 510 2667 Ex
531 2635 580 2668 his
611 2635 706 2676 igitur
734 2636 903 2669 manifesto
927 2638 1080 2678 apparet,
1098 2637 1196 2670 verba
1224 2637 1308 2670 idem
1333 2637 1386 2670 de-

330 2693 481 2725 clarantia
500 2702 569 2726 esse
581 2717 589 2733 ,
607 2694 784 2726 secundum
801 2696 951 2728 naturam
973 2696 1102 2735 vivere,
1126 2696 1259 2728 honeste
1278 2697 1386 2729 vivere

329 2751 362 2782 et
374 2751 460 2782 recte
470 2750 592 2789 vivere,
608 2750 707 2791 atque
719 2759 815 2783 omne
828 2751 1000 2784 honestum
1014 2753 1047 2785 et
1063 2752 1183 2785 bonum
1193 2741 1388 2794 omnemque

331 2809 486 2841 virtutem
505 2812 538 2841 et
555 2809 642 2849 quod
667 2809 826 2850 particeps
844 2812 894 2843 est
920 2811 1068 2851 virtutis;
1088 2820 1127 2844 ae
1145 2812 1266 2844 bonum
1292 2821 1388 2845 omne

331 2868 504 2900 honestum
519 2876 590 2900 esse
601 2870 633 2900 et
653 2868 774 2900 malum
787 2870 898 2910 turpe;
913 2869 1049 2916 ideoque
1065 2870 1162 2903 finem
1186 2873 1283 2904 etiam
1301 2871 1387 2904 Stoi-

336 2938 411 2961 cum
432 2929 517 2961 idem
538 2929 644 2961 valere
660 2929 746 2969 quod
765 2929 840 2961 vitae
857 2929 1007 2970 degendae
1027 2931 1185 2964 rationem
1205 2932 1245 2964 ad
1258 2932 1388 2965 virtutis

333 2997 481 3022 normam
511 2987 679 3020 directam.
729 2988 868 3021 Differre
890 2992 1042 3030 praeterea
1068 2990 1183 3022 volunt
1208 2991 1388 3032 expetitum

334 3050 368 3081 et
384 3046 611 3089 expetendum.
643 3047 831 3087 Expetitum
845 3047 932 3079 enim
944 3057 1014 3081 esse
1027 3058 1123 3082 omne
1136 3049 1258 3082 bonum
1268 3075 1278 3090 ,
1291 3059 1387 3092 expe-

335 3105 470 3139 tendum
487 3113 565 3137 vero
586 3113 683 3137 omne
708 3105 981 3146 emolumentum,
1001 3106 1033 3138 id
1056 3107 1144 3148 qnod
1166 3117 1205 3140 ex
1221 3117 1259 3141 eo
1273 3117 1387 3150 cogno-

336 3164 449 3205 scitur,
467 3163 555 3205 quod
574 3163 699 3195 bonum
724 3158 770 3195 illi
791 3163 878 3196 insit.
924 3167 1031 3203 Quare
1055 3167 1234 3207 expetImus
1258 3167 1388 3208 quidem

338 3223 552 3264 expetendum
565 3246 575 3262 ‚
593 3222 683 3254 verbi
706 3230 803 3254 causa
822 3231 952 3264 sapere,
974 3224 1060 3264 quod
1088 3225 1278 3266 perspicitur
1296 3235 1337 3259 ex
1353 3236 1390 3259 eo

338 3284 425 3324 quod
442 3283 644 3325 prudentiam
662 3283 823 3315 contineat
830 3295 840 3324 3
861 3284 1037 3325 expetitum
1056 3286 1165 3318 autem
1180 3295 1244 3319 non
1265 3290 1388 3329 expeti-

339 3352 411 3375 mus
423 3343 541 3384 ipsum,
555 3343 610 3374 sed
624 3342 730 3384 potius
743 3341 861 3374 habere
875 3342 953 3374 illud
964 3344 1131 3384 gestimus.
1146 3345 1299 3377 Similiter
1314 3355 1389 3379 vero

340 3402 447 3434 omnia
461 3402 545 3434 bona
561 3401 739 3434 tolerabilia
758 3402 834 3433 sunt
846 3410 884 3433 ac
897 3401 1064 3442 diuturna,
1078 3403 1165 3443 quod
1178 3403 1244 3444 pari
1267 3405 1391 3436 ratione

342 3462 373 3492 in
383 3461 510 3502 reliquis
520 3461 616 3493 etiam
632 3460 779 3502 expetitis
794 3459 857 3492 dici
873 3463 987 3501 potest,
1006 3462 1079 3494 licet
1095 3463 1365 3496 nomine-careant
1380 3477 1388 3496 :

346 3520 380 3551 at
411 3520 499 3552 utilia
522 3521 630 3552 omnia
658 3520 733 3552 sunt
757 3518 886 3552 ferenda
908 3521 940 3553 et
964 3523 1202 3562 perseveranter
1235 3522 1389 3562 tenenda3

1428 361 1489 400 καὶ
1508 361 1653 412 αἱρετῶν
1673 358 1732 397 καὶ
1750 360 1918 411 φευκτῶν,
1935 357 1994 396 καὶ
2010 356 2090 411 περὶ
2106 355 2223 401 τέλους
2238 355 2298 396 καὶ
2318 357 2480 407 εὐδαιμο-

1428 419 1525 470 νίας,
1543 421 1731 470 ἀναγκαῖον
1759 416 1968 469 ἡγησάμεθα
1994 415 2055 454 καὶ
2077 414 2123 454 τὰ
2142 415 2222 468 περὶ
2240 417 2311 454 τῶν
2331 414 2477 468 cislae&-

1432 494 1498 531 ρων
1518 475 1565 501 ¹³²
1593 476 1767 528 λεγόμενα
1800 474 1892 514 κατὰ
1924 474 1987 521 τὴν
2024 473 2155 515 οἰκείαν
2182 473 2278 520 τάξιν
2311 475 2480 515 ἐπελθεῖν.

1430 536 1616 590 Ἀδιάφορα
1650 536 1679 574 δ’
1710 529 1798 574 ειναι
1810 534 1991 606 ωλέγρυσι,
2013 533 2058 572 τὰ
2089 532 2217 585 μεταξυ
2245 549 2314 572 των
2346 534 2484 584 ἀγαθῶν

1430 611 1491 635 και
1509 597 1578 634 τῶν
1596 597 1728 642 κακῶν,
1749 596 1854 647 διχῶς
1873 593 1912 632 τὸ
1935 593 2123 646 ἀδιάφορον
2139 595 2291 632 νοεῖσθαι
2311 591 2482 646 φάμενοι,

1430 655 1508 693 καθ’
1529 652 1588 692 ἕνα
1612 652 1674 705 μὲν
1694 652 1821 705 τρόπον
1840 651 1880 691 τὸ
1902 651 1990 703 μήτε
2016 651 2145 704 ἀγαθὸν
2167 651 2257 703 μήτε
2283 649 2407 702 κακόν,
2425 650 2486 689 καὶ

1429 711 1469 750 τὸ
1489 710 1577 763 μήτε
1604 711 1738 764 αἱρετὸν
1759 711 1848 762 μήτε
1867 710 2025 765 φευκτόν·
2049 712 2127 749 καθ’
2146 710 2262 762 ἕτερον
2284 707 2347 759 δέ,
2364 724 2405 749 το
2417 707 2486 759 μή·

1431 786 1468 809 τε
1485 773 1594 823 ὁρμῆς
1612 769 1699 820 μήτε
1721 772 1882 822 ἀφορμης
1902 770 2100 818 κινητικόν,
2126 768 2215 808 καθὸ
2234 783 2294 807 και
2326 767 2487 820 ὶέγεσθαι

1432 844 1509 867 τινα
1530 828 1693 874 καθάπαξ
1723 828 1896 882 ἀδιάφορα
1926 822 2034 878 εἶναι,
2051 822 2121 868 οἶον
2153 828 2192 868 τὸ
2223 832 2402 882 προτεῖναι
2428 826 2487 867 τὸν

1433 887 1601 927 δάκτυλον
1618 887 1679 926 ὧδι
1700 886 1723 935 ἢ
1744 888 1825 937 ὡδί,
1843 887 1865 935 ἢ
1885 888 1925 927 τὸ
1951 888 2134 928 ἀνελέσθαι
2161 904 2196 927 τι
2225 903 2294 926 των
2325 884 2486 938 ἐμποδὼν

1433 945 1563 999 κάρφος
1583 946 1607 993 ἢ
1627 946 1769 1000 φύλλον.
1827 947 1931 987 Κατὰ
1963 947 2003 987 τὸ
2031 947 2198 1002 πρότερον
2216 946 2260 995 δὴ
2283 945 2424 988 λεκτέον
2444 945 2487 984 τὰ

1434 1005 1563 1057 μεταξὺ
1597 1006 1722 1057 ἀρετῆς
1750 1005 1810 1044 καὶ
1847 1006 1973 1051 κακίας
1999 1007 2172 1060 ἀδιάφορα
2203 1005 2365 1057 λέγεσθαι
2396 1003 2488 1044 κατὰ

1433 1064 1511 1108 τοὺς
1532 1063 1602 1102 ἀπὸ
1630 1068 1692 1112 τῆς
1712 1064 1877 1117 αἱρέσεως
1907 1064 2050 1114 ταύτης·
2072 1067 2110 1104 οὔ
2140 1064 2210 1117 μὴν
2231 1064 2317 1118 πρὸς
2342 1063 2488 1117 ἐκλογὴν

1434 1123 1495 1162 καὶ
1524 1123 1736 1174 ἀπεκλογήν.
1794 1125 1858 1163 Διὸ
1889 1123 1950 1162 καὶ
1979 1124 2023 1162 τὰ
2063 1124 2126 1176 μὲν
2159 1123 2257 1169 ἀξίαν
2286 1122 2490 1172 ἐκλεκτικὴν

1434 1181 1542 1234 ἔχειν,
1561 1181 1606 1220 τὰ
1619 1183 1650 1220 δ’
1671 1182 1821 1228 ἀπαξίαν
1833 1184 2103 1231 ἀπεκλεκτικήν,
2122 1182 2368 1233 συμὸλητικὴν
2388 1182 2419 1221 δ’
2436 1184 2490 1221 οὗ·

1435 1242 1556 1292 δαμῶς
1581 1240 1667 1294 πρὸς
1687 1241 1744 1281 τὸν
1765 1241 1955 1293 εὐδαίμονα
1978 1242 2066 1294 βίον.
2126 1243 2200 1282 Καὶ
2229 1241 2274 1282 τὰ
2307 1240 2370 1294 μὲν
2403 1236 2490 1282 εἶναι

1435 1300 1527 1339 κατὰ
1547 1299 1666 1352 φύσιν,
1679 1300 1724 1339 τὰ
1745 1300 1780 1340 δὲ
1795 1301 1890 1354 παρὰ
1905 1301 2023 1355 φύσιν,
2053 1301 2097 1341 τὰ
2117 1302 2153 1342 δὲ
2172 1301 2250 1341 οὔτε
2271 1301 2363 1341 κατὰ
2389 1301 2491 1355 φύσιν

1436 1359 1514 1398 οὔτε
1533 1359 1630 1413 παρὰ
1648 1358 1765 1414 φύσιν.
1827 1360 1933 1400 Κατὰ
1953 1360 2054 1414 φύσιν
2078 1360 2142 1413 μὲν
2167 1355 2225 1401 οὖν
2253 1361 2298 1402 τὰ
2329 1365 2490 1410 τοιαῦτα,

1437 1417 1584 1469 ὑγίειαν,
1605 1419 1719 1471 ἰσχύν,
1738 1419 1972 1473 αἰσθητηρίων
1995 1420 2202 1474 ἀρτιότητα,
2222 1419 2283 1460 καὶ
2305 1420 2351 1460 τὰ
2373 1435 2490 1474 παρα·

1437 1478 1571 1525 πλήσια
1590 1480 1738 1523 τούτοις.
1796 1478 1906 1533 Παρὰ
1926 1480 2026 1532 φύσιν
2047 1477 2084 1518 δὲ
2112 1480 2155 1518 τὰ
2185 1482 2355 1530 τοιαῦτα,
2376 1479 2491 1526 νόσον,

1439 1537 1635 1589 ἀσθένειαν,
1651 1538 1819 1592 πήρωσιν,
1840 1538 1967 1586 καὶτὰ
1989 1542 2150 1579 τοιαῦτα.
2208 1539 2302 1579 Οὔτε
2333 1538 2368 1578 δὲ
2401 1537 2492 1577 κατὰ

1439 1597 1538 1652 φύσιν
1556 1597 1634 1637 οὔτε
1654 1598 1752 1651 παρὰ
1770 1598 1889 1652 φύσιν,
1906 1600 2022 1653 ψυχῆς
2043 1597 2263 1637 κατάστασιν
2285 1597 2346 1637 καὶ
2367 1596 2494 1648 σώμα-

1437 1673 1494 1701 τος
1507 1686 1518 1706 ,
1535 1658 1614 1695 καθ’
1632 1657 1676 1705 ἣν
1695 1660 1718 1705 ἡ
1743 1657 1806 1708 μέν
1825 1659 1898 1696 ἔστι
1927 1660 2126 1711 φαντασιῶν
2159 1658 2295 1712 ψευδῶν
2328 1656 2494 1706 δεκτική,

1438 1717 1479 1756 τὸ
1506 1715 1542 1754 δὲ
1563 1716 1761 1768 τρωμάτων
1781 1717 1840 1756 καὶ
1861 1716 2053 1769 πηρώσεων
2077 1716 2247 1766 δεκτικόν,
2263 1717 2324 1755 καὶ
2344 1716 2388 1756 τὰ
2412 1715 2495 1755 τού·

1439 1790 1510 1820 τοις
1535 1773 1652 1826 ὅμοια.
1710 1778 1893 1816 Ποιεῖσθαι
1929 1774 1964 1814 δὲ
1993 1775 2135 1828 λέγουσι
2164 1775 2222 1815 τὸν
2254 1775 2334 1848 περὶ
2362 1777 2494 1814 τούτων

1439 1834 1540 1886 λόγον
1565 1838 1634 1873 τῶν
1658 1835 1807 1889 πρώτων
1832 1834 1924 1874 κατὰ
1949 1835 2048 1888 φύσιν
2073 1851 2132 1873 και
2152 1834 2250 1888 παρὰ
2269 1833 2494 1889 φύσιν.Το

1440 1892 1509 1946 γὰρ
1531 1893 1692 1945 διαφέρον
1713 1909 1773 1933 και
1795 1893 1835 1932 τὸ
1863 1893 2051 1946 ἀδιάφορον
2077 1895 2146 1931 τῶν
2170 1892 2256 1947 πρός
2280 1907 2315 1932 τι
2347 1891 2494 1945 λεγομέ·

1446 1968 1514 1991 νων
1547 1956 1648 1991 εἶναι.
1707 1952 1806 1992 Διότι
1836 1968 1915 2002 καν,
1932 1968 2038 2007 φασι
2055 1952 2214 2005 λέγωμεν
2246 1951 2419 2006 ἀδιάφορα
2451 1950 2495 1991 τὰ

1404 2055 2480 2065 —ffld

1447 2108 1546 2146 atque
1563 2104 1675 2137 eadem
1690 2105 1813 2138 ratione
1829 2104 1861 2136 in
1877 2104 2011 2145 reliquis
2026 2104 2206 2137 secundum
2221 2113 2296 2137 suas
2310 2103 2494 2136 divisiones.

1487 2165 1570 2196 Cum
1598 2166 1707 2196 autem
1733 2164 1812 2196 satis
1829 2164 1931 2196 multa
1961 2163 2000 2196 de
2024 2163 2116 2196 bonis
2135 2165 2170 2197 et
2195 2163 2308 2204 malis,
2333 2163 2375 2196 de
2394 2172 2493 2204 expe-

1447 2223 1554 2257 tendis
1582 2224 1615 2257 et
1631 2223 1807 2264 fugiendis,
1836 2222 1877 2255 de
1909 2222 1972 2254 tine
2002 2230 2040 2254 ac
2058 2222 2209 2255 felicitate
2236 2221 2493 2262 disseruerimus,

1445 2283 1660 2316 necessarIum
1675 2281 1769 2315 nobis
1783 2281 1888 2314 visum
1901 2283 1953 2314 est
1962 2305 1972 2322 ,
1987 2281 2042 2314 illa
2067 2289 2197 2322 quoque
2211 2289 2286 2323 quae
2301 2281 2342 2314 de
2366 2281 2495 2314 indiffe-

1446 2341 1591 2375 rentibus
1607 2341 1760 2374 dicuntur
1777 2349 1838 2372 suo
1856 2340 1927 2373 loco
1946 2340 2106 2382 persequi.
2149 2341 2275 2373 Vocant
2290 2339 2386 2381 igilur
2401 2341 2496 2373 indif-

1447 2401 1600 2442 ferentia,
1623 2409 1697 2442 quoe
1721 2400 1805 2432 inter
1822 2400 1906 2432 bona
1923 2401 1955 2432 et
1973 2400 2057 2432 mala
2087 2399 2339 2433 mediocritatem
2369 2401 2496 2441 tenent,

1445 2460 1564 2502 duplici
1590 2459 1687 2492 modo
1700 2468 1738 2492 ea
1754 2459 1884 2500 intelligi
1901 2459 2148 2499 contendentes,
2160 2460 2217 2492 aut
2234 2467 2309 2501 quoe
2333 2468 2393 2492 nec
2413 2459 2496 2492 bona

1446 2520 1522 2552 sunt
1530 2527 1591 2552 nec
1608 2518 1692 2551 mala
1705 2527 1843 2560 quaeque
1853 2527 1956 2560 neque
1967 2518 2145 2559 expetenda
2162 2527 2266 2560 neque
2277 2518 2426 2560 fugienda
2440 2518 2495 2552 ha-

1445 2579 1580 2619 bentur;
1593 2579 1650 2611 aut
1658 2587 1732 2620 quae
1748 2586 1852 2619 neque
1863 2578 2042 2619 appetitum
2052 2579 2184 2610 movent
2196 2586 2301 2619 neque
2310 2577 2472 2611 fastidium
2483 2602 2494 2618 ‚

1446 2642 1606 2680 quatenus
1626 2638 1778 2670 nonnulla
1793 2637 1926 2670 omnino
1942 2637 2039 2670 etiam
2057 2636 2272 2669 indifferentia
2290 2636 2443 2675 dicimus.
2461 2638 2498 2670 ut

1447 2696 1581 2737 digitum
1599 2696 1664 2727 huc
1681 2696 1750 2727 sive
1766 2695 1842 2727 illuc
1862 2695 2041 2736 porrigere,
2057 2695 2095 2728 ut
2119 2694 2274 2727 festucam
2297 2698 2372 2728 ante
2401 2698 2497 2736 pedes

1447 2756 1585 2797 positam
1602 2754 1652 2788 vel
1668 2754 1781 2787 folium
1795 2754 1917 2787 tollere.
1962 2754 2064 2786 Priori
2080 2754 2211 2796 quidem
2222 2763 2318 2787 sensu
2331 2754 2496 2788 fatendum

1447 2817 1513 2855 est,
1528 2822 1603 2856 quae
1619 2814 1701 2846 inter
1718 2813 1870 2846 virtutem
1885 2815 1917 2844 et
1935 2812 2011 2845 vitia
2025 2814 2101 2846 sunt
2115 2813 2331 2846 indifferentia
2343 2813 2495 2855 appellari

1447 2874 1488 2906 ab
1507 2873 1693 2906 hominibus
1711 2873 1787 2904 huic
1802 2871 1949 2904 formulae
1967 2871 2058 2912 quasi
2074 2871 2227 2912 addictis,
2242 2881 2308 2904 nou
2325 2873 2435 2905 tamen
2446 2881 2498 2904 ea-
2523 2908 2526 2911 Α

1447 2935 1558 2974 tenus,
1576 2934 1613 2966 ut
1631 2940 1736 2974 neque
1753 2931 1898 2972 eligenda
1914 2931 1996 2971 sint,
2014 2940 2074 2963 nec
2093 2930 2302 2972 reprobanda.
2340 2931 2496 2969 Quocirca

1447 2993 1509 3026 alia
1525 2991 1642 3025 habere
1655 2991 1841 3032 dignitatem
1856 2990 1897 3022 ad
1913 2989 2109 3030 eligendum,
2119 2990 2181 3022 alia
2193 2989 2412 3030 indignitatem
2424 2999 2497 3032 quae

1448 3052 1488 3084 ad
1507 3050 1743 3093 reprobandum
1767 3050 1891 3091 valeat,
1905 3057 1965 3082 nec
1982 3047 2095 3082 'tamen
2114 3049 2292 3091 quidquam
2309 3058 2347 3082 ea
2362 3048 2402 3082 ad
2422 3050 2497 3082 vitae

1451 3111 1635 3144 felicitatem
1652 3109 1778 3143 afferre,
1822 3109 1926 3150 Atque
1940 3117 2051 3141 eornm
2064 3108 2194 3149 quidem
2211 3108 2273 3141 alia
2287 3117 2359 3142 esse
2374 3109 2498 3142 naturae

1449 3172 1679 3210 consentanea,
1695 3169 1758 3202 alia
1775 3178 1852 3203 vero
1867 3177 1886 3201 a
1901 3169 2017 3201 natura
2033 3168 2223 3208 abliorrere,
2237 3168 2299 3201 alia
2318 3177 2423 3210 neque
2439 3177 2498 3201 na·

1447 3232 1532 3264 turae
1560 3229 1732 3263 convenire
1751 3237 1855 3270 neque
1872 3228 1901 3273 ei
1926 3236 2116 3268 repugnare.
2160 3229 2289 3260 Naturae
2307 3227 2403 3268 igitur
2418 3236 2498 3260 con·

1449 3299 1562 3332 gruere
1581 3290 1751 3323 sanitatem
1762 3312 1773 3329 ‚
1788 3287 1898 3327 robur,
1914 3295 2067 3319 sensuum
2084 3287 2301 3327 integritatem
2318 3288 2350 3319 et
2361 3295 2437 3328 quas
2450 3287 2498 3320 his

1450 3352 1525 3381 sunt
1538 3349 1665 3381 similia.
1711 3347 1832 3380 contra
1844 3355 1863 3379 a
1876 3347 1990 3378 natura
2016 3345 2190 3378 abhorrere
2215 3345 2498 3385 morbum,imbe-

1450 3407 1613 3439 cillitatem
1624 3432 1634 3448 ‚
1658 3407 1799 3448 corporis
1827 3404 2081 3438 imminutionem
2107 3405 2141 3437 et
2166 3403 2293 3437 similia.
2338 3405 2497 3436 Caeterum

1451 3474 1555 3506 neque
1567 3466 1738 3498 convenire
1751 3466 1875 3497 naturae
1887 3472 1991 3505 neque
2007 3462 2294 3504 repugnareanimi
2311 3464 2343 3496 et
2357 3464 2498 3504 corporis

1456 3523 1739 3563 constitutionem3
1761 3531 1823 3564 qua
1842 3522 1895 3554 ille
1911 3521 2041 3563 quidem
2058 3529 2211 3552 vanarum
2231 3521 2418 3569 imaginum,
2437 3521 2498 3552 hoc
