2638 3840
1065 210 1117 250 IN
1155 211 1385 299 TiMAEUff
1424 214 1697 256 PLATONts.
2378 228 2443 263 191

295 298 386 334 sunt,
396 294 453 337 qui
467 302 488 327 a
497 293 593 327 nobis
606 295 764 328 vocantur
777 295 868 328 soni:
884 296 1036 330 hiantem
1049 298 1134 339 soni,
1149 300 1252 341 prima
1267 303 1344 334 sunt

294 351 507 387 rme-menta
531 353 657 386 unlus
700 354 758 387 Est
773 355 883 387 autem
902 353 936 387 in
952 355 1041 388 sonis
1058 355 1240 390 «haerentia
1252 360 1345 398 erxla

273 411 487 446 uchordarum
499 410 727 446 intensionem.
759 412 928 455 Siquidem
937 415 1025 447 acuti
1038 415 1110 447 soni
1124 416 1346 450 vehementius

294 473 329 506 et
339 472 437 505 citius
450 480 601 514 percusso
616 480 690 506 aere
698 473 882 507 excitantur
894 474 1078 516 :graviores
1087 477 1209 517 autem,
1220 478 1344 518 quoties

294 531 432 565 leniores
454 532 489 565 et
519 531 677 566 tardiores
702 533 814 575 pulsus
830 536 939 566 erunt.
984 535 1027 567 Et
1045 538 1198 568 accentus
1213 537 1344 578 quidem

293 591 455 625 exsistunt
465 600 506 625 ex
522 591 625 625 nimio
639 590 836 635 incitataque
849 592 943 635 pulsu
961 606 970 627 ι
988 596 1164 628 succentus
1179 604 1268 636 vero,
1282 596 1344 629 leni

291 653 326 686 et
343 651 495 686 tardiore.
537 653 584 685 Ex
606 652 794 686 accentibus
818 662 916 695 porm
932 654 965 687 et
981 654 1208 694 succentibus,
1226 656 1344 689 variata

293 711 419 746 ratione
430 711 563 745 musicas
574 711 754 752 cantilena,
768 712 935 764 συμφωνία
952 712 1083 747 dicitur.
1127 715 1235 747 Prima
1250 715 1346 755 igitur

292 771 486 814 symphonia
499 779 575 813 quae
587 772 619 804 in
635 773 776 814 quatuor
796 772 908 815 primis
924 772 1066 806 modulis
1081 773 1259 813 invenitur,
1271 782 1344 815 quae

292 831 347 865 διὰ
359 831 520 873 τεσσάρων
533 831 672 865 dicitur:
687 831 828 866 secunda
845 841 923 866 vern
933 841 1007 874 quoe
1020 842 1060 866 ex
1075 833 1219 875 quinque
1233 833 1345 875 primis

292 890 432 925 modulis
446 893 591 931 constat,
602 890 655 924 διὰ
666 892 756 925 πέντε
771 892 999 933 cognominata
1011 894 1073 925 est.
1117 892 1245 932 Quibus
1257 901 1342 924 com·

291 950 407 994 positis
420 950 452 983 iu
466 950 631 990 ordinem,
647 950 790 984 nascitur
801 960 840 984 ea
857 952 1039 992 camitem,
1053 961 1128 995 quae
1146 952 1295 995 ἐπόγδοος
1313 954 1346 985 et

290 1011 344 1044 διὰ
363 1013 477 1044 πασῶν
505 1012 654 1044 vocatur.
700 1012 872 1052 Propterea
899 1007 1086 1053 epogdous,
1115 1013 1192 1053 quia
1220 1014 1344 1046 veteres

292 1069 408 1103 musici
424 1073 499 1104 octo
515 1070 593 1103 solis
609 1069 741 1103 chordis
753 1070 946 1112 utebantur;
959 1079 1098 1113 quarum
1116 1071 1266 1115 princeps
1277 1077 1346 1106 erat

291 1129 416 1169 ὑπάτη.
441 1129 540 1163 edens
570 1129 799 1171 gravissimum
831 1138 950 1163 sonum
971 1129 1113 1163 :ultima
1139 1139 1217 1163 vero
1245 1131 1344 1171 νήτη,

292 1190 392 1223 edens
407 1191 551 1223 acutum.
595 1190 658 1230 Qui
671 1189 738 1223 duo
749 1189 869 1223 diversi
885 1189 956 1223 soni
973 1189 1093 1223 habent
1110 1190 1193 1223 inter
1212 1198 1248 1224 se
1262 1192 1344 1223 miro

292 1250 435 1292 quodam
456 1258 572 1292 genere
587 1253 801 1291 concentum,
819 1253 853 1283 et
868 1249 1127 1283 consonantiam.
1174 1249 1252 1282 Post
1268 1257 1346 1282 vero

292 1312 387 1344 ancta
403 1311 529 1344 musica
549 1313 599 1344 est
614 1311 791 1354 assumptis
805 1310 839 1344 in
858 1313 1031 1353 utramque
1053 1310 1178 1352 partem
1201 1309 1346 1351 pluribus

293 1370 412 1403 [idibus
442 1383 450 1403 ι
474 1370 598 1412 priores
629 1370 735 1403 lamen
764 1369 969 1411 symphonia>
996 1370 1206 1411 perseverant
1227 1369 1260 1402 in
1284 1378 1345 1402 suo

292 1429 424 1463 nomine
434 1453 446 1470 ‚
458 1431 492 1462 et
506 1438 547 1463 ex
564 1429 615 1462 his
630 1429 698 1470 hoe,
710 1437 787 1471 qum
802 1428 1024 1468 addebantur,
1042 1428 1342 1470 componebantnr3

292 1487 329 1519 nt
345 1486 398 1519 διὰ
413 1490 529 1520 πασῶν
546 1486 700 1528 adjuncta
718 1485 779 1519 sibi
805 1494 844 1519 ea
858 1494 933 1528 quoe
950 1486 1003 1519 διὰ
1029 1485 1192 1528 τεσσάρων
1213 1486 1344 1526 dicitur,

291 1546 443 1589 adjuncta
457 1555 589 1589 quoque
612 1545 677 1579 alia
697 1546 748 1579 διὰ
769 1546 881 1586 πέντε,
908 1546 1032 1588 accepit
1054 1545 1216 1588 duplicem
1241 1545 1344 1587 perte·

291 1606 447 1648 monem,
470 1608 701 1649 proptereaque
716 1606 762 1644 ste
774 1606 827 1639 διὰ
842 1609 957 1641 πασῶν
970 1606 1115 1638 vocatur.

332 1667 448 1700 xmv.
473 1667 542 1700 ilos
561 1666 658 1708 igitur
677 1665 882 1699 concinentes
897 1664 960 1698 sibi
978 1664 1118 1698 invicem
1140 1672 1257 1706 sonos,
1277 1663 1343 1707 pri·

293 1734 366 1759 mua
393 1724 511 1759 dicitur
540 1725 737 1768 Pythagoras
764 1727 896 1759 notasse
921 1725 956 1759 et
976 1723 1193 1766 intellexisse,
1226 1723 1345 1757 habere

291 1784 432 1828 aliquam
449 1794 525 1819 cum
545 1785 687 1818 numeris
706 1784 962 1827 germanitatem.
986 1785 1101 1826 ltaque
1113 1783 1168 1818 διὰ
1179 1783 1345 1827 τεσσάρων

292 1845 487 1879 οισωαιιω
515 1843 598 1878 dixit
617 1844 753 1879 eandem
775 1843 894 1878 habere
924 1843 1102 1885 rationem,
1122 1851 1220 1886 quarn
1248 1843 1345 1877 habet

293 1903 444 1947 epitritus
460 1903 493 1937 in
511 1904 668 1938 numeris.
712 1905 856 1938 Rursum
871 1904 926 1938 διὰ
939 1905 1030 1938 πέντε
1042 1903 1269 1947 symphoniam
1286 1904 1344 1937 ha·

293 1962 370 1997 here
385 1962 542 1997 rationem
558 1962 698 1997 similem
711 1966 782 2004 elus
794 1962 996 2006 quantitatis,
1007 1971 1082 2005 quoe
1093 1963 1346 2004 estsescuplaris

294 2021 328 2056 in
338 2023 482 2057 numeris
499 2035 508 2056 ι
521 2023 574 2056 διὰ
583 2026 697 2056 πασῶν
711 2031 789 2056 vero
798 2047 809 2065 ,
821 2023 889 2056 vim
901 2022 1048 2056 obtinere
1056 2021 1195 2066 duplicis
1211 2022 1343 2065 quanti·

293 2082 382 2115 tatis.
405 2083 517 2124 Itaque
529 2082 803 2124 oomffnarationem
814 2081 890 2115 fecit
900 2081 1085 2122 huiusmodi
1097 2105 1108 2122 ,
1123 2084 1160 2115 ut
1166 2081 1322 2124 diapason
1334 2105 1344 2122 ‚

293 2141 536 2176 etdiatessaron
547 2141 757 2184 symphonias
775 2143 898 2175 tantam
918 2141 1037 2175 habere
1056 2141 1277 2175 differentiam
1294 2141 1345 2175 di·

293 2203 401 2244 earet,
415 2203 569 2244 quantam
580 2201 699 2234 habent
712 2201 794 2235 inter
808 2210 844 2234 se
854 2202 930 2235 octo
944 2203 978 2234 et
990 2200 1063 2235 tria.
1108 2202 1192 2235 Octo
1208 2202 1298 2235 enim
1314 2203 1345 2235 et

293 2261 410 2304 duplex
426 2264 486 2299 est.
499 2263 532 2295 et
544 2260 595 2295 his
607 2261 759 2303 epitritus
774 2261 876 2294 trium
891 2261 1032 2294 numeri.
1077 2262 1222 2294 Rursum
1238 2261 1347 2303 diapa-

295 2329 376 2363 σου,
402 2323 437 2356 et
459 2321 627 2365 diapente,
650 2321 806 2355 rationem
831 2320 913 2353 dixit
935 2320 1053 2354 lubere
1081 2319 1189 2362 tripli;
1209 2321 1243 2353 at
1268 2329 1346 2354 vero

294 2380 515 2425 disdiapason,
529 2380 718 2424 quadrupli:
734 2384 836 2414 tonon
849 2389 939 2421 vero,
950 2379 1100 2423 epogdoi.
1126 2380 1345 2413 ltemitonium

294 2441 382 2484 quod
399 2441 530 2481 dicitur,
544 2450 563 2474 a
577 2440 739 2474 veteribus
751 2441 859 2474 autem
871 2439 969 2478 δίεσις
981 2439 1215 2483 appellabatur,
1229 2441 1346 2482 λεῖμμα

294 2500 544 2543 cognominavit.
589 2500 714 2534 υωωι
733 2508 810 2534 vem
824 2500 893 2540 est,
908 2509 983 2533 curn
1005 2498 1127 2541 aliquid
1146 2499 1237 2533 deest
1258 2500 1342 2532 inte·

294 2561 413 2603 gritau.
457 2562 527 2595 linc
547 2559 654 2601 ipsum
673 2558 760 2602 duod
780 2559 888 2600 decet,
911 2558 945 2593 id
966 2560 1016 2593 est
1029 2583 1038 2599 ,
1062 2558 1244 2600 ἡμιτόνιον,
1278 2559 1346 2591 sive

294 2621 425 2663 λιῖμμα.
448 2619 531 2654 dixit
555 2618 639 2653 hanc
662 2618 781 2653 habere
803 2618 981 2660 rationem,
1007 2627 1106 2661 quam
1125 2618 1244 2652 hahent
1264 2618 1346 2651 inter

294 2690 332 2716 se
348 2681 474 2715 numeri
486 2706 496 2722 ,
514 2681 547 2714 id
564 2683 633 2722 est,
652 2680 868 2714 ducentorum
888 2679 1119 2722 quinquaginta
1132 2689 1190 2713 sex
1204 2688 1344 2719 summa,

293 2740 451 2774 adversus
465 2747 627 2774 summam
639 2738 855 2773 ducentorum
871 2737 1085 2781 quadraginta
1106 2738 1203 2772 trium
1219 2750 1227 2771 z
1245 2746 1345 2780 expe-

295 2800 410 2835 riendo
435 2799 476 2833 ad
505 2798 712 2842 disciplinam
744 2798 860 2832 irarum
891 2806 1000 2831 rerum
1029 2799 1127 2840 alque
1150 2796 1345 2830 intellectum

296 2860 441 2894 vocatus.
484 2856 660 2901 suspendit
680 2857 786 2900 enlm,
817 2857 948 2900 opinor,
974 2858 1139 2890 momenta
1168 2855 1344 2898 ponderum

294 2921 383 2953 certa
403 2917 554 2960 chordis,
580 2916 763 2960 aquatum
791 2920 858 2951 tam
883 2915 916 2949 ln
947 2915 1150 2959 prolixitate,
1184 2923 1283 2958 quarn
1314 2916 1345 2949 in

295 2976 507 3012 crassitudine
535 2987 547 3010 ι
571 2977 605 3011 et
629 2975 755 3011 invenlt
771 2983 847 3011 euru
865 2975 923 3018 qui
948 2976 1042 3013 τόνος
1067 2974 1197 3016 dicitur,
1218 2975 1251 3008 in
1270 2978 1345 3009 octo

293 3046 367 3072 esse
389 3036 574 3071 momentis.

336 3097 434 3131 XLV.
461 3097 508 3131 lta
532 3095 726 3139 symphonia
745 3095 880 3130 musicm
902 3093 1106 3138 symphonia
1135 3102 1344 3128 numerorum

298 3156 471 3192 concinere
498 3156 673 3191 invenitur.
718 3156 802 3196 Quia
832 3156 929 3198 igliur
954 3155 1109 3198 diapason
1146 3164 1187 3189 ex
1202 3175 1204 3177 -
1217 3153 1347 3189 duabus

296 3215 482 3261 primiani·
496 3214 675 3258 cantilenis,
686 3214 887 3249 diatessaron
896 3216 930 3247 et
939 3213 1091 3256 diapente
1102 3214 1250 3255 constat,
1265 3215 1347 3248 ratio

295 3278 407 3311 autem
426 3274 582 3319 diapason
604 3274 737 3318 quidem
763 3274 796 3308 lu
823 3274 945 3317 duplici
966 3273 1146 3316 quantitate
1170 3273 1273 3316 posita
1294 3273 1343 3308 ln·

298 3334 439 3374 venitur.
453 3334 655 3370 diatessaron
678 3342 756 3367 vero
775 3333 808 3367 in
834 3332 986 3375 epitrito,
1008 3331 1162 3375 diapente
1185 3333 1294 3367 autern
1313 3332 1344 3366 in

297 3393 446 3436 meapte»
470 3405 479 3428 z
497 3393 598 3428 etiarn
613 3393 640 3427 i·
662 3401 839 3432 numerus,
856 3400 955 3434 quern
979 3392 1011 3424 in
1030 3390 1151 3434 duplici
1169 3393 1347 3434 quantitate

298 3451 447 3487 dialmus
479 3451 635 3494 invenirl,
665 3452 794 3486 munet
826 3459 958 3485 neccsse
986 3452 1036 3485 tat
1070 3458 1110 3485 es
1137 3449 1284 3493 epitrito,
1315 3451 1347 3484 et

1406 301 1566 344 sescuplo.
1613 303 1739 336 Etenim
1754 305 1830 336 ocio
1843 312 1998 337 numerus
2010 313 2069 338 sex
2086 307 2210 340 numeri
2229 308 2378 349 epitritus
2394 311 2456 349 est,

1406 363 1481 395 octo
1498 370 1576 395 vero
1597 362 1740 403 numeri,
1758 362 1931 396 duodecim
1944 372 2102 397 numerus
2119 365 2325 407 sescuplaris.
2372 369 2456 403 Duo-

1405 420 1511 454 decim
1533 421 1630 462 igitur
1649 430 1803 455 numerus
1815 446 1826 463 ,
1847 431 1905 455 sex
1923 423 2050 456 numeri
2067 423 2207 466 duplex,
2224 425 2280 467 qui
2302 426 2459 460 dividitur

1407 480 1440 512 in
1459 480 1621 522 epitritam
1652 482 1830 521 rationem,
1850 481 1972 515 scilicet
1993 482 2166 516 duodecim
2196 483 2373 518 adversum
2397 494 2458 518 no·

1407 547 1480 572 vern
1499 541 1556 573 :et
1576 540 1672 574 aliam
1691 540 1922 584 sescuplarem,
1934 541 2058 575 scilicet
2076 550 2194 576 norem
2209 542 2368 577 adversus
2387 553 2456 578 sex.

1408 599 1549 631 Rursum
1565 599 1716 642 diapente
1733 599 1907 634 adversum
1920 600 2118 634 diatessaron
2135 602 2361 644 symphoniam
2377 612 2459 646 prze-

1406 656 1494 690 cellit
1513 666 1579 690 uno
1597 660 1688 692 tono.
1733 658 1862 701 Quippe
1878 658 2031 701 diapente
2047 661 2174 694 constat
2184 668 2224 694 ex
2238 661 2342 694 tribus
2359 662 2455 703 tonis,

1405 716 1438 748 et
1465 715 1640 749 hemitonio
1662 729 1671 750 ε
1691 716 1891 752 diatessaron
1910 727 1989 752 vero
2007 728 2048 752 ex
2064 718 2194 752 duobus
2213 719 2298 752 tonis
2312 722 2346 753 et
2360 720 2459 753 hemi·

1408 774 1508 807 tenio.
1554 777 1601 808 Ex
1614 785 1680 817 quo
1692 779 1838 819 apparet,
1850 780 1950 812 tonon
1961 778 1994 811 in
2006 778 2152 821 epogdoa
2162 780 2287 813 ratione
2298 779 2456 813 inveniri:

1406 836 1438 869 et
1455 836 1640 878 sescuplum
1661 838 1796 871 modum
1812 839 1943 881 epitrito
1957 839 2054 873 modo
2073 840 2230 883 potiorem
2246 849 2319 874 esse
2338 841 2461 875 ratione

1405 895 1561 936 epogdoa.
1605 896 1772 938 Siquidem
1788 908 1829 931 ex
1843 899 2008 942 sescuplo,
2021 903 2136 942 utputa
2151 909 2268 933 novem
2284 900 2459 933 adversum

1405 963 1482 995 sex,
1509 954 1638 988 sublato
1660 956 1791 998 epitrito
1812 959 1886 991 octo
1917 959 2094 1001 adversum
2113 968 2189 1001 sex,
2209 961 2355 1002 superest
2378 968 2458 1002 epo·

1404 1013 1508 1056 gdous
1534 1014 1673 1054 modus,
1691 1015 1723 1047 id
1743 1019 1793 1049 est
1814 1026 1931 1051 novem
1956 1018 2131 1051 adversum
2153 1021 2240 1052 octo.
2284 1021 2366 1052 Item
2383 1018 2459 1061 quia

1404 1072 1561 1115 diapason
1587 1074 1780 1116 symphonia
1803 1074 1836 1108 in
1862 1075 1984 1116 duplici
2013 1077 2111 1110 modo
2139 1078 2242 1120 posita
2280 1077 2459 1120 invenitur,

1404 1132 1605 1166 diatessaron
1625 1136 1734 1167 autem
1753 1134 1786 1167 iu
1804 1134 1955 1176 epitrita,
1977 1136 2065 1177 quod
2085 1146 2125 1170 ex
2158 1137 2206 1170 his
2223 1137 2340 1179 contit,
2366 1138 2398 1171 in
2420 1146 2459 1171 ea

1406 1193 1528 1227 ratione
1546 1194 1687 1236 positum
1708 1193 1901 1235 dinoscitur,
1924 1195 1959 1228 in
1981 1204 2045 1237 qua
2062 1197 2112 1229 est
2129 1198 2204 1229 octo
2227 1205 2381 1230 numerus
2401 1197 2460 1230 ad·

1406 1261 1536 1286 versum
1553 1253 1615 1286 tria
1634 1262 1808 1286 numerum
1834 1266 1843 1286 ι
1874 1253 1996 1287 etenim
2012 1255 2112 1288 trium
2135 1255 2263 1297 epitrita
2282 1257 2359 1290 sunt
2377 1265 2459 1298 qua·

1405 1313 1492 1353 tuor,
1505 1312 1622 1346 horum
1642 1312 1782 1355 duplicia
1798 1314 1884 1347 octo.
1928 1314 2092 1356 Diapason
2107 1317 2233 1355 autem,
2247 1316 2280 1348 et
2294 1315 2458 1358 diapente,

1404 1371 1439 1404 in
1469 1372 1593 1406 ratione
1619 1371 1727 1415 tripla.
1773 1372 1974 1415 sescuplaris
2004 1374 2109 1415 enim,
2135 1376 2168 1408 et
2195 1374 2335 1415 duplex,
2362 1375 2459 1408 simui

1406 1431 1599 1472 compositi,
1620 1431 1765 1465 eiliciunt
1777 1432 1866 1465 hunc
1881 1432 2022 1466 eundern
2032 1456 2043 1474 ,
2059 1433 2091 1465 id
2108 1434 2179 1474 est,
2194 1432 2305 1466 decem
2321 1437 2353 1467 et
2372 1435 2459 1474 octo,

1405 1491 1527 1533 quippe
1540 1500 1660 1525 novem
1681 1491 1856 1525 adversum
1877 1500 1934 1526 sex
1952 1494 2176 1534 comparatus,
2195 1492 2388 1534 sescuplaris
2406 1493 2455 1526 in·

1405 1550 1557 1591 venitur;
1586 1551 1679 1591 cujus
1707 1551 1821 1585 decem
1843 1553 1878 1586 et
1909 1553 1985 1585 octo
2012 1561 2190 1593 numerus,
2219 1553 2340 1595 duplex
2368 1555 2418 1586 est
2447 1565 2456 1586 ι

1406 1609 1520 1652 triplex
1539 1618 1634 1651 veru,
1650 1609 1823 1644 adversum
1843 1619 1901 1645 sex
1920 1613 2140 1654 comparatus.
2185 1611 2338 1646 Similiter
2359 1612 2456 1645 etiam

1406 1678 1445 1703 ea
1462 1669 1655 1712 symphonia
1670 1678 1745 1711 quin
1767 1670 1958 1713 disdiapson
1981 1671 2174 1713 appellatur,
2193 1671 2348 1704 rationem
2370 1670 2458 1704 obti-

1405 1730 1462 1763 net
1490 1727 1676 1771 quadrupli.
1718 1728 1859 1763 Additus
1886 1729 1974 1764 enim
1999 1729 2116 1772 triplex
2145 1738 2303 1763 numerus
2331 1729 2460 1771 epitrito

1406 1797 1564 1830 nurnero,
1581 1787 1724 1830 complet
1743 1788 1959 1831 quadruplam
1987 1789 2201 1831 quantitatem
2223 1802 2232 1822 ε
2251 1791 2286 1822 et
2308 1788 2459 1830 diapente

1407 1848 1620 1890 symphonia,
1638 1846 1751 1881 addita
1773 1847 1932 1890 diapason
1959 1847 2186 1890 symphoniae,
2206 1848 2335 1890 triplam
2361 1846 2460 1881 euicit

1406 1908 1630 1949 quantitatem.
1677 1907 1882 1941 Diatessaron
1898 1916 1978 1941 vero
1992 1907 2204 1950 symphonia,
2225 1907 2354 1949 epitrita
2377 1906 2459 1940 ratio

1407 1971 1481 2008 est,
1502 1970 1539 2002 ut
1565 1977 1654 2011 saepe
1669 1968 1738 2010 iarn
1756 1967 1917 2001 diximus.
1963 1970 2009 2002 Ex
2028 1968 2078 2001 his
2103 1969 2212 2002 autern
2225 1992 2235 2008 ,
2253 1967 2460 2010 disdiapason

1406 2029 1534 2061 constat
1548 2027 1754 2070 symphonia.
1800 2028 1924 2061 Etenim
1943 2027 2056 2061 decem
2076 2030 2108 2061 et
2128 2030 2203 2061 otto
2222 2036 2376 2060 numerus
2399 2035 2456 2060 sex

1407 2096 1582 2121 numerum
1610 2087 1707 2130 triplo
1733 2088 1843 2121 anteit.
1888 2088 1983 2120 nunc
2013 2087 2120 2129 ipsum
2146 2090 2256 2120 autem
2285 2086 2397 2120 decem
2426 2088 2460 2119 et

1406 2148 1481 2180 octo
1504 2156 1676 2181 numerum
1705 2147 1833 2188 epitrita
1877 2147 2002 2181 ratione
2028 2147 2183 2189 prmcellit
2206 2146 2460 2189 vigintiquatuor

1406 2214 1573 2240 numerus.
1615 2206 1879 2248 Vigintiquatuor
1900 2209 2008 2240 autern
2027 2215 2180 2239 numerus
2195 2205 2367 2239 adversum
2398 2214 2455 2239 sex

1407 2266 1632 2308 comparatus,
1654 2267 1770 2307 quater
1789 2268 1899 2298 tantus
1913 2267 1974 2298 cst.
2020 2267 2227 2307 Rursumque
2250 2274 2306 2299 sex
2326 2265 2456 2298 numeri

1407 2325 1556 2368 epitritus
1576 2328 1625 2358 est
1642 2325 1832 2358 octonarius
1848 2333 2005 2358 numerus
2023 2334 2032 2357 ε
2053 2325 2149 2366 huius
2166 2326 2276 2358 autem
2290 2324 2391 2366 ipsius
2403 2324 2458 2358 tri·

1407 2385 1480 2426 plus
1507 2386 1557 2417 est
1579 2383 1625 2425 is,
1653 2384 1709 2426 qni
1741 2383 1774 2417 in
1806 2383 2060 2426 vigintiquatuor
2087 2383 2260 2418 momtis
2280 2382 2456 2418 invenitur.

1409 2443 1498 2477 idem
1521 2445 1629 2476 autem
1658 2442 1913 2485 vigintiquatuor
1941 2451 2117 2483 numerus,
2139 2452 2196 2477 sex
2219 2444 2348 2477 numeri
2374 2451 2456 2485 qua-

1406 2502 1544 2545 druplus
1563 2502 1738 2535 invenitur.

1451 2563 1565 2596 ΧΙΝΙ.
1590 2562 1648 2595 liis
1673 2570 1750 2603 ergo
1770 2561 1860 2594 hunc
1879 2561 1911 2594 in
1940 2561 2075 2595 modum
2095 2562 2291 2604 peragratis,
2310 2560 2351 2594 ad
2370 2561 2457 2595 ordi·

1407 2620 1545 2653 nationis
1564 2619 1665 2662 ipsius
1681 2619 1971 2653 considerationem
1987 2621 2197 2654 revertamur.

1447 2679 1623 2719 ἸΙμιολὶων
1640 2680 1674 2713 ὀὶ
1693 2680 1892 2713 cenezaeum
1910 2681 1965 2713 nai
1981 2679 2142 2722 ἐπιτρίτων
2161 2681 2213 2712 καὶ
2226 2680 2387 2721 ἐπογδόων
2404 2690 2456 2720 γι·

1411 2739 1545 2779 νομένων
1557 2763 1567 2780 ,
1583 2740 1620 2772 tx
1637 2736 1835 2773 tofirmv'ru‘w
1853 2741 1979 2781 δεσμῶν
1997 2739 2029 2771 iv
2045 2742 2112 2776 ταῖς
2124 2740 2258 2781 πρόσθεν
2274 2739 2458 2771 διαστάσεσι

1407 2801 1452 2838 τῷ
1471 2801 1527 2830 τοῦ
1556 2798 1711 2839 ἐπογδόου
1730 2798 1921 2841 διαστήματι
1949 2799 1989 2831 τὰ
2010 2797 2153 2839 ἐπίτριτα
2179 2797 2282 2831 πάντα
2312 2798 2458 2836 §winin-

1406 2860 1511 2899 ροῡτο.

1449 2918 1548 2951 Nam
1564 2918 1683 2960 itaque
1696 2916 1870 2950 limitibus
1887 2915 2129 2959 sescuplarem
2141 2940 2151 2956 ,
2162 2917 2197 2949 et
2213 2917 2294 2949 ilem
2315 2923 2431 2949 eorum
2444 2935 2455 2950 .

1406 2975 1533 3019 quibus
1551 2976 1687 3011 accedit
1699 2985 1787 3019 pars
1803 2978 1862 3010 sui
1885 2978 2016 3013 tertia.
2038 2974 2131 3018 quod
2154 2983 2262 3016 penus
2285 2984 2306 3007 a
2329 2975 2456 3007 Gracia

1406 3036 1562 3080 ἰκίτριτον
1581 3035 1734 3077 docuur,-
1756 3038 1790 3070 ec
1812 3038 1897 3069 item
1917 3043 2057 3075 eorum,
2074 3034 2203 3078 quibus
2222 3032 2355 3067 accedit
2374 3040 2457 3074 pars

1406 3098 1463 3130 sui
1485 3098 1629 3137 octava,
1646 3098 1707 3139 qui
1727 3104 1896 3131 numerus
1910 3094 2065 3136 ισόγδοος
2087 3093 2133 3127 ub
2155 3092 2283 3126 eudem
2296 3093 2454 3133 uocatur,

1405 3163 1451 3188 ex
1470 3155 1523 3189 hir
1539 3155 1686 3189 nexibus
1704 3155 1772 3190 illa
1786 3156 1907 3198 prima
1920 3157 2038 3197 spatio
2050 3177 2061 3192 ,
2078 3152 2116 3186 id
2134 3154 2184 3186 est
2202 3150 2364 3194 epoqdoi,
2378 3158 2456 3193 spo·

1408 3216 1466 3248 tiis
1485 3217 1712 3258 epitritorum
1729 3217 1889 3249 omnium
1914 3212 2102 3247 intervalia
2122 3209 2329 3254 complebat.

1448 3277 1531 3315 Qum
1550 3274 1645 3317 igitur
1669 3276 1748 3308 eunt
1773 3273 1826 3307 illa
1854 3274 1959 3316 prima
1985 3272 2112 3315 spana?
2142 3270 2197 3304 llla
2223 3269 2363 3309 scilieet,
2382 3276 2459 3311 qum

1406 3333 1610 3366 continentur
1622 3332 1655 3365 in
1675 3332 1823 3375 primitus
1844 3331 2007 3372 descripta
2025 3330 2125 3362 tonna
2138 3352 2148 3369 ,
2166 3335 2240 3370 qum
2261 3334 2301 3361 ex
2318 3325 2460 3368 duplici·

1407 3390 1469 3425 hus
1496 3390 1639 3425 numeris
1665 3395 1715 3425 est
1743 3390 1912 3431 ordinat-3
1938 3389 1970 3422 ln
1995 3397 2058 3431 qua
2096 3386 2272 3421 nascuntur
2292 3385 2456 3428 mcnpla·

1407 3460 1481 3491 rea,
1502 3453 1532 3485 ct
1547 3450 1679 3492 epitriti.
1726 3450 1762 3483 ln
1782 3450 1842 3483 hac
1860 3458 1935 3482 vero
1952 3457 2027 3490 quae
2044 3446 2188 3481 secundo
2205 3445 2277 3479 loco
2294 3443 2456 3487 dou-ipis
