2638 3840
265 239 338 274 186

261 322 404 354 cessione
423 322 572 355 moveant
588 321 811 361 aegritudinem
834 319 965 352 mundo.
1008 319 1107 359 Igitur
1132 319 1224 351 extra
1248 327 1304 351 ne-

261 381 490 414 cessitudinem
540 381 733 413 incommodi
766 380 888 422 positus
902 403 911 419 ,
944 381 1084 411 aeternus
1134 380 1194 411 est.
1241 379 1303 412 Sed

261 442 375 473 natura
405 441 547 482 corporis
578 440 675 472 fluida
694 442 763 479 est,
787 443 819 471 ct
846 438 984 470 mundus
1013 439 1139 470 constat
1161 447 1201 470 ex
1230 447 1302 470 cor-

263 508 340 540 pore
363 510 370 531 :
392 500 447 532 sed
468 501 499 531 et
528 499 755 531 detrimentum
786 500 819 530 et
843 497 991 529 interitus
1014 498 1151 537 partium
1181 506 1245 530 non
1270 498 1303 530 in

262 558 351 591 fluxu
368 559 438 598 est,
457 558 510 590 sed
529 558 559 590 in
578 557 738 589 effluendo
751 580 759 594 ‚
781 556 811 587 id
833 558 881 588 est
904 557 996 587 extra
1016 555 1155 588 fluendo.
1202 556 1302 589 Amit-

260 616 342 649 titur
364 617 483 658 quippe
512 616 543 648 id
570 616 655 657 quod
685 624 722 647 ex
757 614 971 647 universitate
1006 614 1170 647 defecerit.
1215 616 1304 648 Intra

265 675 420 707 mundum
439 683 515 707 vero
534 675 663 714 regestis
683 673 855 713 omnibus,
876 673 955 705 nihil
976 675 1063 706 certe
1081 675 1172 706 extra
1193 675 1305 708 mundi

260 733 417 766 ambitum
451 735 511 766 est.
574 734 621 765 lta
648 732 734 773 quod
766 732 948 764 secundum
980 733 1130 765 naturam
1164 734 1306 775 corporis

263 791 344 833 nuit,
361 801 425 833 quo
443 792 553 824 effluat
575 800 639 822 non
657 790 764 822 habet.
812 790 919 822 lntluit
935 798 1030 831 ergo,
1044 800 1108 824 non
1123 792 1224 824 eflluit
1243 805 1251 825 :
1274 794 1305 825 et

261 850 301 882 ad
320 859 478 883 summam
500 848 721 881 universitatis
737 848 863 889 iactura
882 848 1015 881 demum
1038 858 1206 883 recurrens
1230 850 1302 883 fati-

259 909 403 948 gatarum
423 907 630 939 diuturnitate
647 906 785 946 partium
802 906 954 939 recreatio
974 908 1034 940 est.

300 968 400 999 XXV.
425 966 528 1005 Quid,
545 965 630 1006 quod
650 965 817 997 institutus
833 966 882 998 est
904 965 944 997 ad
962 966 1149 1008 exemplum
1175 967 1305 1000 alterius

259 1025 464 1066 intelligibilis
489 1026 521 1056 et
539 1024 750 1056 immutabilis
768 1025 999 1065 perennitatis?
1016 1027 1088 1058 Jam
1108 1026 1186 1058 illud
1209 1036 1305 1059 nerno

261 1083 402 1124 dubitat,
426 1091 499 1124 quae
518 1083 558 1114 ad
576 1083 817 1116 similitudinem
836 1083 1051 1116 instituuntur
1070 1086 1208 1126 exempli
1226 1095 1305 1118 sern-

258 1142 390 1184 piterni,
411 1142 527 1174 babere
545 1142 791 1190 similitudinem
806 1143 1047 1184 perpetuitatis,
1062 1147 1094 1176 et
1109 1145 1305 1186 perpetuitas

258 1201 290 1232 in
308 1209 380 1232 aevo
392 1202 452 1232 est.
477 1202 586 1238 Quare
601 1200 785 1242 exemplum
799 1202 848 1233 est
863 1201 1070 1243 intelligibilis
1090 1203 1230 1235 mundus
1249 1213 1305 1245 per

257 1268 365 1291 aevum
387 1272 395 1292 ι
418 1259 450 1290 id
467 1268 544 1291 vero
568 1259 656 1300 quod
676 1259 715 1291 ad
731 1252 915 1301 exemplum
938 1261 1119 1293 institutum
1143 1264 1204 1302 est,
1230 1271 1303 1295 sen-

259 1318 326 1350 silis
346 1318 467 1350 scilicet
490 1318 634 1351 mundus
654 1328 710 1360 per
738 1320 895 1360 tempora.
940 1322 982 1352 Et
1004 1321 1156 1362 temporis
1173 1322 1304 1362 quidem

256 1377 442 1418 proprium,
463 1377 608 1419 progredi
627 1387 636 1407 t
663 1378 724 1410 aevi
746 1379 875 1419 propria
891 1380 1032 1420 mansio,
1057 1389 1246 1422 semperque
1273 1382 1305 1414 in

227 1461 231 1465 .
259 1435 345 1469 idem
363 1437 590 1477 perseveratio.
634 1437 802 1478 Temporis
817 1437 894 1469 item
912 1440 1042 1480 partes,
1061 1438 1142 1481 dies,
1165 1449 1305 1481 menses,

259 1496 392 1535 noctes,
415 1495 446 1527 et
461 1495 536 1527 anni
556 1495 642 1528 :aevi
659 1497 766 1537 partes
787 1497 898 1529 nullae.
945 1498 1118 1539 Temporis
1137 1499 1212 1531 item
1235 1508 1306 1540 spe-

259 1553 344 1594 eies,
366 1554 587 1595 praeteritum,
622 1563 787 1596 praesens,
817 1556 975 1589 futurum.
1020 1558 1093 1590 AEvi
1127 1558 1306 1590 substantia

262 1612 430 1644 uniformis
450 1612 483 1644 in
507 1612 577 1645 solo
599 1615 819 1655 perpetuoque
847 1617 1009 1656 praesenti.
1055 1617 1194 1649 Mundus
1211 1618 1307 1659 igitur

258 1670 462 1712 intelligibilis
487 1680 613 1713 semper
643 1676 701 1704 est.
746 1673 808 1704 liic
834 1673 1038 1706 simulacrum
1066 1675 1153 1716 ejus,
1178 1685 1307 1718 semper

258 1730 337 1770 fuit,
358 1731 407 1762 est
424 1731 458 1762 et
474 1730 545 1763 erit.

301 1795 416 1827 XXVI.
435 1793 520 1826 Hinc
535 1793 574 1825 ad
598 1793 715 1826 animae
732 1794 844 1827 mundi
862 1796 1033 1829 tractatum
1052 1805 1184 1837 pergens
1204 1798 1305 1840 Plato,

258 1852 351 1893 prius
379 1851 457 1884 illud
476 1854 567 1885 curat
585 1853 669 1893 quod
694 1857 888 1894 praepostere
910 1855 950 1887 de
967 1855 1110 1896 corporis
1138 1857 1207 1897 eius
1225 1867 1305 1889 con-

259 1912 444 1950 stitutione,
466 1914 638 1953 antequam
662 1912 701 1944 de
726 1913 935 1954 inspiratione
957 1915 1077 1947 animae
1105 1916 1303 1957 disputatum

260 1970 302 2003 sit
321 1980 328 2002 :
345 1979 419 2002 eum
435 1971 577 2002 animam
594 1980 724 2013 corpore
740 1973 828 2004 omni
848 1974 972 2005 constet
985 1974 1210 2015 antiquiorem.
1240 1978 1306 2008 Nec

258 2028 377 2061 recedit
400 2028 442 2060 ab
461 2029 622 2069 instituto,
644 2034 679 2062 ut
695 2031 769 2071 quia
795 2032 950 2063 mundum
967 2041 985 2064 a
1007 2034 1074 2064 Deo
1099 2033 1224 2065 factum
1250 2043 1303 2066 as-

258 2087 378 2128 seruit,
399 2087 540 2120 animam
569 2097 698 2129 quoque
727 2089 798 2129 ejus
827 2089 944 2122 factam
971 2100 1041 2123 esse
1070 2100 1088 2123 a
1111 2094 1179 2124 Deo
1207 2093 1304 2125 dicat.

259 2144 354 2182 Quod
370 2145 402 2176 in
419 2145 479 2177 hoc
499 2145 569 2177 solo
591 2146 671 2178 libro
691 2146 794 2179 facere
810 2147 1089 2188 animadvertitur,
1111 2151 1304 2183 aeternarum

258 2212 367 2236 rerum
401 2204 563 2244 genituras
595 2205 796 2237 comminisci
829 2219 837 2238 ε
866 2207 964 2238 credo
989 2210 1156 2248 propterea
1174 2235 1181 2249 ,
1212 2219 1251 2242 ne
1279 2211 1305 2242 si

258 2260 388 2293 audiant
403 2261 549 2300 homines
567 2271 638 2295 esse
650 2263 798 2303 quaedam
816 2273 889 2304 quae
907 2266 1023 2297 fuerint
1039 2275 1076 2298 ex
1095 2268 1216 2308 origine
1234 2271 1306 2301 nata

258 2329 435 2360 nunquam,
453 2321 643 2362 principatui
662 2323 781 2354 summi
805 2324 863 2355 Dei
881 2324 1026 2365 derogari
1045 2327 1178 2368 putent,
1193 2328 1218 2359 si
1237 2329 1305 2369 pari

257 2378 353 2418 atque
385 2378 496 2410 eadem
524 2379 589 2411 sint
624 2388 689 2420 qua
719 2382 828 2422 Deus,
859 2383 1058 2423 antiquitatis
1093 2386 1301 2427 praestantia,

258 2436 435 2469 nescientes
452 2437 545 2477 longe
570 2437 662 2470 aliter
685 2438 749 2470 diei
772 2440 929 2480 originem
951 2450 1060 2474 rerum
1085 2447 1304 2485 aeternarum,

258 2497 290 2527 et
315 2495 390 2527 item
416 2496 624 2528 caducarum.
669 2498 833 2538 Siquidem
859 2500 1042 2532 mortalium
1075 2504 1251 2535 auctoritas
1273 2507 1305 2537 et

257 2553 346 2593 origo
362 2553 416 2585 illa
435 2555 484 2585 est
511 2563 584 2594 quae
613 2555 766 2594 praecedit
795 2558 903 2589 ortum
924 2560 1128 2600 ceterorum,
1155 2552 1304 2602 ut'origo

256 2611 306 2642 est
324 2611 412 2650 pater
441 2611 496 2642 tilii
512 2635 521 2650 ,
545 2613 578 2644 et
601 2614 795 2654 populorum
819 2616 916 2656 atque
941 2618 1070 2650 urbium
1087 2643 1096 2657 ‚
1120 2619 1305 2653 conditores

259 2677 381 2701 earum.
426 2670 465 2701 At
497 2678 577 2702 vero
623 2671 809 2705 divinorum
854 2683 1009 2714 generum
1045 2679 1305 2721 aeternarumque

257 2726 400 2766 gentium
433 2727 523 2768 origo
551 2729 582 2760 et
610 2738 669 2761 arx
706 2740 769 2762 non
803 2731 835 2763 in
870 2734 1097 2774 anticipatione
1124 2738 1303 2778 temporis,

257 2785 312 2817 sed
337 2785 505 2826 dignitatis
527 2787 702 2819 eminentia
718 2790 953 2825 consideratur.
999 2794 1059 2826 Vel
1087 2796 1171 2835 quod
1198 2797 1305 2829 effecti

258 2843 363 2884 operis
395 2843 592 2885 pontificium
616 2847 647 2877 et
669 2847 890 2880 auctoritatem
917 2850 1063 2882 manibus
1085 2853 1184 2892 magis
1208 2863 1303 2894 quam

258 2903 455 2943 dispositioni
476 2904 591 2936 mentis
617 2904 778 2937 soleamus
797 2908 955 2941 ascribere
976 2922 984 2941 ι
1014 2911 1064 2942 vei
1094 2913 1181 2952 quod
1211 2914 1303 2954 pleri-

260 2971 323 3002 que
338 2971 379 2994 ex
396 2962 525 2994 mortali
545 2964 661 2995 natura
679 2973 737 2995 sua
756 2965 899 2998 divinam
919 2970 1068 3002 naturam
1086 2972 1303 3010 aestimantes,

259 3020 346 3052 nasci
378 3020 507 3060 omnia,
535 3029 640 3062 neque
667 3031 736 3055 esse
767 3024 962 3068 quidquam,
985 3029 1071 3068 quod
1101 3039 1166 3062 non
1191 3034 1303 3065 natum

258 3081 317 3119 sit,
332 3081 527 3113 existiment.
573 3084 717 3120 Quorum
735 3084 849 3116 animis
866 3085 912 3117 sie
925 3087 1077 3121 institutis
1091 3089 1220 3124 difficile
1236 3101 1305 3133 per-

260 3139 436 3171 suadeatur
465 3140 575 3172 mundi
610 3150 680 3173 esse
707 3147 870 3176 auctorem
907 3147 1030 3187 Deum,
1055 3148 1116 3180 nisi
1139 3158 1212 3182 eum
1236 3138 1315 3183 tan-K

257 3205 353 3236 quam
373 3198 478 3238 opifex
501 3200 617 3241 aliquis
641 3201 787 3233 manibus
809 3205 1054 3246 ceterarumque
1074 3208 1190 3239 artium
1209 3210 1301 3242 moli-

256 3254 343 3286 tione
362 3258 590 3290 construxerit.
636 3260 729 3291 Certe
747 3262 944 3302 propositum
969 3264 1135 3305 scriptoris
1156 3269 1302 3301 conside-

259 3313 394 3345 randum
411 3317 500 3355 puto.
547 3318 629 3349 Nam
644 3318 671 3350 si
690 3318 718 3349 id
735 3321 843 3359 ageret
857 3321 888 3352 in
900 3322 961 3354 lioc
979 3323 1059 3355 libro
1073 3325 1300 3368 principaliter,

261 3372 297 3402 ut
317 3372 529 3407 immortalem
551 3384 622 3408 esse
649 3377 787 3410 animam
818 3380 989 3422 probaret,
1018 3391 1084 3415 nou
1118 3387 1303 3419 conveniret

259 3437 373 3463 ammae
386 3433 562 3472 genituram
577 3437 795 3478 comminisci,
815 3442 979 3481 propterea
996 3442 1080 3483 qnod
1100 3446 1214 3476 cuncta
1229 3455 1302 3486 qnae

978 230 1236 270 CHALClDll
1269 230 1689 271 COMMENTARIUS

1365 318 1550 360 gignuntur,
1573 320 1747 352 intereunt.
1791 320 1834 352 At
1860 327 1935 352 vero
1958 327 2032 352 cum
2059 319 2100 352 de
2122 319 2255 362 mundi,
2275 320 2336 352 boc
2361 321 2411 354 est

1366 378 1526 411 universoe
1555 378 1618 418 rei,
1644 378 1874 411 constitutione
1902 379 2070 416 tractetur,
2104 378 2143 410 ad
2169 388 2309 419 praesens
2337 387 2355 411 e
2376 387 2411 411 re

1366 437 1445 478 fuit,
1474 439 1680 476 nascentem,
1706 439 1738 470 et
1761 437 1850 469 velut
1868 437 1900 469 in
1922 437 2028 468 lucem
2055 436 2231 477 proditam,
2256 437 2407 470 inducere

1365 496 1503 528 animam
1528 496 1618 537 ejus,
1644 505 1709 538 quo
1731 496 1900 528 audientes
1928 495 2180 535 imaginarentur
2203 497 2319 528 animae
2349 497 2409 529 for-

1366 564 1451 587 mam
1467 555 1618 597 aliquam,
1635 555 1766 598 perinde
1780 557 1939 588 uteorum
1954 554 2098 587 omnium
2108 580 2117 595 ‚
2129 564 2203 596 quae
2219 560 2409 598 naseuntur,

1368 614 1488 648 vident.

1406 675 1527 715 Τοιῷδε
1545 674 1652 715 τρόπῳ
1663 682 1670 690 ·
1687 678 1739 712 τῆς
1753 674 1920 715 ἀμερίστου
1930 675 1983 706 καὶ
2001 674 2048 706 ἀεὶ
2067 675 2148 706 κατὰ
2167 674 2264 706 ταύτὰ
2279 674 2411 716 ἐχούσης

1369 733 1476 770 οὐσίας
1489 734 1542 765 καὶ
1558 737 1612 772 τῆς
1631 732 1671 764 αὖ
1686 734 1754 775 περὶ
1771 734 1811 765 τὰ
1828 733 1963 773 σώματα
1979 733 2158 774 γιγνομένης
2175 736 2336 774 μεριστῆς,
2354 733 2414 774 τρί-

1364 803 1417 824 τον
1441 792 1470 828 ἐξ
1492 793 1607 833 ἀμφοῖν
1636 793 1667 825 ἐν
1687 793 1774 833 μέσῳ
1793 792 2020 834 συνεκεράσατο
2049 792 2157 829 οὐσίας
2184 792 2285 832 εἶδος,
2306 795 2360 830 τῆς
2379 802 2413 823 τε

1366 851 1479 883 ταύτοῦ
1496 852 1617 892 φύσεως
1634 851 1674 883 αὗ
1695 852 1764 893 πέρι
1785 851 1838 883 καὶ
1853 855 1906 889 τῆς
1924 848 2062 892 θατέρου.

1409 912 1543 944 XXVII.
1568 913 1695 952 Itaque
1717 911 1821 950 deus,
1839 910 1964 951 inquit,
1985 911 2124 942 tertium
2151 918 2260 950 qenus
2281 886 2477 973 animat—7

1368 971 1598 1010 exaequavit,
1621 969 1683 1002 hoc
1701 970 1816 1010 pacto.
1861 971 1919 1002 Ex
1939 968 2125 1010 individua
2154 977 2352 1010 semperque
2377 970 2414 1001 in

1366 1038 1430 1062 suo
1466 1030 1569 1061 statu
1598 1030 1840 1069 perseverante
1872 1027 2096 1068 substantia,
2130 1029 2281 1069 itemque
2311 1027 2386 1060 alia
2403 1053 2414 1068 ,

1367 1097 1464 1130 quw,
1488 1086 1736 1128 inseparabilis
1754 1094 1939 1127 corporum
1960 1094 2091 1124 comes,
2111 1094 2175 1127 per
2191 1085 2312 1118 eadem
2332 1094 2413 1118 cor-

1369 1155 1454 1188 pora
1481 1147 1640 1178 scindere
1659 1154 1694 1177 se
1712 1147 1876 1186 putatur,
1894 1147 2042 1177 tertium
2069 1153 2176 1185 qenus
2209 1145 2415 1178 substantiae

1366 1208 1522 1239 mixtum
1542 1206 1666 1237 locavit
1678 1230 1686 1244 ‚
1698 1203 1852 1237 medium
1865 1206 1959 1237 inter
1974 1206 2162 1246 utramque
2174 1204 2414 1238 substantiam

1366 1267 1398 1298 et
1421 1266 1547 1297 caetera.
1568 1303 1570 1306 ,

1411 1323 1495 1361 Quid
1509 1325 1558 1356 est
1576 1323 1664 1364 quod
1684 1323 1750 1355 ait?
1768 1323 1863 1355 docet
1884 1331 1942 1354 nos
1960 1322 2192 1363 substantiam,
2207 1324 2295 1364 sive,
2309 1324 2344 1355 ut
2361 1323 2413 1355 Ci-

1366 1388 1440 1416 cero
1466 1383 1561 1424 dicit,
1582 1382 1751 1415 essentiam
1772 1382 1932 1423 duplicem
1953 1391 2023 1414 esse
2047 1391 2056 1413 t
2075 1391 2172 1414 unam
2192 1381 2413 1423 individuam,

1368 1442 1504 1474 alteram
1533 1450 1591 1483 per
1614 1450 1751 1482 corpora
1778 1440 1957 1472 dividuam.
2003 1443 2043 1472 Et
2062 1440 2263 1472 individuam
2286 1440 2416 1478 quidem

1370 1509 1440 1532 esse
1456 1509 1526 1532 eam
1541 1524 1550 1540 ,
1570 1499 1665 1540 cujus
1686 1499 1811 1540 generis
1831 1501 1908 1532 sunt
1921 1500 2031 1531 omnia
2047 1501 2167 1532 aeterna
2178 1523 2188 1539 ,
2211 1501 2243 1532 et
2259 1499 2328 1532 sine
2347 1507 2416 1531 cor-

1371 1568 1465 1600 pore,
1495 1567 1568 1600 quoe
1590 1558 1798 1599 intelligibilia
1827 1558 1976 1590 dicuntur
2003 1568 2012 1590 2
2040 1558 2207 1590 dividuam
2231 1566 2324 1599 vero,
2345 1566 2418 1600 quae

1369 1617 1559 1659 corporibus
1578 1618 1751 1651 exsistendi
1767 1626 1863 1650 eausa
1884 1620 1946 1658 est,
1964 1618 2222 1659 unumquodque
2241 1617 2327 1650 enim
2345 1626 2415 1650 cor-

1370 1685 1430 1717 pus
1463 1677 1512 1708 est
1539 1677 1624 1709 certe
1655 1687 1664 1709 ε
1695 1675 1783 1717 quod
1819 1683 1896 1707 vero
1925 1677 1994 1715 est,
2026 1675 2122 1708 habet
2147 1676 2332 1708 essentiam.
2377 1677 2418 1708 Et

1369 1744 1506 1777 corpora
1533 1735 1635 1767 multa
1655 1737 1747 1776 sunt,
1766 1744 1830 1767 una
1862 1743 1936 1767 vero
1956 1734 2087 1767 dividua
2107 1735 2263 1776 essentia,
2290 1744 2363 1776 quae
2385 1744 2418 1767 ιιι

1367 1795 1493 1827 eunetis
1514 1795 1706 1836 corporibus
1731 1795 1903 1827 invenitur.
1951 1797 2031 1833 Quae
2047 1794 2145 1834 igitur
2164 1802 2230 1826 una
2247 1795 2279 1827 in
2307 1794 2419 1827 multis

1369 1853 1544 1895 invenitur,
1574 1855 1659 1886 recte
1686 1854 1831 1887 scindere
1861 1863 1895 1887 se
1924 1855 2067 1895 putatur,
2095 1855 2245 1899 recteque
2274 1853 2417 1886 dividua.

1368 1913 1469 1953 Igitur
1485 1922 1524 1946 ex
1542 1913 1592 1944 his
1610 1913 1737 1945 duabus
1761 1913 1806 1945 ait
1825 1913 1975 1954 opificem
1995 1916 2098 1946 Deum
2119 1913 2249 1946 tertium
2269 1914 2419 1947 essentiae

1368 1981 1467 2012 genus
1489 1972 1673 2012 miscuisse,
1706 1972 1802 2013 idque
1837 1972 1980 2004 medium
2002 1973 2122 2004 locasse
2142 1972 2225 2004 inter
2246 1974 2418 2013 utramque

1370 2031 1555 2063 essentiam.
1601 2030 1756 2062 Similiter
1792 2031 1887 2063 docet
1917 2033 2076 2063 naturam*
2094 2040 2222 2072 quoqne
2251 2040 2315 2063 non
2347 2040 2419 2064 esse

1369 2089 1547 2130 simplicem
1560 2114 1569 2130 ,
1588 2089 1644 2121 sed
1664 2089 1878 2121 bimembrem
1900 2099 1907 2121 :
1929 2091 1961 2121 et
1980 2089 2032 2121 liis
2051 2089 2177 2121 duobus
2197 2089 2274 2120 facit
2291 2089 2418 2130 opificis

1368 2149 1460 2188 Jussu
1474 2148 1603 2180 tertium
1617 2150 1744 2180 naturae
1756 2157 1857 2189 genus
1872 2149 2052 2187 exstitisse,
2064 2148 2148 2188 quod
2168 2157 2261 2188 aeque
2274 2147 2417 2180 medium

1370 2208 1509 2248 positum
1529 2210 1612 2240 esset
1629 2209 1710 2240 inter
1728 2210 1899 2249 utramque
1921 2208 2113 2246 essentiam,
2137 2207 2339 2239 individuam
2363 2209 2414 2241 vi-

1368 2268 1485 2300 delicet
1505 2270 1601 2309 atque
1620 2267 1798 2300 dividuam.

1409 2328 1558 2360 XXVIII.
1585 2329 1749 2365 Quatenus
1768 2336 1842 2367 ergo
1865 2327 2052 2359 bimembris
2070 2328 2125 2371 *est
2142 2328 2282 2360 natura?
2301 2327 2418 2360 Omnia

1367 2386 1489 2427 inquit,
1518 2387 1695 2426 naturalia,
1724 2386 1777 2418 vel
1807 2385 1919 2418 eadem
1947 2386 2028 2426 sibi,
2059 2386 2109 2418 vel
2137 2386 2265 2418 diversa
2295 2390 2373 2419 sunt
2405 2399 2414 2420 ε

1366 2445 1477 2477 eadem
1510 2454 1645 2487 genere,
1678 2445 1804 2478 diversa
1827 2445 1950 2486 specie,
1972 2447 2008 2477 ut
2038 2449 2114 2486 puta
2144 2446 2242 2478 bomo
2270 2447 2303 2478 et
2337 2446 2415 2478 item

1366 2499 1472 2545 equus
1499 2505 1584 2537 idem
1604 2506 1691 2537 suut.
1736 2506 1818 2537 Nam
1840 2506 1871 2536 et
1891 2503 1955 2536 hoe
1978 2506 2010 2537 et
2028 2504 2107 2536 illud
2126 2505 2246 2537 animal
2273 2506 2333 2538 est.
2377 2507 2419 2538 At

1368 2573 1446 2596 vero
1465 2564 1571 2605 specie
1592 2563 1719 2595 diversa
1735 2564 1823 2595 suut.
1867 2564 2012 2596 Alterum
2029 2565 2118 2596 enim
2135 2573 2248 2596 eorum
2268 2564 2411 2596 rationa-

1366 2622 1427 2655 bile
1443 2622 1559 2654 animal
1583 2626 1651 2660 est.
1672 2621 1811 2655 alterum
1830 2623 2043 2669 irrationabile
2060 2627 2091 2655 et
2111 2625 2240 2656 mutum
2257 2635 2266 2656 ε
2286 2625 2319 2656 et
2338 2623 2414 2656 alte·

1365 2691 1438 2714 rum
1461 2681 1563 2723 bipes,
1584 2681 1719 2714 alterum
1739 2681 1936 2723 quadrupes.

1409 2742 1470 2773 Καὶ
1497 2741 1567 2782 τρία
1590 2741 1694 2772 λαὸὼν
1714 2740 1793 2772 αὐτὰ
1817 2741 1891 2773 ὄντα
1908 2741 2137 2782 συνεκεράσατο
2161 2743 2204 2779 εἰς
2226 2741 2300 2783 μίαν
2314 2742 2415 2774 πάντα

1366 2801 1450 2833 ἰδέαν
1460 2811 1468 2819 ·
1485 2800 1541 2839 τήν
1557 2800 1683 2840 θατέρου
1705 2799 1795 2840 φύσιν
1820 2800 1988 2841 δύσμικτον
2002 2799 2099 2832 οὖσαν
2121 2801 2164 2837 εἰς
2180 2799 2292 2832 ταῦτὸν
2308 2791 2417 2837 ξυναρ-

1370 2859 1492 2899 μόττων
1514 2859 1588 2901 βίᾳ,
1609 2859 1716 2900 μιγνὺς
1735 2859 1768 2890 δὲ
1792 2859 1870 2899 μετὰ
1883 2862 1939 2897 τῆς
1955 2859 2065 2895 οὐσίας
2085 2860 2139 2890 καὶ
2155 2860 2190 2890 ἐκ
2208 2862 2301 2900 τριῶν
2319 2869 2414 2896 ποιη-

1366 2919 1499 2959 σάμενος
1518 2919 1549 2950 ἓν
1576 2918 1668 2950 πάλιν
1686 2918 1757 2950 ὅλον
1775 2921 1867 2950 τοῦτο
1890 2918 1996 2959 μοίρας
2013 2919 2054 2954 εἰς
2080 2918 2116 2954 ἃς
2138 2922 2277 2958 προσῆκε
2306 2904 2414 2950 draver-

1366 2985 1442 3018 μεν·
1461 2976 1594 3015 ἑκάστην
1618 2977 1651 3009 δὲ
1675 2977 1711 3009 ἔκ
1734 2988 1767 3009 τε
1791 2977 1906 3009 ταύτοῦ
1929 2979 1981 3008 καὶ
2005 2978 2132 3018 θατέρου
2154 2978 2208 3009 καὶ
2232 2981 2286 3015 τῆς
2306 2977 2414 3013 οὐσίας

1365 3037 1567 3078 μεμιγμένην.

1405 3098 1488 3127 Hoec
1507 3097 1616 3135 iqitur
1637 3097 1754 3127 omnia
1777 3097 2001 3135 exsistentia,
2021 3095 2106 3127 idem
2131 3098 2164 3127 et
2185 3095 2358 3127 essentiam
2379 3096 2413 3127 et

1364 3154 1540 3195 diversum,
1562 3156 1598 3186 in
1614 3163 1743 3195 unam,
1764 3155 1884 3196 inquit,
1904 3156 1997 3187 Deus
2013 3157 2159 3196 speciem
2174 3155 2410 3195 wmmiscuit,

1364 3214 1398 3244 et
1420 3212 1536 3252 effecit
1556 3222 1600 3245 ex
1624 3213 1734 3246 tribus
1754 3222 1885 3253 unum,
1902 3213 2006 3253 idem,
2020 3213 2206 3253 diversum,
2229 3212 2411 3252 dividuum,

1365 3271 1504 3303 diversa
1529 3271 1596 3305 illa
1625 3275 1758 3305 natura
1786 3272 1932 3313 difficile
1957 3281 1995 3304 se
2015 3272 2254 3306 commodante
2271 3280 2410 3304 concre-

1366 3331 1452 3362 tioni
1475 3333 1582 3372 atque
1610 3331 1822 3365 adunationi
1852 3341 2031 3372 yenerum.
2059 3335 2278 3373 Rau-sumque
2299 3340 2411 3364 unum

1365 3390 1458 3423 illud
1473 3400 1518 3423 ex
1536 3392 1650 3424 tribus
1668 3396 1867 3426 concretam
1885 3394 2002 3426 divisit
2018 3395 2055 3425 in
2067 3394 2209 3435 partes,
2221 3394 2272 3424 ita
2289 3394 2328 3424 ut
2339 3393 2409 3424 stn-

1368 3449 1459 3489 9ulae
1473 3452 1596 3491 partes
1623 3454 1692 3484 tres
1709 3453 1792 3485 illas
1810 3455 1985 3494 potentias
2002 3452 2209 3485 obtinerent.
