2638 3840
315 298 366 325 xi,
1152 280 1218 319 DE
1248 278 1565 318 PYTHAGORA

313 375 438 424 legum
461 374 652 412 latoribus
666 382 887 440 comparato
903 373 999 410 nihil
1022 370 1214 422 peculiare
1239 370 1356 407 fuisse
1390 373 1394 396 ¹
1419 367 1576 406 vivendi
1598 366 1701 415 leges
1717 379 1759 402 ac
1779 363 2026 416 disciplinam
2043 363 2166 402 dare
2155 364 2252 417 ipsis
2269 372 2412 416 posset.
2428 362 2487 409 ls,

312 435 364 471 ait
398 441 538 484 praeter
585 432 767 470 salsorum
804 432 1112 469 testimonimum
1159 429 1356 475 actiones,

313 493 497 544 quoniam
521 493 605 543 ipse
625 492 775 543 luimus
797 491 902 529 salsis
932 489 1094 527 testibus
1118 488 1205 525 lites
1232 487 1358 525 inten-
1391 510 1394 564 Ι

1391 417 1494 465 fuit
1508 426 1694 464 Zaleucus
1714 422 1792 476 (36)
1809 424 2043 475 optimarum
2061 425 2187 473 legum
2205 432 2353 472 auctor,
2370 435 2468 475 quas

1421 495 1549 524 tamen
1578 497 1715 522 omnes
1735 497 1756 521 a
1776 482 1954 521 Minerva
1981 483 2123 535 saepius
2142 482 2253 521 sibi
2242 496 2283 521 m
2304 494 2468 534 conspe-

314 551 394 598 dit,
413 550 480 589 sed
512 559 639 588 tamen
668 551 818 599 legibus
850 549 1056 598 diligenter
1083 547 1242 598 scriptis
1270 559 1357 584 eum
1391 565 1394 584 ι
1421 554 1523 583 ctum
1545 544 1725 582 veniente
1752 542 1946 594 accepisse
1967 555 2007 580 se
2027 542 2193 581 dicebat.
2214 542 2289 580 Sed
2309 541 2387 597 (37)
2409 555 2470 580 r·e

313 610 587 660 elegantiorem
607 610 907 661 politimeinque
924 607 1049 645 videri
1068 619 1183 657 quam
1205 606 1273 656 qui
1291 619 1359 657 po·
1391 608 1394 686 )
1420 617 1514 643 vera
1543 603 1611 641 ille
1630 602 1836 654 plerasque
1856 601 1959 650 leges
1985 610 2100 652 atque
2127 601 2306 640 instituta
2329 614 2354 640 a
2370 600 2470 639 Cre-

314 677 396 707 stea
413 669 518 718 leges
542 668 739 707 condidci'
732 676 788 705 int
809 665 904 718 (32).

365 728 416 765 At
447 727 619 765 omnium
657 726 773 778 primi
808 726 885 775 (33)
927 724 1028 776 apud
1073 723 1230 762 Graecos
1269 723 1361 761 scri-

314 795 399 837 ptas
417 787 493 839 (34)
509 787 609 835 leges
627 785 804 822 habuisse
821 784 997 821 feruntur
1012 783 1127 821 Locri
1142 782 1361 834 Epizephy—

314 846 389 893 rii,
413 858 578 896 quorum
601 844 793 881 civitatem
822 842 1024 880 constituit
1055 845 1250 889 Zaleucus,
1280 854 1361 878 ser-

314 917 387 943 vus
410 913 447 942 et
467 912 612 956 pastor,
642 902 707 940 sed
733 901 784 939 ob
805 914 943 951 magna
972 901 1014 939 in
1038 901 1201 953 patriam
1224 901 1361 938 merita

314 977 430 1001 manu
453 963 590 1000 missus
611 960 704 1014 (35).
725 961 853 1006 Quum
874 960 978 998 enim
999 960 1067 998 diu
1096 959 1360 1011 perturbatam

315 1020 594 1072 rempublicam
624 1019 855 1070 plebemque
888 1018 1148 1057 seditionibus
1180 1019 1360 1068 agitatam

316 1080 501 1117 vidissent
533 1092 542 1116 :
581 1078 735 1115 tandem
779 1077 841 1115 his
873 1078 1063 1116 molestiis
1099 1091 1143 1115 ac
1175 1078 1362 1129 periculis

313 1138 473 1186 liberari
506 1138 704 1188 cupientes
725 1137 1008 1175 consuluerunt
1040 1137 1260 1189 Apollinem
1283 1139 1359 1186 Py-

313 1198 457 1244 thium,
477 1196 662 1247 quidnam
682 1196 850 1234 facerent
867 1196 914 1234 de
931 1196 1049 1235 rebus
1071 1197 1168 1236 suis.
1189 1196 1361 1247 Respon-

314 1257 371 1294 dit
406 1256 522 1303 deus,
559 1263 601 1293 ut
639 1255 805 1293 consilio
841 1264 1043 1294 uterentur
1080 1255 1249 1307 pastoris
1277 1254 1361 1306 'qui

316 1500 451 1532 Bekker.
468 1512 476 1531 t
489 1499 657 1540 Χαρώνδου
670 1498 695 1530 δ’
707 1499 784 1531 ἷδιον
798 1499 852 1539 μὲν
865 1497 952 1530 οὐδέν
966 1498 1045 1536 ἐστι,
1060 1498 1139 1535 πλὴν
1157 1499 1188 1528 αἱ
1204 1496 1287 1528 δίκαι
1299 1498 1362 1527 τῶν

315 1547 587 1587 ψευδομαρτυριῶν
609 1546 747 1586 (πρῶτος
766 1545 825 1586 γὰρ
846 1544 975 1583 ἐποίησε
986 1545 1040 1582 τὴν
1058 1544 1268 1585 ἐπίσκηψιν),
1282 1546 1321 1584 τῇ
1336 1541 1363 1574 δ’

317 1593 459 1636 ἁκριὸείᾳ
477 1596 540 1624 τῶν
559 1592 664 1634 νόμων
686 1593 752 1625 ἐστὶ
765 1592 998 1634 γλαφυρώτερος
1020 1595 1083 1623 τῶν
1106 1595 1158 1623 νῦν
1174 1592 1360 1631 νομοθετῶν.

317 1661 358 1668 -
374 1642 439 1681 (33)
453 1642 613 1680 scymnus
630 1641 731 1672 Chius
748 1649 794 1672 vs.
817 1641 956 1671 312-317
975 1652 982 1670 :
1004 1641 1032 1671 οἱ
1050 1640 1082 1671 δὲ
1095 1639 1253 1679 λεγόμενοι
1275 1638 1363 1670 Ἐπι-

317 1688 448 1730 ζεφὺριοι
471 1687 602 1726 πλησίον
622 1690 740 1719 κεῖνται
764 1687 892 1728 Λοκροί.
916 1687 1052 1723 Τούτους
1068 1687 1101 1718 δὲ
1121 1687 1262 1727 πρώτους
1287 1686 1362 1726 φασὶ

315 1735 491 1778 χρήσασθαι
511 1735 616 1775 νόμοις
631 1737 825 1775 γραπτοῖσιν,
843 1734 895 1770 οὓς
909 1733 1063 1770 Ζάλευκός
1077 1734 1245 1765 ὑποθέσθαι
1258 1733 1343 1765 δοκεῖ
1354 1758 1362 1765 .

319 1783 397 1814 εἰσὶν
416 1781 444 1813 δ’
469 1781 597 1813 ἄποικοι
613 1785 677 1813 τῶν
691 1781 886 1813 Ὀπουντίων
903 1783 1055 1823 Λοκρῶν·
1082 1780 1156 1812 ἔνιοι
1181 1781 1213 1812 δὲ
1232 1782 1364 1823 Λοκρῶν

318 1829 393 1868 φασὶ
419 1831 482 1860 τῶν
512 1829 543 1860 ἐν
564 1829 714 1866 Ὀζόλαις.
747 1829 894 1861 Clemens
923 1828 1159 1861 Alexandrinus
1187 1830 1307 1860 suom.
1333 1831 1363 1868 1,

319 1885 351 1916 p.
371 1878 431 1907 309
448 1887 455 1905 :
476 1875 627 1913 Ζάλευκός
646 1887 679 1908 τε
695 1877 712 1908 ὁ
725 1877 845 1918 Λοκρὸς
859 1880 980 1918 πρῶτος
996 1876 1156 1917 ἱστόρηται
1177 1876 1289 1917 νόμους
1309 1877 1359 1908 θέ-

318 1924 403 1954 σθαι.
422 1923 536 1954 Strabo
563 1923 619 1955 lib.
639 1925 698 1963 VI,
721 1933 750 1963 p.
771 1927 831 1956 2⁴09
858 1936 865 1955 :
893 1924 965 1956 Εἰσὶ
986 1923 1012 1956 δ’
1036 1924 1098 1956 ἀπὸ
1118 1924 1246 1963 Ῥηγίου
1274 1925 1364 1966 μέχρι

318 1972 448 2010 Λοκρῶν
462 1971 617 2007 ἑξακόσιοι
638 1971 770 2003 στάδιοι.
787 1971 923 2012 Ἵδρυται
939 1971 966 2003 δ’
978 1973 998 2010 ἡ
1021 1972 1108 2008 πόλις
1131 1970 1180 2002 ἐπ’
1201 1971 1311 2012 ὀφρύος
1325 1972 1363 2009 ἢν
1397 1973 1398 1986 ¹

316 2018 458 2049 Ἐπῶπιν
475 2019 619 2049 καλοῦσι.
638 2019 764 2059 Πρῶτοι
786 2018 820 2049 δὲ
845 2017 952 2059 νόμοις
978 2018 1162 2058 ἐγγράπτοις
1183 2019 1362 2059 χρήσασθαι

320 2120 390 2152 pag.
412 2113 489 2143 1108
505 2111 556 2142 ed.
573 2113 673 2143 Bonn.
691 2125 697 2143 :
718 2113 965 2153 ἐνενομοθετήκει
979 2110 1287 2154 καθὰΣπάρτιάταις
1299 2115 1366 2146 Λυ-

318 2216 354 2245 γε
369 2206 568 2242 Σικελιώταις
591 2207 760 2246 Χαρώνδας
773 2207 790 2238 ὁ
813 2208 1001 2243 Καταναῖος.
1023 2207 1170 2239 Meminit
1184 2208 1285 2241 ,etiam
1305 2210 1366 2240 Za-

320 2253 402 2285 leuci
425 2253 530 2292 legum
547 2252 721 2284 inventoris
735 2253 956 2285 Tlieodoretus
973 2253 1012 2285 de.
1032 2255 1136 2285 curat.
1155 2256 1298 2287 Graecar.
1317 2255 1366 2286 as-

321 2300 450 2332 fection.
466 2299 519 2331 lib.
535 2301 591 2340 lx,
608 2309 637 2340 p.
656 2302 725 2338 124,
742 2300 798 2331 sed
811 2301 855 2332 ita
871 2305 906 2332 ut
922 2302 1040 2332 Locros
1050 2301 1278 2342 Epizephyrios
1291 2311 1365 2334 cum

320 2347 448 2379 coeteris
463 2346 649 2379 confundat.
678 2346 796 2379 Confer
813 2347 948 2379 Salmas.
967 2347 1005 2378 ad
1024 2347 1170 2379 Solinum
1185 2357 1215 2388 p.
1240 2353 1280 2380 66
1298 2358 1365 2390 seq.

326 2411 362 2416 —
380 2394 446 2434 (34)
465 2393 658 2425 scholiastes
682 2393 723 2424 ad
746 2394 855 2434 Eurip.
882 2394 1048 2434 Hippolyt.
1063 2403 1114 2425 vs.
1132 2399 1172 2427 90
1190 2408 1197 2427 :
1214 2395 1306 2436 νόμος
1331 2397 1367 2428 τὸ

288 2451 300 2457 ·
319 2442 531 2481 γεγραμμένον
557 2440 732 2482 διάταγμα,
753 2441 789 2473 τὸ
813 2444 945 2482 κρατοῦν
965 2442 1018 2473 καὶ
1047 2442 1276 2483 γεγραμμένον·
1302 2443 1368 2477 ἔθος

321 2488 354 2519 δὲ
365 2489 399 2519 τὸ
412 2489 454 2528 μὴ
468 2488 693 2528 γεγραμμένον.
714 2490 772 2519 Est
784 2497 859 2519 vero
873 2489 1002 2528 νόμιμον
1019 2497 1161 2528 persaepe
1178 2489 1262 2520 idem
1280 2489 1368 2530 quod

324 2533 403 2569 ἔθος.
423 2532 499 2564 Vid.
514 2534 558 2564 H.
575 2534 728 2574 Stephani
748 2534 842 2567 Thes.
858 2552 899 2557 —
916 2535 980 2575 (35)
1007 2535 1202 2567 scholiastes
1216 2535 1256 2567 ad
1272 2535 1366 2568 Pind.

325 2581 453 2620 Olymp.
470 2581 528 2618 XI,
553 2582 658 2619 13-15,
675 2581 757 2620 νέμει
768 2580 828 2621 γὰρ
847 2579 1001 2622 Ἀτρέκεια
1016 2581 1105 2613 πόλιν
1119 2584 1249 2623 Λοκρῶν
1270 2585 1367 2623 Ζεφυ-

325 2626 419 2666 ρίων·
441 2627 524 2666 μέλει
538 2627 572 2657 τέ
591 2638 678 2666 σφισι
693 2627 855 2658 Καλλιόπα
877 2629 930 2659 καὶ
950 2628 1080 2669 χάλκεος
1095 2629 1202 2670 Ἄρης,
1218 2630 1272 2661 ubi
1293 2630 1368 2661 olim

325 2673 488 2712 legebatur
504 2673 588 2713 νέμει
605 2673 662 2713 γὰρ
675 2674 696 2704 ἁ
712 2678 842 2714 τραχεῖα
863 2675 950 2707 πόλις
964 2677 1107 2716 Λοκρῶν,
1124 2676 1193 2707 hacc
1207 2678 1339 2708 annotat
1360 2689 1367 2708 z

326 2721 392 2751 ἀντὶ
411 2723 484 2760 τοῦ,
497 2720 561 2761 ἔχει
582 2721 681 2760 νομὴν
697 2722 750 2752 καὶ
767 2721 893 2752 δίδωσιν
906 2723 925 2759 ἡ
938 2722 1027 2758 πόλις
1041 2723 1137 2759 λαὸἀς
1159 2727 1221 2755 τῶν
1238 2726 1370 2766 Λοκρῶν

326 2768 401 2808 πρὸς
426 2767 578 2808 ἐγκώμια.
598 2768 654 2798 Διὸ
679 2767 844 2807 ἐπήνεγκε·
869 2769 951 2809 μέλει
971 2769 1004 2800 τέ
1031 2780 1117 2809 σφισι
1139 2771 1301 2802 Καλλιόπα
1317 2771 1370 2802 καὶ

327 2815 459 2854 χάλκεος
485 2814 590 2855 Ἄρης·
612 2814 664 2845 καὶ
685 2816 743 2854 γὰρ
760 2815 791 2845 ἐν
814 2818 852 2855 τῇ
875 2819 1011 2856 μουσικῇ
1037 2817 1211 2857 διαφέρουσι
1232 2817 1289 2848 κάν
1305 2819 1371 2853 τοῖς

327 2862 409 2893 κατὰ
425 2862 561 2902 πόλεμον
576 2870 583 2877 ”
610 2862 657 2892 διὸ
678 2862 730 2892 καὶ
748 2862 887 2902 ἀφορμὰς
910 2862 1019 2893 δίδωσι
1038 2867 1100 2899 τοῖς
1125 2864 1333 2904 βουλομένοις.
1351 2865 1371 2903 ἢ

329 2909 412 2939 οὕτω
426 2917 433 2925 ·
451 2910 574 2949 νέμεται
595 2908 648 2939 καί
665 2909 747 2939 ἐστιν
767 2909 797 2939 ἐν
813 2911 851 2949 τῇ
870 2908 1016 2949 ἀληθείᾳ,
1037 2910 1194 2948 τουτέστι,
1215 2910 1284 2941 καθ’
1299 2912 1372 2941 ἐαυ-

328 2959 382 2993 τῆς
395 2955 459 2996 ἔχει
472 2956 527 2993 τὴν
541 2955 684 2993 ἀλήθειαν
697 2956 716 2993 ἡ
731 2958 794 2986 τῶν
808 2957 939 2996 Λοκρῶν
951 2955 1050 2991 πόλις.
1067 2957 1113 2987 Οὐ
1126 2956 1171 2986 δεῖ
1186 2955 1238 2987 οὖν
1248 2979 1256 2994 ,
1266 2957 1371 2998 φησίν,

330 3002 401 3034 οὐδὲ
429 3002 610 3042 μέμφεσθαι.
641 3004 778 3042 Τραχεῖα
801 3002 834 3033 δὲ
853 3001 981 3038 εἰκότως
1008 3002 1045 3033 ἂν
1072 3003 1210 3042 λέγοιτο,
1230 3003 1373 3042 λοφώδης

331 3048 411 3080 οὖσα
430 3049 482 3079 καὶ
505 3048 769 3084 ἐπιθαλασσίδιος.
792 3048 891 3083 Αὐτὸς
909 3048 968 3089 γάρ
990 3057 1100 3089 φησιν·
1118 3050 1148 3080 οἵ
1163 3049 1191 3080 τ’
1210 3049 1372 3090 ἆργίλοφον

333 3095 396 3136 πὰρ
412 3094 557 3134 Ζεφύροιο
574 3095 730 3125 Κολώναν.
748 3095 808 3125 Καὶ
825 3095 842 3126 ὃ
858 3095 1000 3135 βούλεται
1015 3095 1130 3134 λέγειν,
1144 3095 1210 3127 ἔστι
1221 3099 1371 3128 τοιοῦτον·

332 3141 444 3181 καίπερ
462 3144 591 3181 τραχεῖα
607 3139 705 3176 οὖσα,
722 3140 908 3181 εὐνομεῖται.
930 3140 990 3172 Διὰ
1005 3141 1034 3171 τί
1058 3142 1109 3181 δέ;
1124 3142 1215 3181 φησὶν
1235 3145 1370 3184 Ἀριστο-

332 3188 431 3225 τέλης.
449 3186 574 3224 Ἐπειδὴ
594 3186 653 3226 γὰρ
672 3186 806 3226 ἐχρῶντο
821 3190 863 3227 τῷ
880 3188 960 3228 θεῷ,
973 3191 1039 3223 πῶς
1055 3189 1092 3219 ἂν
1105 3190 1218 3227 πολλῆς
1238 3195 1375 3232 ταραχῆς

334 3233 538 3271 ἀπαλλαγεῖεν
549 3257 558 3271 ,
574 3233 713 3269 ἐξέπεσεν
731 3233 833 3269 αὐτοῖς
853 3235 990 3274 χρησμός
1003 3257 1013 3273 ,
1028 3236 1147 3272 ἑαυτοῖς
1165 3236 1278 3276 νόμους
1293 3238 1374 3270 τίθε-

334 3280 427 3317 σθαι,
445 3279 493 3310 ὅτι
520 3278 572 3310 καί
595 3290 639 3314 τις
662 3279 777 3320 ποιμὴν
806 3279 921 3320 (ὄνομα
940 3280 966 3311 δ’
989 3280 1028 3319 ἦν
1053 3281 1222 3323 Ζάλευκος)
1245 3284 1375 3321 πολλοὺς

336 3326 448 3365 νόμους
465 3326 606 3363 δυνηθείη
622 3329 687 3362 τοῖς
700 3325 840 3362 πολίταις
854 3327 1038 3366 εἰσενεγκεῖν
1055 3328 1210 3369 δοκίμους.
1226 3330 1250 3360 Γ
1250 3331 1376 3367 νωσθείς

335 3383 369 3403 τε
388 3374 440 3403 καὶ
477 3373 659 3414 ἐρωτηθείς,
686 3371 779 3404 πόθεν
801 3373 899 3414 εὕροι,
927 3373 1038 3414 ἔφησεν
1063 3375 1201 3407 ἐνύπνιον
1220 3376 1304 3416 αὐτῷ
1320 3379 1375 3416 τὴν

336 3418 462 3457 Ἀθηνᾶν
477 3420 754 3461 παραστήσασθαι.
767 3420 823 3451 Διὸ
837 3419 929 3455 αὐτός
947 3431 980 3451 τε
997 3422 1199 3463 ἠλευθέρωται
1212 3423 1265 3454 καὶ
1281 3434 1376 3463 νομο-

337 3466 423 3502 θέτης
440 3467 584 3503 κατέστη.
606 3467 672 3498 Οὐκ
690 3466 751 3498 ἀπὸ
772 3469 892 3498 σκοποῦ
909 3467 941 3498 δὲ
963 3468 1129 3508 μουσικοὺς
1143 3469 1210 3500 εἶπε
1225 3469 1295 3506 τοὺς
1311 3473 1376 3502 Λο-

337 3514 448 3554 κρούς·
472 3514 609 3555 Λοκρική
637 3513 694 3554 γάρ
720 3525 764 3550 τις
794 3515 924 3555 ἁρμονία
949 3514 1048 3554 ἐστίν,
1066 3515 1103 3553 ἢν
1133 3515 1271 3553 ἀσκῆσαί
1302 3527 1374 3556 φασι

1391 662 1608 711 mensibus,
1621 661 1925 699 Lacedaemoniis
1935 669 1972 698 et
1984 659 2288 700 Atheniensibus
2302 674 2469 713 quorum

1391 735 1394 746 ¹
1419 722 1485 774 jus
1505 735 1583 760 non
1602 721 1811 772 scriptum,
1837 732 1990 767 mores,
2012 719 2314 758 consuetudines
2327 732 2471 770 cogno-

1422 791 1530 820 verat
1554 789 1749 819 mutuatus
1778 787 1836 818 est
1859 779 2087 830 primusque
2106 779 2148 817 in
2168 787 2370 831 peccantes
2389 788 2467 818 sta-

1424 842 1498 879 tuit
1511 852 1646 892 poenas
1661 851 1756 890 quas
1773 847 1884 876 antea
1893 837 2046 889 judices
2065 837 2230 876 arbitrio
2245 851 2316 876 suo
2335 850 2472 889 capere

1424 899 1471 937 de
1487 899 1572 938 istis
1590 905 1887 936 consueverant.
1913 896 2059 935 Harum
2073 909 2170 935 vero
2189 897 2316 947 legum
2332 909 2470 948 quam-

1422 959 1484 996 vis
1522 957 1762 996 severiorum
1801 955 1996 994 beneficio
2032 969 2103 1008 per
2134 958 2293 1006 longum
2321 964 2471 1007 tempus

1423 1016 1675 1055 Locrensium
1697 1015 1892 1053 civitatem
1909 1014 2060 1053 beatam
2078 1023 2116 1053 et
2135 1015 2335 1053 florentem
2355 1014 2474 1054 fuisse

1393 1114 1395 1117 ,
1427 1076 1537 1114 Plato
1582 1076 1678 1126 (38),
1700 1074 2002 1120 Demosthenes,
2050 1073 2268 1122 Pindarus,
2307 1073 2472 1122 Strabo,

1393 1161 1395 1186 3
1423 1135 1588 1173 Procius
1608 1134 1794 1172 referunt.
1811 1133 1961 1173 Rursus
1988 1132 2179 1184 Sybaritae
2195 1131 2381 1183 neglectis
2399 1132 2473 1171 Za·

1423 1195 1525 1232 leuci
1545 1193 1698 1244 legibus
1717 1195 1945 1244 perierunt,
1971 1193 2005 1231 si
2023 1205 2118 1231 vera
2137 1192 2257 1230 tradit
2281 1191 2474 1244 Scymnus

1394 1267 1395 1280 ¹
1424 1253 1542 1292 Chius
1561 1266 1622 1292 vs.
1641 1253 1715 1297 346
1738 1265 1847 1303 seqq.
1867 1250 1960 1304 (39).

1478 1313 1685 1351 Zaleucum
1721 1311 1954 1362 Pythagorae
1979 1311 2186 1364 discipulis
2220 1310 2323 1350 haud
2359 1310 2475 1363 pauci

315 1405 511 1447 Ἐπιμενίδης
539 1404 571 1437 δὲ
598 1405 615 1436 ὁ
641 1404 723 1445 Κρὴς
754 1403 932 1445 ὁμοκάπους
964 1402 1033 1444 (31.
1063 1399 1291 1443 euom'mvom).
1323 1417 1363 1422 -
1394 1383 1396 1417 1
1423 1373 1671 1424 antiquorum
1691 1380 2020 1418 annumerarunt,
2039 1372 2144 1410 velut
2162 1370 2358 1409 Diodorus
2374 1370 2483 1423 (4o)„

317 1454 382 1494 (32)
404 1452 585 1484 Aristoteles
601 1452 755 1483 l'oliticor.
774 1451 828 1483 lib.
844 1452 889 1490 ΙΙ,
907 1459 976 1490 cap.
996 1454 1052 1491 12,
1077 1459 1146 1490 pag.
1166 1451 1244 1481 1274
1269 1449 1288 1479 b
1307 1447 1359 1480 ed.
1395 1443 1397 1447 ’
2215 1482 2219 1486 ³

1395 1516 1397 1541 i
1429 1501 1614 1543 Ξενόκριτον
1640 1501 1694 1533 τὸν
1719 1499 1855 1543 Λοκρόν.
1885 1518 1925 1524 -
1945 1500 2008 1538 (36)
2033 1499 2224 1532 Plutarchus
2253 1499 2335 1532 libro
2358 1499 2401 1532 de
2425 1501 2475 1534 sui

1425 1548 1519 1581 laude
1535 1557 1605 1589 cap.
1627 1549 1687 1588 XI,
1710 1547 1774 1579 vol.
1798 1549 1838 1586 X,
1854 1555 1925 1588 pag.
1953 1551 2013 1579 202
2029 1546 2078 1578 ed.
2099 1548 2232 1579 nutten.
2253 1559 2261 1579 ι
2279 1546 2338 1588 οὐχ
2359 1547 2476 1585 ἥκιστα

1425 1598 1500 1637 γοῦν
1519 1596 1661 1635 λέγουσιν
1678 1594 1787 1636 ἀρέσαι
1803 1596 1941 1637 Λοκροῖς
1962 1594 2018 1633 τὴν
2032 1593 2189 1626 Ζαλεύκου
2205 1593 2392 1634 νομοθεσίαν
2402 1618 2412 1634 ,
2425 1594 2473 1626 ὅτι

1426 1644 1482 1682 τήν
1495 1642 1622 1681 Ἀθηνᾶν
1639 1642 1772 1683 ἔφασκεν
1787 1642 1874 1681 αὐτῷ
1894 1645 2055 1682 φοιτῶσαν
2079 1642 2121 1678 εἷς
2137 1641 2209 1682 ὄψιν
2223 1640 2390 1682 ἑκάστοτε,
2404 1642 2476 1679 τοὺς

1395 1694 1398 1714 ἲ
1425 1691 1538 1732 νόμους
1557 1689 1741 1730 ὑφηγεῖσθαι
1758 1689 1811 1720 καὶ
1837 1688 1995 1720 διδάσκειν
2007 1712 2017 1728 ,
2034 1688 2130 1720 αὐτοῦ
2148 1688 2180 1719 δὲ
2200 1689 2295 1727 μηδὲν
2310 1689 2390 1721 εἶναι
2409 1690 2477 1722 δια-

1426 1738 1530 1779 νόημα
1560 1736 1638 1778 μηδὲ
1667 1734 1827 1777 βούλευμα
1850 1737 1913 1766 τῶν
1940 1735 2174 1776 εἰσφερομένων.
2201 1752 2245 1758 --
2272 1737 2338 1776 (37)
2360 1736 2476 1770 strabo

1430 1785 1484 1817 lib.
1499 1785 1559 1823 VI,
1583 1793 1614 1824 p.
1629 1787 1689 1815 260
1714 1794 1721 1814 :
1743 1786 1796 1820 τῆς
1813 1782 1854 1821 Δδὲ
1867 1785 1929 1813 τῶν
1955 1784 2085 1822 Λοκρῶν
2107 1781 2314 1823 νομογραφίας
2333 1784 2476 1824 μνησθεὶς

1427 1832 1580 1874 Ἔφορος,
1601 1830 1638 1869 ἢν
1659 1829 1815 1866 Ζάλευκος
1832 1828 2049 1866 συνέταξενέκ
2071 1839 2105 1860 τε
2126 1831 2188 1860 τῶν
2211 1830 2374 1868 Κρητικῶν
2392 1831 2476 1872 νομί-

1429 1890 1496 1920 μων
1521 1878 1573 1909 καὶ
1593 1878 1791 1910 Λακωνικῶν
1817 1877 1871 1907 καὶ
1899 1876 1935 1907 ἐκ
1955 1878 2017 1906 τῶν
2033 1874 2312 1916 Ἀρεοπαγιτικῶν,
2332 1877 2424 1917 φησὶν
2444 1877 2477 1909 ἐν

1396 1961 1398 1969 ¹
1424 1929 1487 1962 τοῖς
1505 1924 1637 1966 πρώτοις
1656 1923 1793 1955 καινίσαι
1812 1925 1905 1954 τοῦτο
1917 1923 1971 1954 τὸν
1996 1921 2151 1953 Ζάλευκον
2164 1921 2230 1960 ὅτι,
2247 1924 2311 1952 τῶν
2329 1922 2476 1964 πρότερον

1428 1971 1483 2007 τὰς
1499 1971 1609 2012 ζημίας
1627 1973 1690 2007 τοῖς
1710 1971 1872 2006 δικασταῖς
1891 1968 2120 2010 ἐπιτρεψάντων
2141 1970 2250 2011 ὁρίζειν
2270 1967 2317 2011 ἐφ’
2333 1969 2478 2008 ἑκάστοις
2503 1990 2505 1993 -

1397 2028 1399 2055 ξ
1428 2021 1492 2054 τοῖς
1509 2018 1702 2058 ἀδικήμασιν
1714 2042 1722 2056 ,
1738 2017 1854 2053 ἐκεῖνος
1871 2017 1903 2048 ἐν
1919 2019 1980 2053 τοῖς
2001 2016 2108 2056 νόμοις
2129 2015 2272 2056 διώρισεν
2283 2040 2293 2056 ,
2306 2017 2477 2058 ἡγούμενος

319 2065 558 2106 πεπιστευμένοι
590 2066 662 2097 εἰσί.
692 2065 892 2105 Nicephorus
921 2067 1078 2105 Gregoras
1101 2066 1157 2097 lib.
1192 2067 1319 2105 xxm,
1348 2071 1365 2098 2
1397 2059 1399 2075 ³

1429 2067 1483 2103 τὰς
1505 2066 1560 2107 μὲν
1574 2066 1700 2106 γνώμας
1721 2068 1783 2097 τῶν
1801 2065 1959 2096 δικαστῶν
1972 2063 2042 2104 οὐχὶ
2058 2063 2113 2099 τὰς
2131 2062 2226 2098 αὐτὰς
2240 2062 2320 2094 εἶναι
2333 2065 2402 2104 περὶ
2414 2066 2478 2096 τῶν

1397 2130 1399 2154 3
1429 2111 1533 2145 αὐτῶν
1543 2137 1552 2153 ,
1571 2113 1626 2150 τὰς
1648 2113 1681 2145 δὲ
1700 2112 1809 2152 ζημίας
1825 2113 1886 2144 δεῖν
1901 2112 1979 2143 εἶναι
1993 2111 2047 2146 τὰς
2066 2109 2159 2146 αὐτάς
2170 2118 2177 2126 ·
2193 2109 2312 2150 ἐπαινεῖ
2323 2110 2356 2142 δὲ
2371 2111 2424 2142 καὶ
2441 2111 2478 2143 τὸ

318 2162 448 2199 κοῦργος
471 2159 523 2189 καὶ
545 2160 678 2203 Λοκροῖς
702 2162 766 2195 τοῖς
788 2157 1013 2200 Ἐπιζεφυρίοις
1034 2159 1189 2196 Ζάλευκος
1217 2161 1271 2191 καὶ
1290 2160 1366 2202 πρός
1397 2157 1399 2183 '¹

1426 2159 1644 2200 ἁπλουστέρως
1660 2159 1754 2191 αὐτὸν
1773 2160 1842 2200 περὶ
1859 2162 1920 2190 τῶν·
1935 2157 2136 2198 συμὸολαίων
2151 2155 2303 2192 διατάξαι.
2325 2157 2475 2189 Clemens

1427 2205 1663 2238 Alexandrinus
1692 2207 1811 2238 Strom.
1842 2204 1899 2236 lib.
1930 2205 1956 2243 l,
1974 2212 2045 2244 pag.
2076 2206 2136 2234 352
2157 2212 2165 2233 ε
2188 2203 2375 2242 Χαμαιλέων
2401 2213 2435 2234 τε
2457 2204 2475 2236 ὁ

1426 2254 1644 2294 Ἡρακλεώτης
1657 2253 1688 2285 ἐν
1702 2255 1748 2294 τῷ
1763 2252 1829 2294 περὶ
1845 2252 1938 2293 μέθης
1951 2251 2004 2282 καὶ
2019 2249 2226 2292 Ἀριστοτέλης
2240 2250 2272 2281 ἐν
2284 2253 2322 2292 τῇ
2343 2252 2475 2292 Λοκρῶν

1427 2300 1567 2342 πολιτείᾳ
1582 2301 1738 2332 Ζάλευκον
1754 2299 1807 2331 τὸν
1822 2299 1944 2340 Λοκρὸν
1960 2297 2046 2339 παρὰ
2065 2300 2119 2336 τῆς
2141 2296 2260 2335 Ἀθηνᾶς
2278 2297 2349 2334 τοὺς
2361 2297 2476 2338 νόμους

1427 2348 1592 2388 λαμὸάνειν
1606 2347 1925 2388 ἀπομνημονεύουσιν.
1941 2346 2087 2376 Valerius
2106 2345 2269 2376 Maximus
2288 2343 2342 2376 lib.
2356 2345 2384 2383 1,
2402 2353 2474 2385 cap.

1428 2400 1446 2428 2
1461 2408 1470 2428 ι
1486 2396 1641 2428 Zaleucus
1654 2395 1714 2427 sub
1732 2393 1862 2427 nomine
1873 2393 2029 2426 Minerva}
2048 2391 2132 2432 apud
2152 2393 2324 2424 Locrenses
2337 2391 2477 2432 pruden-

1428 2442 1574 2474 tissimus
1591 2441 1721 2473 habitus
1739 2442 1798 2473 est.
1813 2460 1850 2467 -
1871 2440 1937 2480 (38)
1966 2439 2056 2471 Plato
2075 2439 2158 2472 Tim.
2177 2448 2208 2480 p.
2226 2443 2266 2472 20
2280 2442 2304 2472 Α
2321 2453 2330 2472 2
2347 2441 2478 2482 Τίμαιος

1428 2490 1486 2532 γὰρ
1499 2490 1552 2522 ὅδε
1566 2488 1783 2529 ἐὐνομωτάτης
1796 2488 1839 2520 ὢν
1862 2486 1980 2523 πόλεως
1998 2491 2052 2523 τῆς
2069 2487 2099 2518 ἐν
2120 2485 2238 2528 Ἰταλίᾳ
2250 2488 2417 2529 Λοκρίδος,
2435 2489 2477 2520 ad

1428 2546 1524 2578 quem
1553 2537 1659 2569 locum
1682 2537 1816 2569 Proetus
1837 2545 1868 2576 p.
1887 2539 1926 2567 22
1954 2537 1980 2566 D
2000 2543 2008 2565 :
2028 2535 2075 2566 ὅτι
2096 2535 2128 2566 δὲ
2151 2534 2336 2575 εὐνομοῡντο
2363 2537 2392 2567 οἱ
2412 2538 2478 2569 Λο-

1429 2584 1497 2625 κροί
1510 2608 1519 2623 ,
1537 2584 1645 2622 δῆλον·
1662 2583 1700 2623 ἦν
1717 2583 1777 2624 γὰρ
1790 2582 1827 2621 δὴ
1845 2582 1946 2613 αὐτῶν
1965 2581 2133 2622 νομοθέτης
2155 2581 2320 2618 Ζάλευκος.
2342 2582 2390 2614 Cf.
2416 2584 2476 2614 De·

1431 2632 1614 2664 mosthenes
1633 2630 1710 2662 adv.
1735 2631 1875 2662 Timocr.
1894 2637 1964 2670 pag.
1983 2630 2043 2661 744
2073 2628 2125 2659 ed.
2151 2627 2276 2666 Reisk„
2299 2628 2377 2660 item
2400 2629 2476 2661 Piu-

1428 2678 1524 2710 darus
1548 2680 1582 2710 et
1607 2677 1724 2710 Strabo
1749 2677 1783 2708 ΙΙ.
1803 2685 1851 2709 cc.
1872 2694 1914 2702 -
1939 2676 2004 2716 (39)
2036 2677 2197 2715 scymnus
2217 2674 2318 2706 Chius
2343 2683 2392 2708 vs.
2415 2678 2477 2709 346

1429 2734 1518 2766 seqq.
1537 2737 1547 2758 ι
1566 2725 1686 2764 λέγεται
1701 2724 1759 2765 γὰρ
1770 2723 1882 2759 αὐτοὺς
1899 2723 1975 2763 μήτε
1990 2725 2053 2759 τοῖς
2071 2722 2176 2762 νόμοις
2201 2721 2246 2754 ἔτι
2267 2725 2330 2758 τοῖς
2342 2726 2398 2754 τοῦ
2418 2725 2478 2755 Ζα-

1429 2773 1541 2804 λεύκου
1563 2771 1740 2804 τάκόλουθα
1758 2771 1928 2809 συντελεῖν,
1952 2769 2064 2811 τρυφὴν
2090 2769 2124 2800 δὲ
2142 2769 2195 2801 καὶ
2213 2769 2349 2810 ῥᾴθυμον
2370 2771 2476 2811 ἑλομέ-

1429 2830 1499 2856 νους
1517 2818 1588 2860 βίον,
1596 2818 1699 2861 χρόνῳ
1713 2818 1870 2860 προελθεῖν
1890 2818 1932 2852 εἷς
1949 2816 2034 2857 ὕὸριν
2052 2827 2086 2847 τε
2107 2816 2159 2847 καὶ
2180 2815 2272 2856 κόρον
2291 2817 2359 2848 κτλ.
2378 2816 2479 2849 Aliter

1402 2864 1404 2899 ἶ
1431 2866 1546 2898 Strabo
1571 2866 1612 2898 de
1634 2865 1863 2906 posterioribus
1892 2863 2037 2904 ejiisdern
2068 2863 2176 2903 oppidi
2206 2863 2319 2896 incolis
2346 2863 2402 2896 lib.
2418 2866 2476 2905 VI,

1432 2921 1463 2953 p.
1479 2916 1539 2944 260
1555 2925 1563 2944 :
1577 2911 1726 2954 Θουρίους
1742 2911 1770 2943 δ’
1781 2911 1908 2951 ὕστερον
1925 2910 2069 2951 ἀκριὸοῦν
2084 2910 2225 2947 θέλοντας
2238 2911 2318 2952 πέρα
2332 2915 2394 2942 τῶν
2411 2913 2478 2943 Λο-

1431 2962 1514 3000 κρῶν
1542 2958 1750 3000 ἐνδοξοτέρους
1775 2958 1830 2999 μὲν
1853 2957 2014 2997 γενέσθαι,
2041 2956 2183 2997 χείρονας
2205 2958 2259 2989 δέ·
2281 2958 2478 2999 εὐνομεῖσθαι

1403 3024 1405 3037 .
1433 3006 1493 3046 γὰρ
1513 3005 1551 3037 οὐ
1570 3005 1641 3043 τοὺς
1669 3006 1700 3037 ἐν
1724 3007 1788 3040 τοῖς
1804 3003 1909 3043 νόμοις
1929 3003 2055 3034 ἅπαντα
2083 3003 2327 3044 φυλαττομένους
2347 3005 2387 3036 τὰ
2415 3008 2478 3036 τῶν

1432 3055 1632 3092 συκοφαντῶν
1642 3076 1652 3092 ,
1667 3051 1745 3084 ἀλλὰ
1763 3051 1834 3087 τοὺς
1853 3050 2039 3089 ἐμμένοντας
2054 3053 2119 3086 τοῖς
2133 3051 2239 3085 ἁπλῶς
2251 3051 2415 3091 κειμένοις.
2435 3070 2475 3078 -

1435 3099 1500 3138 (40)
1519 3099 1680 3131 Diodorus
1704 3098 1830 3130 Siculus
1858 3097 1912 3128 lib.
1936 3098 1996 3128 ΧΠ
2021 3105 2091 3136 cap.
2110 3101 2149 3129 20
2173 3105 2180 3124 τ
2202 3098 2356 3135 Ζάλευκος
2376 3095 2478 3130 τοίνυν

1432 3145 1470 3184 ἦν
1488 3146 1525 3178 τὸ
1547 3147 1632 3187 γένος
1650 3146 1686 3178 ἐκ
1703 3149 1758 3184 τῆς
1771 3144 1902 3180 Ἰταλίας
1922 3143 2044 3183 Λοκρός
2056 3167 2065 3182 ,
2085 3143 2161 3184 ἀνὴρ
2177 3143 2302 3185 εὐγενὴς
2325 3146 2378 3177 καὶ
2395 3145 2478 3177 κατὰ

1433 3193 1576 3226 παιδείαν
1591 3192 1860 3234 τεθαυμασμένος,
1877 3191 2013 3233 μαθητὴς
2029 3191 2061 3221 δὲ
2081 3192 2265 3232 Πυθαγόρου
2280 3195 2335 3224 τοῦ
2358 3191 2479 3233 φιλοσό-

1434 3251 1503 3280 φου.
1523 3243 1644 3272 Seneca
1666 3240 1758 3281 epist.
1775 3241 1829 3278 90,
1847 3243 1865 3270 6
1884 3246 1891 3265 =
1911 3237 2037 3270 Zaleuci
2057 3238 2140 3276 leges
2157 3239 2401 3280 Charondaeque
2414 3239 2480 3270 lau·

1434 3287 1561 3319 dantur.
1578 3288 1618 3319 ui
1635 3296 1699 3319 non
1722 3287 1753 3318 in
1771 3286 1839 3317 soro
1852 3309 1862 3326 ,
1885 3293 1944 3316 nec
1962 3285 1994 3315 in
2007 3285 2226 3316 consultorum
2243 3286 2344 3326 atrio,
2364 3285 2418 3318 sed
2446 3285 2478 3318 in

1437 3334 1625 3373 Pythagorae
1640 3334 1741 3366 tacito
1764 3332 1818 3365 illo
1846 3333 2023 3371 sanctoque
2039 3330 2169 3363 secessu
2190 3332 2476 3372 didiceruntjura,

1441 3388 1513 3418 quae
1534 3380 1658 3412 florenti
1673 3382 1751 3412 tunc
1770 3378 1885 3411 Siciliae
1901 3379 1933 3410 et
1954 3386 2008 3418 per
2027 3377 2151 3409 ltaliam
2166 3380 2300 3411 Gra-cia',
2315 3381 2478 3418 ponerent.

1439 3424 1597 3464 Diogenes
1615 3426 1760 3458 Laertius
1778 3425 1834 3457 lib.
1852 3426 2004 3462 V111,16
2022 3436 2029 3455 ι
2046 3423 2120 3465 [τὸν
2144 3424 2345 3466 Πυθαγόραν]
2367 3425 2477 3462 ἄλλους

1436 3482 1468 3503 τε
1494 3473 1625 3509 πολλοὺς
1650 3473 1731 3504 κατὰ
1754 3473 1809 3510 τήν
1834 3471 1966 3503 'Inna-2
1987 3470 2220 3511 ἀπεργάσασθαι
2239 3473 2348 3508 καλούς
2367 3483 2399 3503 τε
2425 3473 2478 3503 καὶ

1407 3546 1411 3554 ,
1436 3518 1568 3557 ἀγαθους
1583 3520 1712 3559 ἄνδρας·
1729 3519 1806 3560 ἀτὰρ
1818 3530 1869 3550 και
1885 3520 1907 3550 Ζ
1911 3519 2038 3550 ἑλευκον
2052 3519 2104 3549 καὶ
2123 3519 2292 3560 Χαρώνδαν
2305 3519 2375 3555 τοὺς
2387 3530 2479 3559 νομο·

2617 276 2638 302 Γ·
2619 259 2635 266 1‘
2614 0 2638 252 ‘’evagata—iz&
