2638 3840
292 272 303 301 ι
315 268 336 302 2
1121 260 1586 302 PYTHAGOREOBUM

286 346 378 384 τικὸν
396 346 578 401 ἁναφέρεν,
598 347 636 386 τὸ
653 347 689 387 δὲ
703 348 1015 388 κοινοὸουλευτικὸν
1037 346 1094 386 διὰ
1119 349 1187 386 τῶν
1217 363 1322 401 στρα-

288 408 400 457 ταγῶν
419 406 476 446 ἐπὶ
487 408 550 445 τὰν
564 407 768 454 ἐκκλησίαν.
785 407 950 451 ὡσαύτως
967 406 1001 444 δὲ
1015 407 1074 444 καὶ
1086 408 1136 444 τῶ
1148 407 1323 460 ἐπικούρω

285 469 344 507 καὶ
358 470 407 506 τῶ
422 469 600 516 δυναμικῶ
615 467 733 519 μέρεος
751 483 790 505 το
806 466 898 517 μέν’
883 482 973 505 εστιν
990 464 1212 517 ἀρχοντικόν,
1234 466 1273 505 τὸ
1288 466 1324 505 δὲ

286 525 566 599 πρρμαχατικόν,
585 526 623 563 τὸ
643 526 677 565 δὲ
698 525 816 563 λοιπὸν
839 525 898 563 καὶ
917 526 1034 583 πλῇον
1045 523 1146 577 μέρος
1165 525 1287 577 ἀγελα·
1279 541 1324 564 ,ον

287 600 346 625 και
371 582 630 637 στρατιωτικόν.
689 582 905 634 Ἀρχοντικὸν
928 581 989 633 μὲν
1008 597 1056 620 ων
1085 583 1193 633 ἐστιν,
1216 581 1250 628 ἐξ
1278 577 1326 621 ὧν

286 642 588 697 στρατοπεδάρχαι
619 641 678 678 καὶ
706 640 891 692 ταξιάρχαι
911 656 970 678 και
996 639 1141 692 λοχαγοὶ
1160 641 1220 679 καὶ
1239 641 1323 694 πρό-

287 718 395 756 μαχοι
425 701 649 740 καθίστανται
680 699 737 737 καὶ
771 698 907 736 καθόλω
934 698 1058 741 πάντες
1086 699 1116 736 οἱ
1138 698 1325 749 ἁγεμονίαν

285 761 438 814 ἔχοντες·
460 757 723 812 προμαχατικὸν
745 756 779 794 δὲ
806 755 846 795 τὸ
876 758 942 794 τῶν
977 757 1242 808 ἀνδρικωτάτων
1267 773 1326 796 και

286 819 534 870 θυμικωτάτων
568 816 628 855 καὶ
659 815 974 864 τολματικωτάτων
1005 821 1075 854 πᾶν
1102 815 1220 867 γένος,
1245 819 1325 866 ἀγε-

284 880 381 916 λαῖον
407 875 441 915 δὲ
466 876 525 914 καὶ
561 874 808 925 στρατιωτικὸν
829 874 868 912 τὸ
887 873 1005 913 λοιπὸν
1025 875 1166 918 πλᾶθος.
1222 876 1272 911 τῶ
1290 873 1324 912 δὲ

287 935 451 988 βαναύσω
482 934 540 971 καὶ
570 934 802 984 βιοπονατικῶ
821 931 860 970 τὸ
890 932 952 982 μέν
981 934 1053 970 ἐστι
1071 930 1243 981 γεωπόνον
1265 930 1325 971 καὶ

285 993 364 1046 περὶ
385 993 446 1031 τὰν
466 990 698 1044 κατεργασίαν
721 997 781 1035 τᾶς
800 989 916 1043 χώρας
935 989 1271 1042 κατασχολεύμενον,
1287 988 1326 1028 τὸ

284 1052 319 1089 δὲ
338 1050 539 1103 τεχνατικὸν
562 1049 692 1102 ὄργανα
710 1050 769 1089 καὶ
787 1050 1089 1103 ἐπιμαχανάματα
1105 1055 1175 1094 τοῖς
1193 1052 1244 1088 τῶ
1261 1049 1326 1102 βίω

284 1110 485 1164 πράγμασιν
530 1109 810 1161 ἐκποριζόμενον,
847 1110 886 1148 τὸ
921 1108 956 1147 δὲ
990 1107 1223 1160 μεταὸατικὸν
1266 1107 1326 1146 καὶ

284 1169 488 1221 ἐμπορικόν,
508 1167 526 1207 ὃ
546 1168 588 1207 τὰ
609 1167 670 1220 μὲν
700 1171 734 1208 ἐν
758 1175 803 1222 τᾷ
829 1168 928 1206 πόλει
951 1167 1236 1221 περιουσιάζοντα
1268 1165 1326 1204 ἐπὶ

283 1228 345 1267 τὰν
366 1227 462 1273 ξέναν
485 1227 661 1278 διάγεται,
679 1227 723 1266 τὰ
744 1227 778 1266 δὲ
797 1227 865 1266 ἀπὸ
885 1234 943 1270 τᾶς
962 1226 1055 1271 ξένας
1075 1228 1108 1270 ἔς
1125 1225 1190 1264 τὰν
1207 1224 1323 1266 πόλιν.

283 1286 339 1326 Τὰ
371 1286 433 1337 μὲν
465 1278 512 1324 ὧν
544 1286 752 1335 συστάματα
776 1290 836 1329 τᾶς
859 1287 1039 1328 πολιτικᾶς
1060 1283 1239 1327 κοινωνίας
1270 1283 1327 1322 διὰ

283 1345 454 1384 τοσούτων
479 1344 539 1383 καὶ
568 1346 708 1383 τοιῶνδε
730 1346 862 1398 μερέων
887 1343 1132 1382 συντέτακται·
1150 1341 1272 1381 ἔπειτα
1290 1341 1326 1380 δὲ

283 1404 363 1457 περὶ
394 1404 550 1456 ἆρμογᾶς
580 1405 640 1442 καὶ
673 1403 812 1448 ἑνώσιος
834 1405 945 1442 αὐτῶν
976 1402 1111 1456 ῥητέον.
1189 1400 1269 1440 ἐπεὶ
1290 1400 1326 1439 δὲ

284 1469 381 1501 πᾶσα
401 1462 563 1501 πολιτικὰ
582 1461 742 1500 κοινωνία
761 1462 849 1515 λύρᾳ
869 1463 1048 1505 παντελῶς
1074 1461 1232 1500 ποτέοικε
1242 1489 1256 1508 ,
1277 1462 1327 1513 τῷ

285 1521 481 1574 ἐξαρτύσιός
507 1537 544 1559 τε
568 1521 702 1559 δέεσθαι
722 1537 781 1559 και
811 1526 1051 1572 συναρμογᾶς,
1070 1520 1131 1558 καὶ
1150 1520 1190 1558 τὸ
1208 1520 1327 1557 τελευ-

284 1587 380 1618 ταῖον
378 1582 544 1640 Νὲπαφᾶς
572 1595 660 1622 τινος
693 1579 753 1617 καὶ
783 1579 1015 1632 προσχράσιος
1048 1584 1221 1629 μωσικᾶς·
1248 1576 1327 1630 περὶ

286 1638 348 1690 μὲν
374 1641 422 1676 ὠν
453 1637 648 1691 ἕξαρτύσιος
681 1637 879 1685 πολιτείας,
907 1639 946 1676 ἐκ.
974 1636 1081 1675 ποίων
1117 1636 1178 1675 καὶ
1209 1635 1327 1675 πόσων

285 1698 505 1745 συνέστακεν,
527 1696 663 1750 εἴρηταί
692 1711 750 1746 μοι
783 1696 842 1735 καὶ
872 1698 906 1734 ἐν
934 1701 1004 1739 τοῖς
1024 1696 1228 1749 ἔμπροσθεν·
1247 1694 1327 1747 περὶ

285 1757 322 1795 δὲ
345 1761 565 1808 συναρμογᾶς
597 1755 656 1793 καὶ
690 1754 828 1798 ἑνώσιος
858 1756 972 1792 αὐτῶν
1005 1759 1240 1807 πειρασοῦμαι
1267 1758 1325 1792 νῦν

286 1815 398 1867 λέγεν.
457 1814 562 1865 Φαμὶ
583 1815 618 1852 δὲ
640 1814 767 1865 ἔγωγε,
790 1813 881 1867 τρισὶ
902 1813 1032 1856 τούτοις
1053 1814 1328 1866 συναρμόζεσθαι

285 1873 347 1912 τὰν
373 1872 556 1912 πολιτικὰν
585 1873 778 1920 κοινωνίαν,
793 1873 924 1924 λόγοις,
941 1872 1212 1923 ἐπιταδεύμασιν
1230 1875 1328 1921 ἐθῶν,

287 2006 381 2038 rebus
402 2005 442 2037 de
463 2006 579 2046 quibus
605 2006 714 2046 postea
738 2003 779 2035 ad
805 2006 950 2036 senatum
978 2004 1092 2044 refert3
1120 2004 1236 2035 rectrix
1255 2013 1328 2044 quae

287 2065 335 2096 vel
355 2065 434 2105 regit
452 2065 501 2096 vel
515 2066 600 2097 certe
612 2064 652 2096 ad
668 2063 806 2104 reliquos
823 2062 976 2103 regendos
995 2066 1068 2094 nata
1086 2064 1135 2094 est
1148 2074 1157 2103 ;
1171 2063 1328 2094 senatoria

286 2123 424 2164 denique
442 2132 460 2155 e
481 2123 604 2165 reliqua
625 2121 832 2154 multitudine
857 2122 1006 2153 constans
1033 2129 1106 2162 quae
1130 2130 1179 2153 res
1204 2129 1222 2152 a
1249 2130 1327 2161 prae

287 2181 356 2213 side
391 2181 478 2222 prius
508 2182 677 2222 pensitatas
706 2181 826 2222 excipit
853 2189 976 2222 suoque
997 2180 1119 2221 judicio
1144 2182 1330 2212 commissas

286 2240 445 2281 suffragiis
463 2242 495 2272 et
521 2240 710 2272 auctoritate
737 2249 794 2272 sua
818 2239 995 2271 confirmat.
1039 2239 1100 2272 Sed
1119 2241 1154 2271 ut
1172 2241 1280 2280 aperte
1298 2241 1330 2272 et

288 2299 473 2338 simpliciter
488 2298 611 2338 dicam,
630 2298 781 2338 praesides
800 2297 930 2338 quidem
958 2298 1084 2338 oportet
1103 2298 1274 2329 constituta
1289 2297 1330 2329 ad

287 2358 434 2389 senatum
450 2357 584 2396 referre,
602 2357 686 2388 huuc
703 2359 810 2389 autem
829 2365 883 2397 per
898 2358 1050 2398 praetores
1066 2356 1105 2388 ad
1119 2356 1236 2388 civium
1255 2365 1328 2388 con-

288 2418 422 2449 cionem.
467 2417 618 2450 similiter
631 2420 663 2450 et
680 2416 842 2449 auxiliaris
858 2416 980 2449 ordinis
999 2417 1066 2449 sive
1085 2417 1198 2449 robore
1213 2418 1329 2449 virium

290 2476 467 2517 praestantis
488 2485 551 2508 uua
570 2485 643 2517 pars
660 2477 760 2517 regit,
779 2476 879 2508 altera
900 2478 1096 2518 propugnat,
1116 2476 1236 2516 reliqua
1259 2486 1331 2518 pars

289 2544 390 2575 eaque
406 2535 509 2572 major
528 2535 661 2576 gregalis
677 2537 709 2567 et
735 2535 881 2567 militaris
905 2536 963 2566 est.
1006 2535 1218 2575 Imperatoria
1238 2535 1332 2575 igitur

288 2595 354 2632 est,
370 2602 409 2626 ex
427 2602 489 2634 qua
506 2596 681 2626 castrorum
698 2594 857 2635 praefecti,
874 2594 1022 2626 ordinum
1039 2594 1187 2627 ductores
1200 2619 1209 2635 ,
1228 2595 1330 2626 mani-

292 2652 443 2692 pulorum
460 2652 558 2683 duces
575 2654 607 2684 et
625 2653 820 2692 antesignani
842 2653 1078 2685 constituuntur
1093 2655 1125 2685 et
1149 2653 1181 2685 in
1203 2654 1331 2685 univer-

290 2719 359 2742 sum
380 2719 493 2742 omnes
509 2712 563 2751 qui
587 2711 798 2752 principatum
818 2711 957 2752 aliquem
974 2711 1122 2744 obtinent
1140 2725 1148 2745 ε
1169 2721 1239 2753 pars
1261 2722 1328 2754 pro-

291 2778 434 2810 pugnans
461 2779 502 2801 ex
521 2770 764 2808 robustissimis,
782 2770 1022 2803 animosissimis
1048 2774 1080 2803 et
1108 2771 1332 2804 audacissimis

291 2829 473 2869 quibusque
490 2829 635 2868 constat,
648 2829 779 2870 gregalis
793 2838 870 2860 vero
885 2830 917 2861 et
930 2829 1076 2861 militaris
1096 2831 1199 2862 omnis
1212 2831 1332 2872 reliqua

290 2887 464 2919 multitudo
494 2889 555 2919 est.
600 2887 741 2927 operarii
761 2889 866 2919 autem
889 2888 1010 2919 ordinis
1028 2890 1061 2920 et
1079 2889 1199 2920 victum
1224 2890 1331 2922 labore

291 2946 463 2986 quaerentis
479 2945 540 2977 alia
554 2954 627 2987 pars
646 2947 695 2978 est
710 2946 917 2985 agricolarum
937 2948 969 2979 et
988 2947 1027 2978 ad
1045 2947 1251 2979 excolendam
1280 2958 1331 2981 re-

291 3005 414 3044 gionem
443 3005 717 3045 incumbentium3
737 3005 798 3036 alia
830 3005 862 3036 in
890 3006 1029 3037 artificiis
1048 3008 1234 3047 occupatur,
1261 3009 1330 3039 tum

292 3064 522 3102 iustrumenta,
539 3064 607 3095 tum
624 3063 786 3094 machinas
807 3063 846 3094 ad
862 3064 934 3095 vitae
951 3065 1077 3104 negotia
1092 3065 1298 3105 suppeditans
1322 3080 1329 3098 :

292 3122 352 3153 alia
374 3122 591 3163 peregrinatur
606 3124 638 3154 et
654 3123 867 3154 mercaturam
886 3122 979 3162 facit,
993 3132 1066 3163 quae
1088 3124 1201 3163 partim
1228 3133 1277 3156 res
1299 3124 1331 3156 in

292 3181 421 3213 civitate
439 3181 637 3213 abundantes
656 3181 687 3213 in
713 3184 837 3213 exteras
865 3182 1006 3222 regiones
1034 3182 1197 3222 transfert,
1219 3184 1331 3223 partim

293 3249 341 3272 res
361 3240 550 3272 adventitias
568 3240 602 3272 in
617 3240 790 3272 civitatem.
845 3241 1095 3273 constitutiones
1120 3241 1213 3281 igitur
1233 3242 1333 3274 civilis

291 3299 451 3332 societatis
466 3307 506 3331 ex
524 3301 574 3331 tot
588 3307 625 3331 ac
644 3299 759 3331 talibus
775 3300 916 3341 partibus
929 3300 1142 3332 conficiuntur
1163 3311 1171 3332 ε
1192 3301 1333 3341 sequitur

294 3363 328 3389 ut
347 3362 386 3391 de
398 3367 509 3390 earum
530 3358 756 3398 conjunctione
768 3362 863 3398 atque
878 3359 1002 3390 unitate
1016 3359 1170 3391 dicamus.
1228 3363 1332 3398 Quum

295 3425 370 3447 vern
387 3419 492 3449 omnis
510 3418 722 3450 communitas
739 3417 841 3450 civilis
854 3418 984 3449 omnino
1000 3418 1038 3449 ad
1055 3418 1130 3458 lyrae
1153 3418 1332 3450 similitudi-

296 3485 366 3509 nem
388 3481 535 3517 accedat,
556 3479 720 3518 propterea
735 3477 821 3519 quod
839 3479 1011 3519 apparatu,
1029 3478 1258 3518 concinnitate,
1276 3478 1332 3510 de-

1383 348 1512 400 νόμοις,
1528 349 1587 388 καὶ
1599 349 1655 388 διὰ
1670 352 1772 401 τριῶν
1790 347 1917 388 τούτων
1935 347 2159 389 παιδεύεσθαι
2171 350 2229 390 τὸν
2245 349 2424 404 ἄνθρωπον

1384 407 1443 446 καὶ
1463 408 1725 461 σπουδαιότερον
1745 408 1934 460 γίγνεσθαι.
2005 407 2057 447 τοὶ
2075 407 2136 459 μὲν
2158 409 2226 462 γὰρ
2250 409 2345 460 λόγοι
2368 410 2427 448 δι-

1386 467 1544 506 δάσκοντι
1578 468 1638 506 καὶ
1679 466 1861 515 ἐπιθυμίας
1897 468 2118 517 ἐμποιεῧντι,
2151 468 2425 520 προτρεπόμενοι

1387 525 1471 578 πρὸς
1490 525 1628 578 ἀρετάν·
1644 525 1696 564 τοὶ
1716 525 1751 564 δὲ
1776 526 1893 576 νόμοι,
1914 524 1957 564 τὰ
1979 523 2041 575 μὲν
2058 525 2176 577 φόὸοις
2194 526 2400 578 κατέχοντες
2412 557 2423 575 ,

1389 583 1614 633 ἀπερύκοντι,
1634 583 1679 622 τὰ
1698 583 1734 622 δὲ
1753 584 1871 634 τιμαῖς
1888 599 1924 621 τε
1945 583 2004 621 καὶ
2026 583 2170 634 δωρεαῖς
2189 585 2424 636 δελεάζοντες,

1387 641 1627 681 ἐκκαλέονται·
1650 642 1693 680 τὰ
1723 642 1758 680 δὲ
1787 642 1864 680 ἔθεσι
1898 642 1957 679 καὶ
1989 641 2249 692 ἐπιταδεύματα
2276 643 2427 683 πλάσσει

1386 700 1446 739 καὶ
1479 706 1667 753 κηροχυτεῖ
1701 700 1765 738 τὰν
1786 699 1916 753 ψυχάν,
1949 700 2114 752 φυσίωσιν
2135 701 2344 752 ἐμποιεῦντα
2369 702 2426 740 διὰ

1386 765 1448 802 τᾶς
1472 760 1631 811 συνεχέος
1648 757 1829 811 ἐνεργείας.
1885 760 1949 797 Δεῖ
1966 757 2000 796 δὲ
2020 758 2064 796 τὰ
2083 758 2162 811 τρία
2178 762 2289 798 ταῦτα
2308 775 2427 798 συντε·

1387 817 1513 870 τάχθαι
1534 817 1615 856 ποτί
1640 833 1678 856 τε
1706 817 1745 855 τὸ
1774 816 1878 855 καλὸν
1906 816 1966 856 καὶ
1983 817 2022 856 τὸ
2045 819 2219 872 συμφέρον
2239 819 2299 857 καὶ
2317 818 2357 857 τὸ
2376 818 2428 857 δί-

1386 891 1495 923 καιον,
1516 876 1575 914 καὶ
1597 877 1631 914 ἐν
1653 875 1791 927 ἑκάστῳ
1815 876 1941 923 αὐτῶν,
1966 876 1995 913 εἰ
2025 875 2088 925 μὲν
2117 876 2274 925 δυνατόν,
2297 891 2367 916 στο·
2386 877 2427 916 ά-

1386 936 1502 979 ζεσθαι
1521 935 1673 972 πάντων·
1694 935 1723 972 εἰ
1743 934 1778 971 δὲ
1800 932 1850 984 μή
1871 948 1939 985 γα,
1959 934 2051 971 δυοῖν
2069 933 2092 981 ἢ
2113 934 2207 986 ἑνός,
2229 933 2312 973 ὥστ’
2331 892 2427 987 affatio

1386 993 1446 1031 καὶ
1471 992 1527 1031 τὸν
1545 993 1646 1043 λόγον
1667 992 1772 1031 καλὸν
1793 991 1853 1030 καὶ
1872 991 2003 1031 δίκαιον
2033 993 2093 1031 καὶ
2113 993 2350 1046 συμφέροντα,
2368 994 2429 1032 καὶ

1386 1050 1426 1089 τὸ
1461 1049 1533 1094 ἔθος
1567 1050 1627 1089 καὶ
1666 1050 1723 1089 τὸν
1757 1049 1873 1100 νόμον·
1895 1053 2131 1102 προτιμῆσθαι
2163 1051 2199 1089 δὲ
2230 1057 2361 1103 πρᾶτον
2390 1051 2429 1090 τὸ

1387 1108 1508 1155 καλόν,
1530 1108 1686 1161 δεύτερον
1708 1108 1743 1147 δὲ
1762 1107 1801 1146 τὸ
1822 1108 1950 1148 δίκαιον
1963 1139 1972 1157 ,
1992 1107 2104 1161 τρίτον
2125 1107 2161 1148 δὲ
2183 1109 2222 1148 τὸ
2241 1109 2428 1162 συμφέρον.

1386 1167 1425 1205 τὸ
1446 1165 1584 1205 καθόλω
1613 1165 1649 1205 δὲ
1678 1170 1863 1219 πειρᾶσθαι
1894 1167 1949 1205 διὰ
1969 1167 2100 1206 τούτων
2119 1170 2166 1212 ὡς
2188 1168 2243 1208 ὅτι
2273 1170 2429 1219 μάλιστα

1387 1225 1481 1263 ποιὲν
1515 1223 1576 1263 τὰν
1603 1223 1718 1272 πόλιν,
1747 1223 1839 1268 ὅπως
1870 1224 2034 1276 ὁμόλογος
2054 1219 2076 1277 ἦ
2097 1224 2113 1248 ¹³
2153 1226 2214 1264 καὶ
2247 1227 2428 1279 σύμφωνος

1387 1289 1458 1327 τοῖς
1484 1286 1587 1327 αὑτᾶς
1620 1282 1760 1335 μέρεσι,
1779 1281 1868 1321 ἀλλὰ
1890 1283 1939 1334 μὴ
1970 1284 2203 1329 στασιάζουσα
2221 1285 2282 1324 καὶ
2301 1286 2430 1338 διαμα-

1386 1343 1534 1395 χομένα.
1565 1345 1694 1381 ἐσεῖται
1721 1341 1757 1380 δὲ
1776 1345 1897 1390 τοῦτο,
1922 1342 2005 1381 αἴκα
2026 1343 2069 1382 τὰ
2091 1344 2205 1382 πάθεα
2229 1350 2291 1388 τᾶς
2316 1346 2431 1399 ψυχᾶς

1388 1402 1597 1449 παιδεύηται
1615 1403 1683 1439 τῶν
1703 1400 1790 1439 νέων
1809 1400 1869 1438 καὶ
1889 1402 1922 1445 ἐς
1942 1401 1979 1439 τὸ
1999 1401 2137 1454 μέτριον
2168 1404 2330 1454 ἀγινῆται
2359 1409 2431 1448 τοῖς

1388 1462 1487 1500 ἆδέσι
1503 1477 1539 1499 τε
1558 1459 1618 1498 καὶ
1631 1461 1798 1512 λυπαροῖς
1810 1490 1820 1508 ,
1836 1459 1895 1498 καὶ
1911 1460 1992 1499 αἴκα
2005 1462 2083 1514 περὶ
2098 1467 2159 1505 τᾶς
2174 1461 2290 1506 οὐσίας
2307 1462 2431 1515 μέτρια

1388 1520 1447 1558 καὶ
1472 1519 1541 1558 ἀπὸ
1561 1518 1753 1571 γεωπονίας
1773 1518 1896 1571 ἔχωντι
1915 1518 1976 1557 τὰν
1993 1520 2173 1571 πρόσοδον·
2192 1519 2252 1559 καὶ
2271 1520 2354 1558 αἴκα
2371 1520 2431 1565 τὰς

1388 1577 1499 1631 ἀρχὰς
1518 1579 1670 1630 ἅρχωντι
1689 1584 1750 1621 τᾶς
1770 1579 1832 1628 μὲν
1859 1580 1982 1630 ἀρετᾶς
2010 1579 2172 1629 δεομένας
2202 1579 2255 1617 τοὶ
2287 1578 2431 1630 ἀγαθοί,

1389 1638 1449 1681 τὰς
1470 1638 1500 1675 δ’
1522 1636 1703 1690 ἐμπειρίας
1733 1638 1822 1680 τινὸς
1851 1637 1903 1675 τοὶ
1924 1637 2103 1690 ἔμπειροι,
2126 1637 2188 1681 τὰς
2212 1637 2248 1676 δὲ
2273 1643 2431 1690 παροχᾶς

1390 1713 1479 1739 τινος
1495 1696 1558 1735 καὶ
1573 1695 1730 1740 δαπάνας
1749 1696 1801 1735 τοὶ
1825 1695 1985 1748 εὔποροι,
2008 1697 2069 1735 καὶ
2085 1696 2216 1741 τούτοις
2235 1702 2322 1735 πᾶσι
2341 1696 2431 1737 κατὰ

1388 1754 1513 1807 τρόπον
1535 1754 1657 1807 ἄρξασι
1689 1754 1751 1800 τὰς
1771 1755 1881 1808 ἀρχὰς
1899 1756 1977 1794 κατ’
1996 1755 2093 1801 ἀξίαν
2107 1760 2122 1779 ⁰
2142 1757 2350 1807 διανέμωντι
2367 1755 2429 1801 τὰς

1388 1813 1502 1865 τιμάς.
1557 1811 1641 1853 Ἔτι
1661 1814 1696 1852 δὲ
1717 1820 1778 1858 τᾶς
1797 1817 1921 1866 ἀρετᾶς
1941 1815 2049 1853 αἰτίαι
2077 1815 2284 1867 τυγχάνοντι
2313 1818 2429 1868 τρεῖς,

1388 1873 1508 1928 φόὸος,
1540 1873 1702 1923 ἐπιθυμία
1715 1903 1726 1921 ,
1772 1872 1889 1918 αἰδώς.
1968 1875 2167 1911 δυνασεῖται
2204 1873 2239 1911 ’δὲ
2273 1873 2332 1912 τὸν
2369 1873 2432 1925 μὲν

1387 2009 1482 2050 nique
1510 2009 1695 2041 tractatione
1723 2009 1829 2050 aliqua
1854 2018 1977 2050 usuque
2004 2009 2127 2042 musico
2142 2009 2261 2050 indiget
2283 2022 2291 2041 :
2313 2009 2354 2042 de
2373 2018 2431 2051 ap-

1388 2070 1500 2109 paratu
1533 2068 1662 2109 quidem
1692 2067 1891 2109 reipublicae,
1924 2068 1956 2100 id
1984 2069 2051 2110 est,
2074 2078 2115 2100 ex
2140 2068 2258 2109 quibus
2289 2070 2322 2101 et
2353 2070 2433 2110 quot

1387 2128 1530 2169 partibus
1555 2128 1697 2166 constet,
1719 2127 1785 2167 jam
1820 2128 1894 2159 ante
1915 2127 1993 2159 mibi
2012 2127 2195 2168 expositum
2217 2130 2286 2167 est;
2303 2127 2433 2168 deeius

1388 2189 1495 2219 autem
1515 2186 1729 2218 concinnitate
1744 2187 1776 2218 et
1794 2186 1916 2218 unitate
1934 2195 2020 2218 nunc
2039 2186 2194 2219 disserere
2212 2186 2361 2219 conabor.
2385 2189 2432 2219 Ac

1389 2247 1515 2278 civilem
1533 2245 1663 2287 quidem
1690 2245 1949 2278 communionem
1978 2254 2020 2277 ex
2050 2245 2100 2278 liis
2120 2245 2222 2278 tribus
2249 2246 2430 2279 concinnari

1388 2306 1534 2345 affirmo,
1566 2304 1760 2346 disciplinis,
1791 2304 1869 2336 vitaz
1898 2304 2071 2344 institutis,
2102 2304 2225 2344 legibus
2254 2313 2431 2346 eommque

1387 2365 1487 2396 trium
1511 2363 1663 2395 beneficio
1689 2363 1806 2396 erudiri
1827 2364 1987 2396 bominem
2005 2365 2037 2396 et
2060 2363 2223 2396 meliorem
2247 2363 2327 2397 fieri.
2372 2364 2430 2396 Di-

1389 2423 1532 2464 sciplinae
1545 2423 1629 2455 enim
1646 2422 1762 2454 docent
1775 2423 1807 2455 et
1819 2422 2010 2463 cupiditates
2029 2422 2193 2463 injiciunt,
2206 2422 2374 2455 incitantes
2389 2423 2430 2456 ad

1388 2481 1537 2514 virtutem
1545 2492 1555 2522 ;
1581 2482 1665 2522 leges
1679 2483 1785 2513 autem
1806 2480 1919 2521 partim
1937 2482 2024 2512 metu
2054 2480 2232 2513 detinentes
2259 2480 2430 2521 cohibent,

1390 2542 1502 2582 partim
1523 2538 1696 2573 bonoribus
1714 2549 1752 2572 ac
1769 2539 1860 2572 donis
1877 2539 2049 2572 allicientes
2066 2540 2201 2572 invitant
2211 2550 2221 2580 3
2239 2548 2342 2572 mores
2356 2549 2431 2572 vero

1389 2605 1420 2633 et
1436 2600 1581 2632 instituta
1604 2599 1743 2631 formant
1756 2599 1897 2631 animum
1914 2603 1945 2631 et
1961 2599 2052 2640 quasi
2069 2608 2196 2631 cereum
2220 2599 2358 2639 tingunt,
2373 2608 2432 2631 na·

1388 2658 1481 2692 turali
1500 2658 1609 2690 habitu
1627 2666 1682 2698 per
1701 2657 1885 2689 continuam
1905 2657 2062 2688 actionem
2080 2656 2268 2689 imbuentia.
2298 2658 2432 2697 Oportet

1388 2718 1495 2748 autem
1514 2716 1573 2748 tria
1591 2717 1660 2747 lioec
1675 2715 1715 2747 ad
1735 2716 1901 2748 honestum
1918 2717 1951 2748 et
1967 2715 2045 2747 utile
2061 2717 2093 2747 et
2106 2715 2231 2753 justum
2254 2715 2431 2756 composita

1389 2784 1476 2815 esse,
1494 2779 1590 2816 atque
1615 2775 1648 2806 in
1670 2783 1782 2806 eorum
1813 2783 2023 2815 unoquoque,
2038 2774 2063 2806 si
2085 2774 2151 2806 lieri
2180 2775 2307 2815 potest,
2324 2774 2431 2806 omnia

1388 2833 1441 2866 illa
1458 2832 1648 2873 consectari,
1666 2833 1715 2864 sin
1731 2832 1837 2864 minus
1849 2857 1858 2873 ,
1873 2831 1935 2863 duo
1955 2832 2068 2865 saltem
2089 2834 2145 2864 aut
2163 2841 2284 2872 unum,
2304 2835 2340 2864 ut
2360 2834 2431 2864 tuin

1390 2893 1570 2934 disciplina,
1592 2896 1660 2924 tum
1686 2891 1903 2931 consuetudo,
1934 2892 2003 2923 tum
2024 2892 2073 2923 lex
2099 2893 2130 2923 et
2146 2892 2278 2924 honesta
2295 2893 2329 2924 et
2344 2891 2432 2932 justa

1390 2955 1422 2984 et
1454 2951 1540 2983 utilis
1568 2951 1628 2988 sit,
1657 2951 1825 2992 primoque
1853 2950 1924 2982 loco
1955 2950 2144 2988 honestum,
2164 2950 2264 2982 altero
2288 2950 2431 2990 justum,

1391 3011 1485 3043 tertio
1514 3010 1593 3042 utile
1620 3010 1787 3054 habeatur.
1832 3008 1894 3042 Sed
1907 3009 1939 3040 in
1954 3009 2138 3040 universum
2158 3009 2264 3040 conari
2282 3008 2434 3041 debemu-

1390 3069 1552 3101 civitatem
1569 3078 1623 3110 per
1639 3068 1708 3100 hoec
1727 3077 1822 3109 quam
1846 3067 1985 3099 maxime
2001 3075 2172 3099 consonam
2194 3069 2227 3099 et
2252 3076 2429 3108 congruen-

1390 3129 1455 3160 tem
1476 3128 1544 3159 suis
1568 3127 1709 3168 partibus
1727 3126 1869 3166 efficere,
1885 3134 1925 3158 ne
1944 3125 2152 3157 seditionibus
2170 3129 2202 3158 et
2222 3125 2433 3157 contentioni-

1392 3186 1450 3217 bus
1468 3187 1615 3226 agitetur.
1661 3188 1729 3218 Hoc
1742 3186 1847 3217 autem
1861 3185 2002 3222 eveniet,
2015 3184 2039 3215 si
2051 3184 2240 3223 juvenilium
2252 3183 2431 3215 animorum

1391 3245 1525 3277 affectus
1543 3245 1740 3285 erudiantur,
1759 3246 1790 3276 et
1804 3245 1835 3276 in
1850 3243 2066 3284 voluptatibus
2082 3252 2122 3288 ac
2136 3242 2288 3274 molestiis
2305 3242 2344 3274 ad
2367 3251 2432 3273 me·

1391 3303 1592 3335 diocritatem
1624 3304 1839 3344 perducantur
1863 3315 1870 3335 :
1893 3311 1986 3343 porro
2013 3302 2039 3333 si
2060 3301 2234 3333 mediocres
2266 3301 2433 3333 facultates

1394 3362 1529 3394 babeant
1556 3366 1588 3394 et
1615 3363 1754 3394 reditum
1773 3372 1812 3394 ex
1834 3362 2052 3402 agricultura:
2070 3361 2145 3392 item
2175 3360 2200 3391 si
2229 3360 2433 3399 magistratus

1391 3422 1520 3459 gerant,
1542 3430 1595 3452 eos
1612 3421 1740 3462 quidem
1755 3421 1809 3461 qui
1830 3420 1978 3452 virtutem
1996 3419 2158 3460 postulant
2178 3418 2269 3458 boni,
2284 3418 2339 3459 qui
2358 3427 2432 3449 vero

1392 3479 1620 3519 experientiam
1650 3480 1789 3520 aliquam
1815 3479 1922 3520 periti,
1954 3479 2006 3519 qui
2035 3479 2141 3510 autem
2180 3477 2373 3516 largitionem
2400 3479 2431 3508 et
