2638 3840
714 221 942 270 EJUSQUE
969 221 1258 262 DISCIPULIS
1285 222 1350 263 ET
1379 220 1800 264 SUCCESSOIUBUS.

175 307 405 362 τικειμένων)
426 318 614 349 memorat
627 309 859 362 Simplicius
877 311 887 362 (
894 311 982 362 103)
999 310 1042 349 in
1070 311 1219 349 Aristo-

175 369 264 408 telis
289 368 513 419 Categorias
549 382 637 422 pag.
660 383 709 421 97
743 379 781 409 et
818 371 906 420 103,
935 384 984 409 ex
1007 371 1083 410 hoc
1116 372 1221 410 sonte

174 426 350 467 hausisse
375 428 621 467 Aristotelem
649 441 736 480 quae
763 429 811 467 de
844 429 1038 481 oppositis
1069 430 1222 468 disserit

174 486 424 527 contendens.
445 487 626 539 Archytae
642 486 845 540 Ἁρμονικόν
872 489 1086 540 respiciunt
1107 489 1220 527 Nico-

173 544 333 584 machus
353 545 423 586 lib.
444 545 460 584 l
486 546 691 586 Arithmet.
719 561 760 598 p.
783 547 826 595 5,
854 546 1087 586 Plutarchus
1112 549 1217 598 (104)

171 604 222 643 de
236 604 383 644 Musica
402 618 485 657 cap.
517 612 588 655 44,
614 607 693 646 vol.
713 605 798 645 xlv
818 620 858 658 p.
879 612 956 657 249
973 607 1032 646 ed.
1049 607 1218 655 Hutten.‚

171 662 402 703 Ptolemaeus
417 663 486 703 lib.
504 664 757 705 lHarmonic.
774 679 858 718 cap.
878 666 914 714 5,
935 678 958 704 a
973 679 1052 717 quo
1070 666 1221 704 Taren-

173 722 279 761 tinus
306 731 454 762 naturae
481 724 646 776 verique
678 726 872 778 interpres
899 726 1045 764 dicitur
1064 726 1220 777 μάλιστα

171 783 241 820 τῶν
258 780 503 834 Πυθαγορείων
522 783 743 835 ἐπιμεληθεὶς
760 788 949 835 μουσικῆς,
968 784 1078 823 Theo
1092 785 1223 836 Smyr-

173 853 283 880 naeus
303 854 344 893 p.
375 847 444 892 94,
470 841 716 895 Porphyrius
744 844 786 882 in
813 843 1013 883 Ptolemaei
1051 847 1222 882 Harmo-

172 900 262 939 nica
289 913 330 953 p.
367 914 460 950 ato,
492 903 585 950 276,
623 903 714 951 3¹7·
745 902 988 954 Singularem
1019 904 1078 941 De
1112 903 1223 942 tibiis

171 959 483 1000 dissertationem
504 961 687 1013 Archytae
705 962 876 1012 assignat
892 962 1096 1000 Athenaeus
1117 962 1220 1012 (105)

173 1019 242 1058 lib.
271 1019 337 1068 w,
357 1034 398 1072 p.
425 1021 497 1066 184
520 1020 562 1060 E.
598 1021 773 1060 Eundem
803 1021 1004 1073 sapientiae
1023 1021 1220 1073 professo·

171 1091 253 1118 rem
288 1080 331 1119 in
363 1081 641 1119 commentario
676 1081 736 1119 De
765 1081 908 1119 decade
939 1080 1070 1120 laudat
1113 1079 1223 1119 Theo

172 1138 400 1191 Smyrnaeus
419 1153 460 1192 p.
488 1141 576 1180 166.
603 1141 772 1178 Omnino
799 1140 1016 1180 verisimile
1042 1149 1122 1187 est,
1151 1141 1225 1178 Ar-

172 1197 326 1249 chytam
347 1199 422 1238 tale
444 1212 543 1252 opus
564 1199 667 1239 foras
687 1199 864 1246 dedisse,
886 1213 1006 1250 quum
1036 1199 1223 1238 Boethius

172 1256 244 1298 lib.
266 1257 285 1297 1
305 1259 540 1298 Geometriae
567 1273 608 1311 p.
635 1258 734 1297 ¹516
760 1268 799 1297 et
835 1259 936 1296 1518
966 1258 1127 1297 abacum
1146 1258 1223 1310 Py-

172 1316 414 1368 thagoricum
434 1318 484 1356 ab
503 1331 551 1357 eo
570 1326 730 1370 repetat.
752 1318 864 1356 Conf.
890 1317 959 1356 lib.
978 1317 1031 1365 ll,
1051 1332 1092 1370 p.
1123 1318 1223 1356 1535

171 1388 255 1428 seq.
271 1375 463 1416 Volumen
479 1377 537 1416 De
560 1378 738 1416 machina
759 1378 842 1416 sive
864 1377 913 1415 de
928 1377 1119 1416 machinis
1143 1392 1222 1417 non

171 1447 196 1473 a
212 1435 450 1489 philosopho
461 1466 473 1485 ‚
490 1436 557 1476 sed
573 1436 622 1475 ab
637 1436 811 1488 ejusdem
829 1438 999 1476 nominis
1013 1437 1223 1476 architecto

148 1494 151 1497 ’
172 1497 436 1550 conscriptum
470 1509 554 1536 esse
587 1498 642 1536 ait
670 1498 863 1548 Diogenes
901 1497 1079 1536 Laertius
1116 1499 1222 1549 (106)

172 1554 242 1594 lib.
260 1555 365 1605 vm,
387 1558 450 1595 82.
468 1557 528 1596 Cf.
554 1556 707 1596 vitruv.
720 1557 829 1609 praef.
848 1557 919 1595 lib.
947 1557 1032 1596 vn.
1051 1557 1127 1596 Sed
1146 1557 1223 1596 dif-

173 1613 278 1653 ficile
293 1625 351 1655 est
363 1646 374 1667 ‚
389 1616 655 1664 architectum,
665 1617 854 1655 musicum
872 1625 1108 1668 caeterosque
1124 1630 1223 1668 quos

172 1672 368 1724 Diogenes
387 1685 588 1714 enumerat
601 1675 787 1727 Archytas
804 1689 825 1714 a
840 1676 1042 1728 sapientiae
1060 1685 1224 1715 assecta-

173 1740 259 1772 tore
276 1733 540 1785 distinguere,
557 1736 773 1787 praesertim
803 1749 923 1787 quum
941 1735 1006 1773 hic
1026 1735 1221 1774 mechani-

173 1794 256 1831 cam
280 1806 438 1846 quoque
456 1794 705 1846 disciplinam
723 1802 761 1832 et
778 1795 962 1833 musicam
985 1795 1166 1845 attigerit.
1179 1795 1222 1833 Si

174 1852 265 1903 quis
282 1861 450 1892 statuere
465 1854 561 1893 velit
583 1854 707 1893 civem
725 1853 982 1892 Tarentinum
998 1867 1070 1906 pro
1086 1867 1132 1892 ea
1145 1866 1223 1905 qua

173 1911 388 1951 excellebat
409 1913 558 1964 ingenii
587 1913 858 1964 magnitudine
882 1914 1058 1952 omnium
1089 1926 1221 1952 rerum

175 1971 396 2023 artiumque
424 1971 625 2011 scientiam
655 1980 903 2011 consecutum
933 1986 982 2011 ne
1010 1985 1033 2010 a
1056 1972 1225 2023 coquina

174 2024 332 2076 quidem
352 2024 604 2065 abhorruisse
616 2053 627 2073 ,
648 2025 774 2078 possit
790 2026 827 2064 ei
847 2027 960 2063 etiam
980 2025 1024 2063 τὰ
1042 2025 1219 2079 Ὀψαρτυ-

173 2083 256 2123 τικά
282 2097 369 2136 quae
398 2085 581 2136 Archytae
611 2084 795 2124 attribuit
819 2084 1027 2123 Athenaeus
1046 2083 1118 2124 lib.
1138 2084 1224 2136 xiil,

218 2229 306 2271 (103)
323 2230 507 2272 Simplicius
522 2230 554 2264 in
568 2231 747 2264 Aristotelis
759 2231 871 2272 Categ.
886 2239 918 2272 p.
933 2232 972 2264 97
987 2232 1090 2264 01103
1108 2229 1155 2272 (p.
1169 2232 1221 2264 88.

130 2279 136 2286 '
174 2283 205 2308 1.
223 2275 343 2310 sehon.
370 2278 468 2310 Arist.
488 2278 540 2311 ed.
572 2278 730 2318 Brandts)
754 2289 762 2310 :
787 2279 1064 2320 συμπληρωθέντος
1082 2278 1115 2310 δὲ
1138 2278 1224 2319 παρὰ

176 2321 407 2366 Ἀριστοτέλους
423 2328 479 2358 τοῦ
492 2326 560 2367 περὶ
576 2329 631 2365 τῆς
647 2330 710 2358 τῶν
725 2326 944 2366 ἀντικειμένων
958 2325 1104 2366 διαφορᾶς
1117 2325 1225 2366 λόγου,

176 2371 279 2409 καλῶς
295 2372 333 2404 ἂν
351 2372 420 2414 ἔχοι
436 2374 546 2406 καὶτὰ
565 2373 713 2416 Ἀρχύτου
729 2375 798 2415 περὶ
816 2374 912 2406 αὐτοῦ
936 2374 967 2405 ἐν
986 2377 1029 2415 τῷ
1043 2374 1111 2414 περὶ
1131 2373 1224 2406 Ἀντι-

175 2419 327 2461 κιιμίνων
347 2420 459 2463 βιδλίῳ
476 2420 638 2463 ἀρχέτυπα
660 2425 723 2454 τῶν
748 2422 918 2463 εἰρημένων
937 2421 1012 2452 ὄντα
1027 2421 1224 2462 παραγεγρα-

176 2467 268 2508 φθαι,
284 2468 339 2500 καὶ
359 2468 495 2509 μάλιστα
520 2469 568 2501 ὅτι
586 2469 656 2501 mm
684 2469 703 2501 ὀ
728 2469 808 2506 θεῖος
826 2467 1004 2509 Ὶάμόὶιχος
1026 2467 1090 2500 ἀπὸ
1112 2468 1226 2500 τούτου

175 2517 232 2546 τοῦ
253 2514 375 2556 βιῦλίου
388 2527 416 2548 τι
432 2519 497 2553 τοῖς
509 2517 732 2558 ὑπομνήμασιν
745 2517 875 2553 (vitais.
896 2517 957 2548 Καὶ
971 2515 1051 2552 ῐσως
1066 2515 1125 2547 οὐκ
1136 2514 1226 2554 ἦλθεν

176 2559 220 2597 εἰς
241 2560 336 2594 αὐτόν
348 2572 357 2581 ·
377 2562 415 2595 οὐ
443 2563 504 2605 γὰρ
522 2563 559 2595 ἂν
575 2562 653 2596 αὐτὸ
667 2565 807 2605 παρῆκεν
829 2563 847 2595 ὁ
862 2562 898 2595 τὸ
924 2565 981 2594 τοῦ
998 2560 1226 2603 Ἀριστοτέλους

175 2610 246 2651 nupt
268 2609 501 2653 Ἅπικειμίνων
528 2611 648 2653 βιὸλίον
671 2610 932 2650 ἐπισκεψάμενος,
950 2609 1040 2650 Ἔχει
1063 2610 1096 2641 δὲ
1115 2609 1223 2646 οὕτως.

177 2658 319 2698 -(104)
347 2658 540 2691 Plutarchus
558 2658 599 2691 de
622 2659 744 2692 Musica
764 2667 833 2699 cap.
851 2659 903 2696 44,
923 2657 984 2689 voi.
1006 2657 1093 2695 XIV,
1114 2665 1143 2696 p.
1165 2659 1226 2689 249

177 2701 230 2736 ed.
250 2704 358 2737 uuit:
385 2705 440 2744 τὴν
455 2707 516 2747 γὰρ
539 2709 603 2738 τῶν
623 2706 722 2739 ὄντων
750 2705 846 2747 φορὰν
862 2704 915 2736 καὶ
931 2704 987 2742 τὴν
1004 2707 1066 2735 τῶν
1087 2703 1227 2744 ἀστέρων

177 2749 300 2790 κίνησιν
316 2753 347 2784 οἱ
359 2754 429 2794 περὶ
448 2752 635 2794 Πυθαγόραν
654 2753 709 2786 καὶ
726 2752 872 2795 Ἀρχύταν
887 2753 940 2784 καὶ
958 2751 1115 2784 Πλάτωνα
1131 2752 1182 2782 καὶ
1197 2753 1226 2783 ot

177 2797 281 2832 λοιποὶ
296 2802 360 2832 τῶν
380 2799 521 2843 ἀρχαίων
541 2800 718 2843 φιλοσόφων
741 2800 801 2833 οὐκ
825 2800 898 2832 ἄνευ
920 2802 1072 2842 μουσικῆς
1090 2798 1227 2837 γίνισθαι

177 2846 232 2877 καὶ
251 2845 438 2879 συνιστάναι
458 2846 615 2887 ῑρασκον·
632 2846 744 2885 πάντα,
758 2846 819 2890 γὰρ
835 2846 907 2879 καθ’
925 2844 1077 2887 ἁρμονίαν
1093 2844 1156 2876 ὑπὸ
1171 2847 1227 2876 τοῦ

178 2891 250 2926 θεοῦ
279 2892 532 2927 κατεσκευάσθαι
558 2893 664 2934 φασίν.
695 2910 737 2918 ——-
766 2895 854 2935 (105)
887 2894 1061 2927 Anu-umus
1088 2891 1144 2923 lib.
1169 2892 1226 2933 tv,

179 2948 212 2983 p.
230 2941 287 2973 184
312 2942 338 2974 Ε
356 2953 364 2973 :
382 2942 436 2974 καὶ
459 2943 522 2974 τῶν
548 2941 773 2984 Πυθαγορικῶν
791 2941 824 2974 at
844 2942 950 2974 πολλοὶ
974 2941 1029 2978 τήν
1057 2939 1227 2977 αὐλητικὴν

177 2985 340 3028 ἤσκησαν,
357 2989 400 3026 ὥς
422 2987 592 3031 Εὐφράνωρ
612 2998 646 3021 τι
667 2989 720 3021 καὶ
735 2987 881 3031 Ἀρχύτας
902 2985 1055 3022 Φιλόλαός
1076 2995 1109 3016 τι
1134 2984 1220 3017 moe

178 3043 213 3066 τι
229 3034 288 3067 οὐκ
305 3034 417 3077 ὀλίγοι.
440 3036 476 3069 Ὁ
503 3036 531 3069 δ’
557 3035 725 3079 Εὐφράνωρ
749 3037 801 3068 καὶ
818 3035 1008 3077 σύγγραμμα
1030 3033 1096 3076 περὶ
1122 3032 1226 3065 αὐλῶν

179 3082 343 3116 mamm
354 3094 363 3103 ·
379 3083 497 3126 ὁμοίως
512 3083 545 3117 tt
566 3084 620 3116 καὶ
634 3084 653 3116 ὸ
673 3083 831 3126 Ἀρχύτας.

223 3129 315 3171 (106)
346 3130 503 3173 Diogenes
523 3130 669 3164 Laertius
686 3130 741 3165 lib.
766 3132 907 3172 vuum
927 3127 1099 3169 εΓιγόνασι
1113 3127 1140 3160 δ’
1162 3125 1227 3171 Ἀρ-

107 3166 112 3168 s
180 3179 274 3218 χθται
291 3178 451 3221 τέτταρας·
467 3181 591 3221 πρῶτος
609 3177 703 3214 αὐτὸς
728 3176 836 3214 οὗτος·
858 3177 997 3218 διύτιρος
1022 3173 1228 3213 Μῑωληναῐῦς

181 3225 342 3264 ma&-
365 3225 466 3269 τρίτος
484 3225 552 3267 περὶ
573 3224 725 3267 immine
742 3223 983 3266 συγγεγραφώς·
998 3222 1141 3261 τέταρτος
1161 3218 1226 3252 tm-

100 3289 106 3319 g
148 3303 149 3306 ,
181 3272 446 3315 γραμματοποιός.
466 3271 565 3305 Ἔνιοι
589 3272 642 3304 καὶ
659 3273 799 3314 πέμπτον
821 3267 1028 3312 ἀρχιτέκτονά
1050 3276 1164 3307 φασιν.
1189 3266 1227 3300 οὗ

181 3319 302 3362 φέρεται
335 3321 454 3363 §inim
473 3320 542 3362 περὶ
566 3322 708 3362 μηχανῆς
733 3319 831 3361 ἀρχὴν
853 3319 926 3359 ἕχον
940 3317 1055 3352 ταύτην
1068 3324 1076 3333 ·
1105 3326 1120 3342 ⁶⁸
1141 3313 1222 3348 Τόδε

182 3368 417 3412 καρὰΤιύκρου
425 3367 642 3411 Καρχηδονίου
654 3367 817 3406 διήκουσα.
832 3379 847 3395 ι
865 3366 938 3406 ΙΙιρὶ
951 3365 983 3396 ὁὶ
999 3365 1054 3395 τοῦ
1071 3365 1225 3403 μουσικοῦ

184 3416 305 3458 φίριται
328 3416 380 3449 καὶ
409 3416 498 3455 τόδτ,
517 3416 558 3452 ὥς
578 3413 798 3454 ὀνειδιζόμενος
822 3412 870 3445 ἐπὶ
894 3415 939 3451 τῷ
965 3410 1008 3449 μὴ
1025 3407 1226 3445 ἑξακοὺιοθαι

183 3461 284 3495 εἶπα·
300 3462 346 3496 Τὸ
363 3461 424 3505 γὰρ
440 3462 571 3504 ὄργανον
588 3460 665 3504 incip
681 3461 759 3503 iii-oft
773 3458 1029 3501 διαγωνιζόμενον
1045 3456 1140 3488 ialal.

2234 231 2328 261 xvn

1283 326 1319 364 p.
1340 313 1416 350 516
1442 313 1490 360 C,
1514 312 1606 364 jure
1625 311 1758 363 aliquo
1782 309 1997 348 vindicare.
2028 309 2202 360 Denique
2230 311 2265 348 ἐν
2284 313 2328 363 τῇ

1281 374 1342 419 τῆς
1355 374 1585 424 γνωριστικῆς
1597 373 1768 425 γραμμῆς
1779 371 1871 421 τομῇ
1890 369 2171 420 Pythagoricus
2187 369 2235 407 de
2249 383 2328 420 quo

1283 443 1409 468 sermo
1443 440 1501 469 est
1535 430 1693 469 virtutis
1727 429 1911 479 magister
1949 438 2273 468 commemoratur
2307 444 2330 468 a

1283 489 1500 528 lamblicho
1521 491 1561 529 in
1582 490 1786 529 Villoison.
1808 488 1952 528 Anecd.
1979 489 2052 528 Gr.
2083 487 2135 540 ll,
2157 503 2198 540 p.
2232 491 2322 541 189.

1282 548 1418 595 Tertio
1439 550 1524 587 loco
1539 549 1724 601 ponimus
1739 548 1885 600 scripta
1898 548 2040 598 logica.
2061 547 2117 586 Ex
2131 548 2210 587 illis
2226 563 2328 587 unus

1282 617 1458 659 superest
1486 608 1587 647 liber
1612 610 1672 647 De
1689 607 1820 647 decem
1842 608 2049 658 categoriis
2081 621 2195 659 quem
2228 610 2332 648 inter

1287 666 1498 716 fragmenta
1511 681 1599 718 pag.
1615 667 1692 715 57⁰
1712 680 1822 718 seqq.
1838 666 2056 716 divulgavi.
2076 666 2330 706 Rarissimum

1283 734 1408 763 autem
1443 726 1517 763 hoc
1537 726 1767 777 opusculum
1790 725 1896 777 quod
1916 724 1996 777 περὶ
2027 728 2088 763 τοῦ
2119 726 2248 770 παντὸς
2269 727 2333 779 φύ-

1282 800 1352 827 σιος
1372 785 1604 836 inscriptum
1623 785 1792 836 primum
1817 784 1989 823 Venetiis
2001 797 2103 822 anno
2123 785 2218 833 1571
2242 800 2330 824 cum

1283 845 1479 882 Dominici
1500 844 1743 882 Pizzimentii
1763 844 2084 895 interpretatione
2102 845 2222 883 latina
2239 859 2334 896 pro·

1282 903 1379 951 diii,
1416 904 1556 941 deinde
1597 903 1741 941 omissa
1779 903 2034 942 translatione
2071 903 2218 955 Lipsiae
2250 906 2335 943 sine

1283 962 1468 1013 temporis
1504 970 1594 999 nota
1615 974 1737 1011 graece
1766 961 1896 1000 studio
1925 970 1962 999 et
1985 974 2106 1012 opera
2138 960 2333 1000 Joachimi

1282 1021 1518 1070 camerarii,
1541 1023 1607 1071 qui
1630 1021 1784 1058 titulum
1811 1033 1894 1059 esse
1910 1019 2068 1059 volebat
2083 1019 2253 1073 Ἀρχύτου
2273 1037 2333 1074 <ps-

1286 1080 1426 1132 ρόμενοι
1454 1078 1541 1117 δέκα
1571 1078 1679 1130 λόγοιι
1702 1077 1900 1126 καθολικοί,
1933 1079 2220 1130 promulgatum
2250 1089 2333 1129 est,

1285 1147 1366 1178 tum
1387 1140 1490 1178 inter
1507 1139 1710 1191 opuscula
1731 1147 1906 1176 veterum
1924 1137 2150 1177 Graecorum
2178 1149 2335 1178 senten-

1285 1199 1385 1237 tiosa
1399 1207 1437 1236 et
1456 1199 1619 1237 moralia
1639 1207 1731 1236 tom.
1747 1196 1800 1246 ll,
1820 1210 1905 1249 pag.
1930 1211 2004 1244 272
2028 1210 2136 1249 seqq.
2157 1197 2206 1236 ab
2221 1199 2334 1238 Orel-

1284 1258 1338 1296 lio
1361 1258 1567 1310 repetitum
1599 1257 1668 1295 diu
1697 1257 1913 1306 neglectum
1939 1255 2076 1307 jacuit,
2105 1270 2178 1307 ego
2217 1259 2334 1309 longo

1283 1317 1489 1356 intervallo
1507 1316 1709 1355 emendavi
1728 1324 1765 1354 et
1783 1316 1903 1354 latine
1919 1316 2034 1355 verti.
2052 1315 2097 1354 ln
2112 1330 2189 1367 quo
2205 1330 2336 1356 emen-

1284 1375 1403 1414 dandi
1439 1376 1594 1426 negotio
1622 1389 1644 1413 e
1667 1375 1813 1413 doricis
1847 1388 1986 1413 vocum
2022 1375 2158 1414 formis
2193 1390 2336 1426 paucas

1283 1434 1457 1482 restitui,
1480 1434 1630 1486 majora
1653 1443 1801 1473 tantum
1831 1433 1972 1472 menda
2004 1435 2234 1484 corrigenda
2253 1450 2336 1475 esse

1284 1493 1509 1533 arbitratus.
1532 1493 1664 1544 Neque
1678 1493 1783 1532 enim
1803 1492 1964 1531 dubium
1982 1493 2078 1543 quin
2097 1491 2215 1543 hujus
2231 1508 2336 1534 com·

1285 1553 1508 1591 mentarioli
1528 1561 1665 1591 auctor
1684 1553 1866 1591 diversus
1891 1553 1942 1590 sit
1961 1551 2010 1590 ab
2029 1564 2076 1590 eo
2093 1553 2160 1603 qui
2183 1554 2336 1606 reliqua

1285 1612 1546 1665 philosophia:
1575 1619 1828 1650 monumenta
1859 1619 1897 1649 et
1930 1611 2119 1661 fragmina
2155 1612 2336 1664 Archytae

1284 1672 1508 1724 supposuit.
1531 1670 1724 1710 Nimirum
1750 1671 1790 1708 in
1817 1670 1965 1709 caeteris
1984 1670 2157 1709 limatius
2179 1670 2335 1713 dicendi

1285 1743 1407 1781 genus
1427 1730 1629 1782 majorque
1655 1729 1782 1768 dorici
1814 1729 2006 1767 sermonis
2026 1730 2188 1767 scientia
2218 1744 2333 1781 quam

1284 1790 1326 1828 in
1343 1790 1417 1828 hoc
1428 1789 1707 1828 commentario
1721 1797 1881 1840 apparet
1901 1789 1982 1838 qui,
1998 1789 2030 1826 si
2051 1802 2073 1825 a
2090 1790 2335 1839 paucissimis

1285 1849 1435 1888 doridis
1452 1849 1607 1887 dialecti
1620 1848 1796 1897 vestigiis
1813 1847 2052 1895 discesseris,
2070 1847 2185 1885 attica
2204 1851 2334 1899 potius

1285 1908 1347 1947 vel
1387 1908 1587 1946 communi
1625 1906 1793 1945 dialecto
1823 1905 2024 1944 confectus
2047 1918 2130 1943 esse
2150 1906 2337 1945 dicendus

1285 1976 1355 2007 est.
1387 1967 1604 2018 Caeteroqui
1650 1965 1861 2004 notandum
1904 1978 1990 2015 quae
2025 1964 2249 2016 Simplicius
2287 1967 2337 2004 ad

1287 2026 1511 2065 Aristotelis
1525 2025 1751 2075 Categorias
1767 2037 1814 2062 ex
1838 2023 2007 2074 Archyta
2025 2023 2138 2061 affert
2158 2037 2333 2074 magnam

1288 2093 1436 2138 partem
1473 2085 1515 2123 in
1547 2084 1622 2123 hoc
1657 2083 1794 2122 libello
1827 2082 2056 2121 desiderari.
2098 2082 2213 2128 Quod
2243 2096 2336 2121 vero

1286 2143 1604 2183 commentationi
1625 2143 1682 2181 De
1699 2142 1894 2195 oppositis
1905 2137 1926 2194 ’(
1939 2141 2020 2194 περὶ
2046 2144 2116 2180 τῶν
2144 2142 2338 2192 ἀντικειμέ-

1286 2203 1373 2253 νων)
1393 2203 1520 2242 10011111
1538 2203 1640 2240 inter
1660 2203 1805 2253 scripta
1822 2201 1983 2253 physica
2000 2210 2037 2239 et
2050 2201 2334 2249 mathematica,

1286 2276 1364 2301 non
1387 2264 1489 2301 inter
1521 2262 1647 2311 logica
1672 2264 1755 2299 esse
1776 2260 1910 2309 volui,
1928 2259 1968 2298 id
1989 2258 2040 2297 ob
2068 2260 2338 2311 inscriptionis

1287 2321 1576 2372 ambiguitatem
1618 2319 1836 2358 faciendum
1866 2319 2017 2370 putavi.
2053 2317 2143 2358 vid.
2176 2320 2334 2359 Aristot.

1287 2380 1452 2432 Metaph.
1475 2380 1505 2427 l,
1536 2380 1572 2426 5,
1595 2378 1707 2430 cujus
1736 2378 1856 2416 verba
1874 2390 1994 2429 supra
2017 2378 2130 2429 posui
2151 2377 2241 2417 adn.
2273 2394 2335 2429 90.

1288 2439 1366 2478 lias
1391 2439 1468 2477 fere
1489 2439 1590 2476 varii
1611 2437 1830 2487 argumenti
1850 2437 2082 2488 scriptiones
2099 2437 2249 2488 antiqui
2268 2437 2337 2475 ho-

1287 2499 1382 2537 mini
1406 2498 1622 2536 Tarentino
1642 2497 1710 2548 qui
1742 2509 1870 2535 rerum
1900 2496 2125 2545 cognitione
2143 2496 2335 2535 doctrina-

1288 2571 1364 2610 que
1379 2556 1642 2596 delectabatur
1661 2568 1852 2595 consensu
1869 2554 2060 2594 tribuunt.
2078 2555 2164 2600 Quo
2179 2556 2337 2594 nomine

1287 2616 1506 2655 mirandum
1523 2624 1602 2662 est,
1623 2627 1671 2654 ex
1689 2622 1744 2653 tot
1758 2613 2020 2653 monumentis
2036 2626 2057 2651 a
2075 2612 2336 2664 Pythagorico

1287 2675 1522 2728 philosopho
1551 2674 1699 2714 relictis
1726 2682 1792 2713 aut
1810 2671 1972 2724 exiguas
1991 2671 2141 2711 tabulas
2161 2673 2264 2710 velut
2289 2688 2337 2712 cx

1289 2734 1492 2784 naufragio
1523 2742 1698 2773 servatas
1719 2746 1804 2772 esse
1823 2741 1908 2780 aut,
1930 2731 2034 2783 quod
2055 2740 2216 2783 propter
2238 2732 2335 2770 inse-

1289 2794 1405 2833 rioris
1440 2793 1562 2832 aetatis
1606 2792 1760 2832 fraudes
1799 2790 2046 2845 probabilius
2071 2799 2147 2838 est,
2185 2791 2334 2830 nullum

1288 2866 1398 2906 paene
1413 2853 1509 2892 tanti
1523 2852 1603 2891 viri
1623 2852 1769 2891 dictum
1790 2851 1837 2890 ad
1856 2864 1927 2889 nos
1948 2850 2187 2903 pervenisse.
2207 2851 2333 2895 Quum

1289 2925 1383 2951 vero
1402 2911 1500 2951 1111111
1517 2919 1613 2950 esset
1632 2911 1673 2950 in
1694 2911 1809 2959 mari,
1832 2910 1930 2948 nihil
1953 2909 1993 2947 in
2016 2918 2141 2955 terra,
2166 2908 2267 2947 nihil
2295 2910 2334 2947 in

1293 2972 1392 3012 coelo
1421 2970 1526 3024 quod
1547 2984 1624 3009 non
1645 2978 1710 3009 aut
1725 2978 1851 3009 mente
1866 2968 2147 3020 contemplatus
2163 2980 2247 3006 esse
2272 2978 2335 3007 aut

1289 3030 1450 3082 ingenio
1480 3029 1718 3070 intellexisse
1750 3037 1815 3068 aut
1843 3027 1968 3066 literis
1992 3027 2241 3077 consignasse
2273 3028 2333 3066 vi—

1288 3090 1446 3130 deretur
1490 3089 1681 3141 Archytas
1715 3102 1724 3127 2
1766 3087 1919 3127 tandem
1966 3085 2170 3135 naufragio
2209 3099 2334 3138 prope

1290 3150 1441 3203 Apuliae
1455 3149 1566 3188 littus
1585 3148 1749 3200 periisse
1771 3147 1950 3186 traditur.
1972 3145 2084 3184 Hunc
2103 3153 2250 3183 natura:
2269 3146 2332 3183 in-

1289 3209 1468 3263 terpretis
1487 3221 1617 3247 casum
1635 3206 1799 3259 ejusque
1816 3213 1990 3244 extrema
2008 3204 2082 3242 suta
2101 3204 2255 3254 egregie
2275 3218 2333 3243 ce-

1287 3268 1456 3308 lebravit
1473 3267 1654 3307 lloratius
1665 3265 1733 3305 lib.
1750 3266 1764 3304 Ι
1780 3265 1953 3306 carmine
1968 3265 2033 3311 28,
2052 3263 2163 3313 cujus
2177 3263 2332 3303 initium

1286 3336 1377 3367 est:
1405 3344 1422 3362 ι
1453 3325 1512 3365 Το
1540 3326 1658 3365 maris
1678 3333 1716 3364 et
1748 3334 1859 3363 terrae
1892 3334 2132 3372 numeroque
2166 3323 2334 3361 carentis

1287 3398 1414 3425 arente
1445 3385 1666 3425 Mensorem
1701 3382 1908 3428 cohibent,
1933 3380 2121 3430 Archyta,
2151 3379 2333 3419 Pulveris

1287 3445 1418 3496 exigui
1444 3457 1568 3496 prope
1588 3443 1695 3482 littus
1717 3454 1837 3494 parva
1854 3440 2040 3478 Matinum
2057 3437 2217 3476 Munera
2237 3451 2246 3476 z
2263 3450 2334 3477 nec

2173 3506 2191 3535 b
