<?xml version="1.0" encoding="UTF-8"?>
<!DOCTYPE html PUBLIC "-//W3C//DTD XHTML 1.0 Transitional//EN"
    "http://www.w3.org/TR/xhtml1/DTD/xhtml1-transitional.dtd">
<html xmlns="http://www.w3.org/1999/xhtml" xml:lang="en" lang="en">
 <head>
  <title>
</title>
<meta http-equiv="Content-Type" content="text/html;charset=utf-8" />
  <meta name='ocr-system' content='tesseract 3.04.00' />
  <meta name='ocr-capabilities' content='ocr_page ocr_carea ocr_par ocr_line ocrx_word'/>
</head>
<body>
  <div class='ocr_page' id='page_1' title='image "./fragmentaphiloso02mulluoft_0110.png"; bbox 0 0 2638 3840; ppageno 0'>
   <div class='ocr_carea' id='block_1_1' title="bbox 0 2898 7 3145">
    <p class='ocr_par' dir='ltr' id='par_1_1' title="bbox 0 2898 7 3145">
     <span class='ocr_line' id='line_1_1' title="bbox 0 2898 7 3145; textangle 90"><span class='ocrx_word' id='word_1_1' title='bbox 4 3103 7 3145; x_wconf 43' lang='grc' dir='ltr'>«ῳ,</span> <span class='ocrx_word' id='word_1_2' title='bbox 0 2987 7 3088; x_wconf 52' lang='grc' dir='ltr'>,ε-Α--ι...-,,</span> <span class='ocrx_word' id='word_1_3' title='bbox 2 2951 5 2967; x_wconf 43' lang='lat'>„⁴</span> <span class='ocrx_word' id='word_1_4' title='bbox 2 2918 4 2921; x_wconf 84' lang='lat'><em>.</em></span> <span class='ocrx_word' id='word_1_5' title='bbox 0 2898 4 2904; x_wconf 56' lang='lat'>2</span> 
     </span>
    </p>
   </div>
   <div class='ocr_carea' id='block_1_2' title="bbox 355 243 1545 284">
    <p class='ocr_par' dir='ltr' id='par_1_2' title="bbox 355 243 1545 284">
     <span class='ocr_line' id='line_1_2' title="bbox 355 243 1545 284; baseline 0 0"><span class='ocrx_word' id='word_1_6' title='bbox 355 243 375 272; x_wconf 80' lang='lat'><strong>2</strong></span> <span class='ocrx_word' id='word_1_7' title='bbox 1302 245 1545 284; x_wconf 84' lang='lat' dir='ltr'><strong>PHlLOLAl</strong></span> 
     </span>
    </p>
   </div>
   <div class='ocr_carea' id='block_1_3' title="bbox 345 333 1407 2749">
    <p class='ocr_par' dir='ltr' id='par_1_3' title="bbox 345 333 1385 572">
     <span class='ocr_line' id='line_1_3' title="bbox 348 333 1384 397; baseline -0.012 -15"><span class='ocrx_word' id='word_1_8' title='bbox 348 358 435 397; x_wconf 83' lang='lat' dir='ltr'>pag</span> <span class='ocrx_word' id='word_1_9' title='bbox 467 347 557 388; x_wconf 71' lang='grc'>454-</span> <span class='ocrx_word' id='word_1_10' title='bbox 561 344 636 387; x_wconf 87' lang='grc'>468</span> <span class='ocrx_word' id='word_1_11' title='bbox 669 342 730 379; x_wconf 84' lang='lat' dir='ltr'>cd.</span> <span class='ocrx_word' id='word_1_12' title='bbox 763 338 1017 379; x_wconf 76' lang='lat' dir='ltr'>11001.C‹›ns.</span> <span class='ocrx_word' id='word_1_13' title='bbox 1052 335 1209 373; x_wconf 83' lang='lat' dir='ltr'><strong>Boeckh.</strong></span> <span class='ocrx_word' id='word_1_14' title='bbox 1243 333 1384 371; x_wconf 86' lang='lat' dir='ltr'><strong>Philol.</strong></span> 
     </span>
     <span class='ocr_line' id='line_1_4' title="bbox 345 388 1385 468; baseline -0.013 -26"><span class='ocrx_word' id='word_1_15' title='bbox 345 418 386 454; x_wconf 92' lang='lat' dir='ltr'>p.</span> <span class='ocrx_word' id='word_1_16' title='bbox 409 404 543 451; x_wconf 71' lang='lat'>47-66.</span> <span class='ocrx_word' id='word_1_17' title='bbox 565 401 775 452; x_wconf 70' lang='lat' dir='ltr'><strong>Scripsiz⁸</strong></span> <span class='ocrx_word' id='word_1_18' title='bbox 794 401 831 437; x_wconf 80' lang='grc' dir='ltr'>οὐ</span> <span class='ocrx_word' id='word_1_19' title='bbox 852 398 918 468; x_wconf 81' lang='grc' dir='ltr'>γὰρ</span> <span class='ocrx_word' id='word_1_20' title='bbox 935 398 1035 435; x_wconf 85' lang='grc' dir='ltr'>ὃτιῶν</span> <span class='ocrx_word' id='word_1_21' title='bbox 1056 388 1126 431; x_wconf 75' lang='grc' dir='ltr'>οἷόν</span> <span class='ocrx_word' id='word_1_22' title='bbox 1143 409 1179 431; x_wconf 90' lang='grc' dir='ltr'>τε</span> <span class='ocrx_word' id='word_1_23' title='bbox 1200 392 1294 431; x_wconf 79' lang='grc' dir='ltr'>οὐθὲν</span> <span class='ocrx_word' id='word_1_24' title='bbox 1311 393 1385 431; x_wconf 84' lang='grc' dir='ltr'>οὔτε</span> 
     </span>
     <span class='ocr_line' id='line_1_5' title="bbox 346 452 1385 511; baseline -0.013 -10"><span class='ocrx_word' id='word_1_25' title='bbox 346 465 518 511; x_wconf 78' lang='grc' dir='ltr'>νοηθῆμεν</span> <span class='ocrx_word' id='word_1_26' title='bbox 537 461 614 499; x_wconf 86' lang='grc' dir='ltr'>οὔτε</span> <span class='ocrx_word' id='word_1_27' title='bbox 633 461 837 510; x_wconf 80' lang='grc' dir='ltr'>γνωσθῆμεν</span> <span class='ocrx_word' id='word_1_28' title='bbox 856 456 935 493; x_wconf 74' lang='grc' dir='ltr'>ἄνευ</span> <span class='ocrx_word' id='word_1_29' title='bbox 949 453 1058 492; x_wconf 83' lang='grc' dir='ltr'>τούτω</span> <span class='ocrx_word' id='word_1_30' title='bbox 1073 467 1159 491; x_wconf 87' lang='lat' dir='ltr'>cum</span> <span class='ocrx_word' id='word_1_31' title='bbox 1180 452 1385 501; x_wconf 74' lang='lat' dir='ltr'><strong>Boeckhior,</strong></span> 
     </span>
     <span class='ocr_line' id='line_1_6' title="bbox 346 511 1388 572; baseline -0.011 -12"><span class='ocrx_word' id='word_1_32' title='bbox 346 522 458 562; x_wconf 88' lang='lat' dir='ltr'><strong>codd.</strong></span> <span class='ocrx_word' id='word_1_33' title='bbox 481 523 519 559; x_wconf 82' lang='grc' dir='ltr'>οὐ</span> <span class='ocrx_word' id='word_1_34' title='bbox 549 522 615 572; x_wconf 86' lang='grc' dir='ltr'>γὰρ</span> <span class='ocrx_word' id='word_1_35' title='bbox 635 521 734 558; x_wconf 83' lang='grc' dir='ltr'>ὁτιῶν</span> <span class='ocrx_word' id='word_1_36' title='bbox 756 533 792 555; x_wconf 85' lang='grc' dir='ltr'>τε</span> <span class='ocrx_word' id='word_1_37' title='bbox 810 516 903 554; x_wconf 79' lang='grc' dir='ltr'>οὐδὲν</span> <span class='ocrx_word' id='word_1_38' title='bbox 924 514 994 553; x_wconf 82' lang='grc' dir='ltr'>οὔτ</span> <span class='ocrx_word' id='word_1_39' title='bbox 1019 514 1209 564; x_wconf 78' lang='grc' dir='ltr'>ἐνοήθημεν</span> <span class='ocrx_word' id='word_1_40' title='bbox 1237 511 1306 550; x_wconf 83' lang='grc' dir='ltr'>οὔτ’</span> <span class='ocrx_word' id='word_1_41' title='bbox 1332 513 1388 559; x_wconf 69' lang='grc' dir='ltr'>ε’(-</span> 
     </span>
    </p>

    <p class='ocr_par' dir='ltr' id='par_1_4' title="bbox 346 565 1388 807">
     <span class='ocr_line' id='line_1_7' title="bbox 346 565 1388 630; baseline -0.011 -12"><span class='ocrx_word' id='word_1_42' title='bbox 346 580 527 630; x_wconf 83' lang='grc' dir='ltr'>νώσθημεν</span> <span class='ocrx_word' id='word_1_43' title='bbox 562 579 640 617; x_wconf 85' lang='grc' dir='ltr'>ἄνευ</span> <span class='ocrx_word' id='word_1_44' title='bbox 679 577 805 615; x_wconf 79' lang='grc' dir='ltr'>τούτω.</span> <span class='ocrx_word' id='word_1_45' title='bbox 819 574 835 597; x_wconf 67' lang='lat'>¹³</span> <span class='ocrx_word' id='word_1_46' title='bbox 868 574 983 623; x_wconf 65' lang='grc' dir='ltr'>εἴδεα,</span> <span class='ocrx_word' id='word_1_47' title='bbox 1029 572 1141 610; x_wconf 89' lang='lat' dir='ltr'>codd.</span> <span class='ocrx_word' id='word_1_48' title='bbox 1189 570 1278 618; x_wconf 85' lang='grc' dir='ltr'>εἴδη.</span> <span class='ocrx_word' id='word_1_49' title='bbox 1297 575 1311 593; x_wconf 78' lang='lat'><strong>⁰</strong></span> <span class='ocrx_word' id='word_1_50' title='bbox 1347 565 1388 608; x_wconf 77' lang='grc' dir='ltr'>ἅν</span> 
     </span>
     <span class='ocr_line' id='line_1_8' title="bbox 348 623 1386 686; baseline -0.01 -9.99"><span class='ocrx_word' id='word_1_51' title='bbox 348 639 478 676; x_wconf 81' lang='grc' dir='ltr'>ἑκάστα</span> <span class='ocrx_word' id='word_1_52' title='bbox 510 638 676 679; x_wconf 73' lang='grc' dir='ltr'>ὡσαύτως</span> <span class='ocrx_word' id='word_1_53' title='bbox 710 635 905 686; x_wconf 72' lang='grc' dir='ltr'>μερίζεταις</span> <span class='ocrx_word' id='word_1_54' title='bbox 949 631 1060 670; x_wconf 90' lang='lat' dir='ltr'><strong>codd.</strong></span> <span class='ocrx_word' id='word_1_55' title='bbox 1094 630 1134 674; x_wconf 84' lang='grc' dir='ltr'>ἃς</span> <span class='ocrx_word' id='word_1_56' title='bbox 1168 629 1313 668; x_wconf 82' lang='grc' dir='ltr'>ἕκαστον</span> <span class='ocrx_word' id='word_1_57' title='bbox 1345 623 1386 666; x_wconf 78' lang='grc' dir='ltr'>αὖ</span> 
     </span>
     <span class='ocr_line' id='line_1_9' title="bbox 347 683 1388 751; baseline -0.009 -15"><span class='ocrx_word' id='word_1_58' title='bbox 347 698 452 736; x_wconf 84' lang='grc' dir='ltr'>ταυτὸ</span> <span class='ocrx_word' id='word_1_59' title='bbox 474 697 647 748; x_wconf 66' lang='grc' dir='ltr'>δηιιαίνει.</span> <span class='ocrx_word' id='word_1_60' title='bbox 669 695 684 718; x_wconf 88' lang='lat'>‘¹</span> <span class='ocrx_word' id='word_1_61' title='bbox 700 695 801 740; x_wconf 66' lang='grc' dir='ltr'>δῆλον</span> <span class='ocrx_word' id='word_1_62' title='bbox 832 692 902 743; x_wconf 69' lang='grc' dir='ltr'>γὰρ</span> <span class='ocrx_word' id='word_1_63' title='bbox 919 690 972 730; x_wconf 82' lang='grc' dir='ltr'>ὅτι</span> <span class='ocrx_word' id='word_1_64' title='bbox 995 692 1067 751; x_wconf 79' lang='grc' dir='ltr'>οὐχ</span> <span class='ocrx_word' id='word_1_65' title='bbox 1089 684 1190 728; x_wconf 72' lang='grc' dir='ltr'>οἶόντ’</span> <span class='ocrx_word' id='word_1_66' title='bbox 1214 683 1277 738; x_wconf 85' lang='grc' dir='ltr'>ἠς;</span> <span class='ocrx_word' id='word_1_67' title='bbox 1297 689 1388 727; x_wconf 78' lang='lat' dir='ltr'><strong>libri</strong></span> 
     </span>
     <span class='ocr_line' id='line_1_10' title="bbox 347 744 1387 807; baseline -0.011 -11"><span class='ocrx_word' id='word_1_68' title='bbox 347 757 451 795; x_wconf 86' lang='grc' dir='ltr'>πλέον</span> <span class='ocrx_word' id='word_1_69' title='bbox 485 773 554 807; x_wconf 91' lang='grc' dir='ltr'>γα,</span> <span class='ocrx_word' id='word_1_70' title='bbox 590 755 611 800; x_wconf 83' lang='grc' dir='ltr'>ἢ</span> <span class='ocrx_word' id='word_1_71' title='bbox 649 753 699 791; x_wconf 79' lang='grc' dir='ltr'>ὅτι</span> <span class='ocrx_word' id='word_1_72' title='bbox 732 754 795 803; x_wconf 75' lang='grc' dir='ltr'>οὐχ</span> <span class='ocrx_word' id='word_1_73' title='bbox 826 744 894 787; x_wconf 81' lang='grc' dir='ltr'>οἱόν</span> <span class='ocrx_word' id='word_1_74' title='bbox 932 750 963 786; x_wconf 89' lang='grc' dir='ltr'>τ’</span> <span class='ocrx_word' id='word_1_75' title='bbox 993 752 1047 795; x_wconf 85' lang='grc' dir='ltr'>ἠς.</span> <span class='ocrx_word' id='word_1_76' title='bbox 1080 752 1094 770; x_wconf 77' lang='lat'><strong>⁰</strong></span> <span class='ocrx_word' id='word_1_77' title='bbox 1123 748 1238 796; x_wconf 71' lang='grc' dir='ltr'>οὐθὲν,</span> <span class='ocrx_word' id='word_1_78' title='bbox 1274 748 1387 787; x_wconf 85' lang='lat' dir='ltr'><strong>codd.</strong></span> 
     </span>
    </p>

    <p class='ocr_par' dir='ltr' id='par_1_5' title="bbox 348 806 1398 1689">
     <span class='ocr_line' id='line_1_11' title="bbox 348 806 1389 889; baseline -0.01 -34"><span class='ocrx_word' id='word_1_79' title='bbox 348 815 470 854; x_wconf 77' lang='grc' dir='ltr'>οὐθενὶ.</span> <span class='ocrx_word' id='word_1_80' title='bbox 497 814 508 837; x_wconf 68' lang='lat' dir='ltr'>s</span> <span class='ocrx_word' id='word_1_81' title='bbox 533 810 810 859; x_wconf 66' lang='lat' dir='ltr'><strong>‹5mv263v31ibii</strong></span> <span class='ocrx_word' id='word_1_82' title='bbox 842 812 939 846; x_wconf 82' lang='grc' dir='ltr'>ὡτινι</span> <span class='ocrx_word' id='word_1_83' title='bbox 968 806 1023 848; x_wconf 76' lang='grc' dir='ltr'>ἂν.</span> <span class='ocrx_word' id='word_1_84' title='bbox 1043 811 1060 836; x_wconf 73' lang='lat'><em>8</em></span> <span class='ocrx_word' id='word_1_85' title='bbox 1064 814 1133 889; x_wconf 73' lang='grc' dir='ltr'>11τᾷ</span> <span class='ocrx_word' id='word_1_86' title='bbox 1153 808 1298 859; x_wconf 77' lang='grc' dir='ltr'>τοιαύτᾳ</span> <span class='ocrx_word' id='word_1_87' title='bbox 1325 809 1389 860; x_wconf 87' lang='grc' dir='ltr'>ἁρ-</span> 
     </span>
     <span class='ocr_line' id='line_1_12' title="bbox 349 865 1391 925; baseline -0.009 -13"><span class='ocrx_word' id='word_1_88' title='bbox 349 874 475 925; x_wconf 69' lang='grc' dir='ltr'>μονίᾳ,</span> <span class='ocrx_word' id='word_1_89' title='bbox 509 872 602 923; x_wconf 65' lang='lat' dir='ltr'><strong>libii</strong></span> <span class='ocrx_word' id='word_1_90' title='bbox 626 870 669 908; x_wconf 80' lang='grc' dir='ltr'>τὰ</span> <span class='ocrx_word' id='word_1_91' title='bbox 697 883 841 907; x_wconf 88' lang='grc' dir='ltr'>τοιαυτα</span> <span class='ocrx_word' id='word_1_92' title='bbox 872 866 1037 919; x_wconf 75' lang='grc' dir='ltr'>ἁρμονία.</span> <span class='ocrx_word' id='word_1_93' title='bbox 1064 865 1139 904; x_wconf 76' lang='grc' dir='ltr'>11τὸ</span> <span class='ocrx_word' id='word_1_94' title='bbox 1162 868 1192 903; x_wconf 86' lang='grc' dir='ltr'>δ’</span> <span class='ocrx_word' id='word_1_95' title='bbox 1234 867 1268 904; x_wconf 83' lang='grc' dir='ltr'>ἐν</span> <span class='ocrx_word' id='word_1_96' title='bbox 1294 865 1391 918; x_wconf 88' lang='grc' dir='ltr'>μέσῳ</span> 
     </span>
     <span class='ocr_line' id='line_1_13' title="bbox 349 925 1388 977; baseline -0.008 -6"><span class='ocrx_word' id='word_1_97' title='bbox 349 947 434 971; x_wconf 92' lang='lat' dir='ltr'>cum</span> <span class='ocrx_word' id='word_1_98' title='bbox 461 930 697 970; x_wconf 81' lang='lat' dir='ltr'><strong>Nicomacho</strong></span> <span class='ocrx_word' id='word_1_99' title='bbox 720 929 852 966; x_wconf 78' lang='lat' dir='ltr'><strong>Harm.</strong></span> <span class='ocrx_word' id='word_1_100' title='bbox 871 928 888 965; x_wconf 93' lang='lat' dir='ltr'>I</span> <span class='ocrx_word' id='word_1_101' title='bbox 910 941 947 977; x_wconf 91' lang='lat' dir='ltr'>p.</span> <span class='ocrx_word' id='word_1_102' title='bbox 980 940 1040 973; x_wconf 90' lang='lat'>17.</span> <span class='ocrx_word' id='word_1_103' title='bbox 1072 927 1121 964; x_wconf 87' lang='lat' dir='ltr'>cf.</span> <span class='ocrx_word' id='word_1_104' title='bbox 1145 925 1182 963; x_wconf 87' lang='grc' dir='ltr'>ΙΙ</span> <span class='ocrx_word' id='word_1_105' title='bbox 1204 939 1292 977; x_wconf 85' lang='lat' dir='ltr'>pag.</span> <span class='ocrx_word' id='word_1_106' title='bbox 1314 940 1388 973; x_wconf 83' lang='lat'>273</span> 
     </span>
     <span class='ocr_line' id='line_1_14' title="bbox 348 983 1392 1036; baseline -0.009 -7"><span class='ocrx_word' id='word_1_107' title='bbox 348 991 491 1029; x_wconf 76' lang='lat' dir='ltr'><strong>Stobaei</strong></span> <span class='ocrx_word' id='word_1_108' title='bbox 508 989 620 1027; x_wconf 88' lang='lat' dir='ltr'><strong>codd.</strong></span> <span class='ocrx_word' id='word_1_109' title='bbox 644 986 737 1025; x_wconf 80' lang='grc' dir='ltr'>τὸδὲ</span> <span class='ocrx_word' id='word_1_110' title='bbox 768 986 888 1036; x_wconf 86' lang='grc' dir='ltr'>μέσον.</span> <span class='ocrx_word' id='word_1_111' title='bbox 918 985 1051 1022; x_wconf 87' lang='lat' dir='ltr'><strong>Prima</strong></span> <span class='ocrx_word' id='word_1_112' title='bbox 1072 984 1193 1023; x_wconf 85' lang='lat' dir='ltr'><strong>verba</strong></span> <span class='ocrx_word' id='word_1_113' title='bbox 1223 985 1314 1022; x_wconf 78' lang='lat' dir='ltr'><strong>inde</strong></span> <span class='ocrx_word' id='word_1_114' title='bbox 1344 983 1392 1021; x_wconf 83' lang='lat' dir='ltr'>ab</span> 
     </span>
     <span class='ocr_line' id='line_1_15' title="bbox 350 1043 1387 1101; baseline -0.008 -14"><span class='ocrx_word' id='word_1_115' title='bbox 350 1050 485 1101; x_wconf 80' lang='grc' dir='ltr'>ἀνάγκα</span> <span class='ocrx_word' id='word_1_116' title='bbox 528 1060 650 1097; x_wconf 87' lang='lat' dir='ltr'><strong>usque</strong></span> <span class='ocrx_word' id='word_1_117' title='bbox 684 1045 730 1083; x_wconf 88' lang='lat' dir='ltr'>ad</span> <span class='ocrx_word' id='word_1_118' title='bbox 769 1044 954 1096; x_wconf 78' lang='grc' dir='ltr'>φανέονται</span> <span class='ocrx_word' id='word_1_119' title='bbox 984 1043 1128 1094; x_wconf 87' lang='lat' dir='ltr'><strong>saepius</strong></span> <span class='ocrx_word' id='word_1_120' title='bbox 1173 1043 1387 1092; x_wconf 85' lang='lat' dir='ltr'><strong>respiciunt</strong></span> 
     </span>
     <span class='ocr_line' id='line_1_16' title="bbox 348 1102 1390 1152; baseline -0.008 -7"><span class='ocrx_word' id='word_1_121' title='bbox 348 1117 511 1144; x_wconf 80' lang='lat' dir='ltr'><strong>veteres.</strong></span> <span class='ocrx_word' id='word_1_122' title='bbox 539 1105 703 1142; x_wconf 84' lang='lat' dir='ltr'><strong>Proclus</strong></span> <span class='ocrx_word' id='word_1_123' title='bbox 730 1104 849 1141; x_wconf 86' lang='lat' dir='ltr'><strong>theol.</strong></span> <span class='ocrx_word' id='word_1_124' title='bbox 880 1103 979 1141; x_wconf 76' lang='lat' dir='ltr'><strong>Plat.</strong></span> <span class='ocrx_word' id='word_1_125' title='bbox 1011 1102 1078 1146; x_wconf 85' lang='grc' dir='ltr'><strong>ΙΙΙ,</strong></span> <span class='ocrx_word' id='word_1_126' title='bbox 1120 1116 1139 1149; x_wconf 92' lang='lat'><strong>7</strong></span> <span class='ocrx_word' id='word_1_127' title='bbox 1162 1115 1250 1152; x_wconf 84' lang='lat' dir='ltr'><strong>pag.</strong></span> <span class='ocrx_word' id='word_1_128' title='bbox 1287 1102 1357 1138; x_wconf 82' lang='lat'>132</span> <span class='ocrx_word' id='word_1_129' title='bbox 1383 1115 1390 1137; x_wconf 88' lang='grc'>;</span> 
     </span>
     <span class='ocr_line' id='line_1_17' title="bbox 348 1160 1394 1217; baseline -0.004 -14"><span class='ocrx_word' id='word_1_130' title='bbox 348 1165 442 1217; x_wconf 81' lang='grc' dir='ltr'>λέγει</span> <span class='ocrx_word' id='word_1_131' title='bbox 469 1164 582 1202; x_wconf 81' lang='grc' dir='ltr'>τοίνυν</span> <span class='ocrx_word' id='word_1_132' title='bbox 616 1165 632 1199; x_wconf 86' lang='grc' dir='ltr'>ὁ</span> <span class='ocrx_word' id='word_1_133' title='bbox 662 1164 695 1199; x_wconf 86' lang='grc' dir='ltr'>ἐν</span> <span class='ocrx_word' id='word_1_134' title='bbox 723 1162 876 1214; x_wconf 71' lang='grc' dir='ltr'>Φιλήὸῳ</span> <span class='ocrx_word' id='word_1_135' title='bbox 899 1160 1112 1212; x_wconf 79' lang='grc' dir='ltr'>Σωκράτης,</span> <span class='ocrx_word' id='word_1_136' title='bbox 1146 1164 1191 1204; x_wconf 84' lang='grc' dir='ltr'>ὡς</span> <span class='ocrx_word' id='word_1_137' title='bbox 1226 1160 1292 1213; x_wconf 84' lang='grc' dir='ltr'>ἄρα</span> <span class='ocrx_word' id='word_1_138' title='bbox 1323 1161 1394 1205; x_wconf 81' lang='grc' dir='ltr'>θεὸς</span> 
     </span>
     <span class='ocr_line' id='line_1_18' title="bbox 349 1219 1393 1276; baseline -0.005 -13"><span class='ocrx_word' id='word_1_139' title='bbox 349 1223 497 1276; x_wconf 85' lang='grc' dir='ltr'>πέρατός</span> <span class='ocrx_word' id='word_1_140' title='bbox 516 1225 588 1260; x_wconf 84' lang='grc' dir='ltr'>ἐστι</span> <span class='ocrx_word' id='word_1_141' title='bbox 608 1222 666 1260; x_wconf 85' lang='grc' dir='ltr'>καὶ</span> <span class='ocrx_word' id='word_1_142' title='bbox 688 1220 847 1273; x_wconf 87' lang='grc' dir='ltr'>ἀπειρίας</span> <span class='ocrx_word' id='word_1_143' title='bbox 871 1219 1089 1268; x_wconf 80' lang='grc' dir='ltr'>ὑποστάτης,</span> <span class='ocrx_word' id='word_1_144' title='bbox 1108 1222 1169 1258; x_wconf 78' lang='grc' dir='ltr'>καὶ</span> <span class='ocrx_word' id='word_1_145' title='bbox 1187 1219 1244 1258; x_wconf 86' lang='grc' dir='ltr'>διὰ</span> <span class='ocrx_word' id='word_1_146' title='bbox 1264 1220 1393 1258; x_wconf 85' lang='grc' dir='ltr'>τούτων</span> 
     </span>
     <span class='ocr_line' id='line_1_19' title="bbox 351 1278 1395 1332; baseline -0.006 -11"><span class='ocrx_word' id='word_1_147' title='bbox 351 1283 488 1321; x_wconf 86' lang='grc' dir='ltr'>ἅπαντα</span> <span class='ocrx_word' id='word_1_148' title='bbox 508 1282 552 1320; x_wconf 84' lang='grc' dir='ltr'>τὰ</span> <span class='ocrx_word' id='word_1_149' title='bbox 572 1282 654 1319; x_wconf 83' lang='grc' dir='ltr'>ὄντα</span> <span class='ocrx_word' id='word_1_150' title='bbox 676 1279 796 1332; x_wconf 76' lang='grc' dir='ltr'>μιγνὺς</span> <span class='ocrx_word' id='word_1_151' title='bbox 811 1279 1015 1331; x_wconf 82' lang='grc' dir='ltr'>παρήγαγε,</span> <span class='ocrx_word' id='word_1_152' title='bbox 1032 1278 1123 1316; x_wconf 83' lang='grc' dir='ltr'>κατὰ</span> <span class='ocrx_word' id='word_1_153' title='bbox 1139 1279 1197 1317; x_wconf 81' lang='grc' dir='ltr'>τὸν</span> <span class='ocrx_word' id='word_1_154' title='bbox 1217 1279 1395 1318; x_wconf 79' lang='grc' dir='ltr'>Φιλόλαον</span> 
     </span>
     <span class='ocr_line' id='line_1_20' title="bbox 351 1338 1396 1395; baseline -0.006 -14"><span class='ocrx_word' id='word_1_155' title='bbox 351 1345 390 1381; x_wconf 82' lang='grc' dir='ltr'>ἐκ</span> <span class='ocrx_word' id='word_1_156' title='bbox 409 1342 645 1395; x_wconf 80' lang='grc' dir='ltr'>περαινόντων</span> <span class='ocrx_word' id='word_1_157' title='bbox 674 1340 734 1378; x_wconf 87' lang='grc' dir='ltr'>καὶ</span> <span class='ocrx_word' id='word_1_158' title='bbox 768 1341 921 1390; x_wconf 78' lang='grc' dir='ltr'>ἀπείρων</span> <span class='ocrx_word' id='word_1_159' title='bbox 949 1342 1010 1384; x_wconf 82' lang='grc' dir='ltr'>τ’ἧς</span> <span class='ocrx_word' id='word_1_160' title='bbox 1034 1340 1102 1375; x_wconf 82' lang='grc' dir='ltr'>τῶν</span> <span class='ocrx_word' id='word_1_161' title='bbox 1122 1338 1230 1376; x_wconf 83' lang='grc' dir='ltr'>ὄντων</span> <span class='ocrx_word' id='word_1_162' title='bbox 1263 1339 1396 1391; x_wconf 77' lang='grc' dir='ltr'>φύσεως</span> 
     </span>
     <span class='ocr_line' id='line_1_21' title="bbox 352 1397 1395 1452; baseline -0.005 -12"><span class='ocrx_word' id='word_1_163' title='bbox 352 1400 682 1452; x_wconf 80' lang='grc' dir='ltr'>συμπεπλεγμένης.</span> <span class='ocrx_word' id='word_1_164' title='bbox 714 1399 769 1438; x_wconf 86' lang='lat' dir='ltr'>ld.</span> <span class='ocrx_word' id='word_1_165' title='bbox 794 1399 836 1437; x_wconf 86' lang='lat' dir='ltr'><strong>in</strong></span> <span class='ocrx_word' id='word_1_166' title='bbox 862 1399 959 1436; x_wconf 88' lang='lat' dir='ltr'><strong>Plat.</strong></span> <span class='ocrx_word' id='word_1_167' title='bbox 980 1397 1086 1436; x_wconf 86' lang='lat' dir='ltr'><strong>Tim.</strong></span> <span class='ocrx_word' id='word_1_168' title='bbox 1116 1397 1148 1445; x_wconf 95' lang='grc' dir='ltr'>Ι,</span> <span class='ocrx_word' id='word_1_169' title='bbox 1171 1411 1207 1449; x_wconf 87' lang='lat' dir='ltr'>p.</span> <span class='ocrx_word' id='word_1_170' title='bbox 1230 1400 1278 1435; x_wconf 83' lang='lat'>26</span> <span class='ocrx_word' id='word_1_171' title='bbox 1301 1410 1310 1436; x_wconf 91' lang='lat'>:</span> <span class='ocrx_word' id='word_1_172' title='bbox 1336 1398 1395 1444; x_wconf 89' lang='grc' dir='ltr'>δη-</span> 
     </span>
     <span class='ocr_line' id='line_1_22' title="bbox 354 1455 1397 1515; baseline -0.007 -15"><span class='ocrx_word' id='word_1_173' title='bbox 354 1462 535 1515; x_wconf 89' lang='grc' dir='ltr'>μιουργίαν</span> <span class='ocrx_word' id='word_1_174' title='bbox 551 1461 721 1514; x_wconf 67' lang='grc' dir='ltr'>ἄρρηκτον</span> <span class='ocrx_word' id='word_1_175' title='bbox 738 1458 772 1503; x_wconf 77' lang='grc' dir='ltr'>ἐξ</span> <span class='ocrx_word' id='word_1_176' title='bbox 786 1458 946 1496; x_wconf 79' lang='grc' dir='ltr'>ἐναντίων</span> <span class='ocrx_word' id='word_1_177' title='bbox 968 1459 1201 1503; x_wconf 80' lang='grc' dir='ltr'>συνεστῶσαν,</span> <span class='ocrx_word' id='word_1_178' title='bbox 1217 1455 1397 1510; x_wconf 85' lang='grc' dir='ltr'>περαινόν-</span> 
     </span>
     <span class='ocr_line' id='line_1_23' title="bbox 353 1516 1398 1569; baseline -0.007 -9"><span class='ocrx_word' id='word_1_179' title='bbox 353 1538 420 1560; x_wconf 86' lang='grc' dir='ltr'>των</span> <span class='ocrx_word' id='word_1_180' title='bbox 441 1537 477 1558; x_wconf 87' lang='grc' dir='ltr'>τε</span> <span class='ocrx_word' id='word_1_181' title='bbox 499 1521 558 1559; x_wconf 78' lang='grc' dir='ltr'>καὶ</span> <span class='ocrx_word' id='word_1_182' title='bbox 578 1518 728 1569; x_wconf 79' lang='grc' dir='ltr'>ἀπείρων</span> <span class='ocrx_word' id='word_1_183' title='bbox 743 1548 752 1565; x_wconf 93' lang='grc'>,</span> <span class='ocrx_word' id='word_1_184' title='bbox 780 1520 825 1560; x_wconf 82' lang='grc' dir='ltr'>ὡς</span> <span class='ocrx_word' id='word_1_185' title='bbox 847 1518 1024 1560; x_wconf 83' lang='grc' dir='ltr'>Φιλόλαός</span> <span class='ocrx_word' id='word_1_186' title='bbox 1041 1532 1126 1569; x_wconf 81' lang='grc' dir='ltr'>φησι</span> <span class='ocrx_word' id='word_1_187' title='bbox 1143 1516 1203 1554; x_wconf 79' lang='grc' dir='ltr'>καὶ</span> <span class='ocrx_word' id='word_1_188' title='bbox 1231 1518 1277 1560; x_wconf 82' lang='grc' dir='ltr'>ὡς</span> <span class='ocrx_word' id='word_1_189' title='bbox 1299 1517 1398 1559; x_wconf 80' lang='grc' dir='ltr'>αὐτὸς</span> 
     </span>
     <span class='ocr_line' id='line_1_24' title="bbox 357 1575 1396 1631; baseline -0.004 -13"><span class='ocrx_word' id='word_1_190' title='bbox 357 1583 392 1618; x_wconf 84' lang='grc' dir='ltr'>ἐν</span> <span class='ocrx_word' id='word_1_191' title='bbox 413 1579 566 1631; x_wconf 67' lang='grc' dir='ltr'>Φιλήὸῳ</span> <span class='ocrx_word' id='word_1_192' title='bbox 586 1578 710 1630; x_wconf 83' lang='grc' dir='ltr'>λέγων.</span> <span class='ocrx_word' id='word_1_193' title='bbox 735 1577 975 1615; x_wconf 78' lang='lat' dir='ltr'><strong>lamblichus</strong></span> <span class='ocrx_word' id='word_1_194' title='bbox 997 1590 1059 1627; x_wconf 87' lang='lat' dir='ltr'>ap.</span> <span class='ocrx_word' id='word_1_195' title='bbox 1081 1575 1231 1613; x_wconf 88' lang='lat' dir='ltr'><strong>Villois.</strong></span> <span class='ocrx_word' id='word_1_196' title='bbox 1249 1576 1396 1614; x_wconf 88' lang='lat' dir='ltr'><strong>Anecd.</strong></span> 
     </span>
     <span class='ocr_line' id='line_1_25' title="bbox 355 1635 1396 1689; baseline -0.005 -12"><span class='ocrx_word' id='word_1_197' title='bbox 355 1640 426 1678; x_wconf 89' lang='lat' dir='ltr'>Gr.</span> <span class='ocrx_word' id='word_1_198' title='bbox 462 1639 499 1676; x_wconf 89' lang='lat' dir='ltr'>ll</span> <span class='ocrx_word' id='word_1_199' title='bbox 519 1654 560 1689; x_wconf 87' lang='lat' dir='ltr'>p.</span> <span class='ocrx_word' id='word_1_200' title='bbox 603 1639 674 1687; x_wconf 86' lang='lat'>196</span> <span class='ocrx_word' id='word_1_201' title='bbox 711 1646 747 1674; x_wconf 85' lang='lat' dir='ltr'><strong>et</strong></span> <span class='ocrx_word' id='word_1_202' title='bbox 773 1638 815 1674; x_wconf 90' lang='lat' dir='ltr'><strong>in</strong></span> <span class='ocrx_word' id='word_1_203' title='bbox 845 1638 1061 1674; x_wconf 88' lang='lat' dir='ltr'><strong>Comment.</strong></span> <span class='ocrx_word' id='word_1_204' title='bbox 1095 1636 1143 1673; x_wconf 81' lang='lat' dir='ltr'>ad</span> <span class='ocrx_word' id='word_1_205' title='bbox 1173 1635 1396 1673; x_wconf 85' lang='lat' dir='ltr'><strong>Nicomach</strong></span> 
     </span>
    </p>

    <p class='ocr_par' dir='ltr' id='par_1_6' title="bbox 355 1693 1406 2516">
     <span class='ocr_line' id='line_1_26' title="bbox 355 1693 1398 1768; baseline -0.005 -31"><span class='ocrx_word' id='word_1_206' title='bbox 355 1699 530 1737; x_wconf 85' lang='lat' dir='ltr'><strong>A1ithm.</strong></span> <span class='ocrx_word' id='word_1_207' title='bbox 560 1710 650 1768; x_wconf 81' lang='lat' dir='ltr'><strong>pag.</strong></span> <span class='ocrx_word' id='word_1_208' title='bbox 674 1710 727 1744; x_wconf 93' lang='lat'>7.</span> <span class='ocrx_word' id='word_1_209' title='bbox 764 1694 877 1752; x_wconf 82' lang='grc' dir='ltr'>ἀρχὰν</span> <span class='ocrx_word' id='word_1_210' title='bbox 897 1694 980 1748; x_wconf 82' lang='grc' dir='ltr'>γὰρ</span> <span class='ocrx_word' id='word_1_211' title='bbox 990 1693 1065 1733; x_wconf 77' lang='grc' dir='ltr'>οὐδὲ</span> <span class='ocrx_word' id='word_1_212' title='bbox 1094 1693 1133 1732; x_wconf 84' lang='grc' dir='ltr'>τὸ</span> <span class='ocrx_word' id='word_1_213' title='bbox 1160 1695 1398 1745; x_wconf 83' lang='grc' dir='ltr'>γνωσούμενον</span> 
     </span>
     <span class='ocr_line' id='line_1_27' title="bbox 355 1751 1398 1806; baseline -0.006 -10"><span class='ocrx_word' id='word_1_214' title='bbox 355 1760 507 1796; x_wconf 80' lang='grc' dir='ltr'>ἐσσεῖται</span> <span class='ocrx_word' id='word_1_215' title='bbox 529 1756 667 1793; x_wconf 87' lang='grc' dir='ltr'>πάντων</span> <span class='ocrx_word' id='word_1_216' title='bbox 689 1753 840 1806; x_wconf 81' lang='grc' dir='ltr'>ἀπείρων</span> <span class='ocrx_word' id='word_1_217' title='bbox 856 1753 1002 1802; x_wconf 79' lang='grc' dir='ltr'>ἐόντων,</span> <span class='ocrx_word' id='word_1_218' title='bbox 1018 1754 1111 1792; x_wconf 84' lang='grc' dir='ltr'>κατὰ</span> <span class='ocrx_word' id='word_1_219' title='bbox 1125 1751 1182 1790; x_wconf 80' lang='grc' dir='ltr'>τὸν</span> <span class='ocrx_word' id='word_1_220' title='bbox 1204 1752 1398 1802; x_wconf 89' lang='grc' dir='ltr'>Φιλόλαον,</span> 
     </span>
     <span class='ocr_line' id='line_1_28' title="bbox 355 1811 1401 1866; baseline -0.007 -10"><span class='ocrx_word' id='word_1_221' title='bbox 355 1818 424 1856; x_wconf 88' lang='lat' dir='ltr'>ubi</span> <span class='ocrx_word' id='word_1_222' title='bbox 445 1816 484 1855; x_wconf 83' lang='grc' dir='ltr'>τὸ</span> <span class='ocrx_word' id='word_1_223' title='bbox 504 1813 741 1866; x_wconf 83' lang='grc' dir='ltr'>γνωσούυ.ενον</span> <span class='ocrx_word' id='word_1_224' title='bbox 770 1826 860 1851; x_wconf 85' lang='lat' dir='ltr'><strong>cave</strong></span> <span class='ocrx_word' id='word_1_225' title='bbox 875 1826 962 1851; x_wconf 90' lang='lat' dir='ltr'>cum</span> <span class='ocrx_word' id='word_1_226' title='bbox 981 1814 1027 1851; x_wconf 85' lang='lat' dir='ltr'>A.</span> <span class='ocrx_word' id='word_1_227' title='bbox 1043 1811 1227 1850; x_wconf 83' lang='lat' dir='ltr'><strong>Boeckhio</strong></span> <span class='ocrx_word' id='word_1_228' title='bbox 1248 1814 1401 1862; x_wconf 86' lang='lat' dir='ltr'>passive</span> 
     </span>
     <span class='ocr_line' id='line_1_29' title="bbox 357 1869 1400 1926; baseline -0.009 -11"><span class='ocrx_word' id='word_1_229' title='bbox 357 1876 539 1926; x_wconf 86' lang='lat' dir='ltr'><strong>accipias.</strong></span> <span class='ocrx_word' id='word_1_230' title='bbox 577 1873 669 1911; x_wconf 83' lang='lat' dir='ltr'>Nam</span> <span class='ocrx_word' id='word_1_231' title='bbox 692 1872 895 1909; x_wconf 84' lang='lat' dir='ltr'><strong>Philolaus</strong></span> <span class='ocrx_word' id='word_1_232' title='bbox 923 1869 963 1908; x_wconf 84' lang='grc' dir='ltr'>τὸ</span> <span class='ocrx_word' id='word_1_233' title='bbox 995 1869 1233 1921; x_wconf 83' lang='grc' dir='ltr'>γνωσούμενον</span> <span class='ocrx_word' id='word_1_234' title='bbox 1266 1870 1400 1907; x_wconf 88' lang='lat' dir='ltr'><strong>eodem</strong></span> 
     </span>
     <span class='ocr_line' id='line_1_30' title="bbox 357 1929 1403 1983; baseline -0.009 -9"><span class='ocrx_word' id='word_1_235' title='bbox 357 1949 471 1974; x_wconf 86' lang='lat' dir='ltr'><strong>sensu</strong></span> <span class='ocrx_word' id='word_1_236' title='bbox 496 1933 591 1971; x_wconf 86' lang='lat' dir='ltr'><strong>dicit</strong></span> <span class='ocrx_word' id='word_1_237' title='bbox 620 1946 696 1983; x_wconf 88' lang='lat' dir='ltr'>quo</span> <span class='ocrx_word' id='word_1_238' title='bbox 715 1931 826 1968; x_wconf 88' lang='lat' dir='ltr'><strong>Plato</strong></span> <span class='ocrx_word' id='word_1_239' title='bbox 855 1930 999 1980; x_wconf 86' lang='lat' dir='ltr'><strong>Cratyl.</strong></span> <span class='ocrx_word' id='word_1_240' title='bbox 1019 1944 1058 1980; x_wconf 90' lang='lat' dir='ltr'>p.</span> <span class='ocrx_word' id='word_1_241' title='bbox 1094 1934 1169 1975; x_wconf 85' lang='grc'>440</span> <span class='ocrx_word' id='word_1_242' title='bbox 1190 1931 1222 1965; x_wconf 89' lang='lat' dir='ltr'><strong>A</strong></span> <span class='ocrx_word' id='word_1_243' title='bbox 1247 1944 1255 1965; x_wconf 75' lang='grc' dir='ltr'><strong><em>ε</em></strong></span> <span class='ocrx_word' id='word_1_244' title='bbox 1283 1929 1342 1966; x_wconf 83' lang='grc' dir='ltr'>καὶ</span> <span class='ocrx_word' id='word_1_245' title='bbox 1365 1931 1403 1966; x_wconf 81' lang='grc' dir='ltr'>ἐκ</span> 
     </span>
     <span class='ocr_line' id='line_1_31' title="bbox 358 1987 1402 2041; baseline -0.008 -8"><span class='ocrx_word' id='word_1_246' title='bbox 358 1994 482 2034; x_wconf 78' lang='grc' dir='ltr'>τούτου</span> <span class='ocrx_word' id='word_1_247' title='bbox 510 1998 569 2031; x_wconf 77' lang='grc' dir='ltr'>τοῦ</span> <span class='ocrx_word' id='word_1_248' title='bbox 597 1992 700 2041; x_wconf 89' lang='grc' dir='ltr'>λόγου</span> <span class='ocrx_word' id='word_1_249' title='bbox 730 1988 808 2028; x_wconf 81' lang='grc' dir='ltr'>οὔτε</span> <span class='ocrx_word' id='word_1_250' title='bbox 839 1989 879 2027; x_wconf 76' lang='grc' dir='ltr'>τὸ</span> <span class='ocrx_word' id='word_1_251' title='bbox 909 1989 1128 2040; x_wconf 87' lang='grc' dir='ltr'>γνωσόμενον</span> <span class='ocrx_word' id='word_1_252' title='bbox 1149 1987 1227 2025; x_wconf 79' lang='grc' dir='ltr'>οὔτε</span> <span class='ocrx_word' id='word_1_253' title='bbox 1249 1987 1288 2025; x_wconf 80' lang='grc' dir='ltr'>τὸ</span> <span class='ocrx_word' id='word_1_254' title='bbox 1308 2003 1402 2039; x_wconf 81' lang='grc' dir='ltr'>γνω-</span> 
     </span>
     <span class='ocr_line' id='line_1_32' title="bbox 357 2047 1396 2102; baseline -0.008 -10"><span class='ocrx_word' id='word_1_255' title='bbox 357 2053 568 2102; x_wconf 79' lang='grc' dir='ltr'>σθησόμενον</span> <span class='ocrx_word' id='word_1_256' title='bbox 587 2050 628 2088; x_wconf 81' lang='grc' dir='ltr'>ἂν</span> <span class='ocrx_word' id='word_1_257' title='bbox 649 2049 714 2096; x_wconf 85' lang='grc' dir='ltr'>εἴη.</span> <span class='ocrx_word' id='word_1_258' title='bbox 735 2049 992 2087; x_wconf 80' lang='lat' dir='ltr'><strong>Nicomachus</strong></span> <span class='ocrx_word' id='word_1_259' title='bbox 1009 2047 1242 2094; x_wconf 81' lang='lat' dir='ltr'><strong>A1·ithm.11‚</strong></span> <span class='ocrx_word' id='word_1_260' title='bbox 1258 2061 1297 2097; x_wconf 90' lang='lat' dir='ltr'>p.</span> <span class='ocrx_word' id='word_1_261' title='bbox 1320 2048 1370 2097; x_wconf 86' lang='lat'>59</span> <span class='ocrx_word' id='word_1_262' title='bbox 1388 2062 1396 2084; x_wconf 92' lang='lat'><strong>:</strong></span> 
     </span>
     <span class='ocr_line' id='line_1_33' title="bbox 357 2105 1401 2160; baseline -0.008 -8"><span class='ocrx_word' id='word_1_263' title='bbox 357 2113 417 2152; x_wconf 81' lang='grc' dir='ltr'>καὶ</span> <span class='ocrx_word' id='word_1_264' title='bbox 435 2114 547 2154; x_wconf 80' lang='grc' dir='ltr'>καλῶς</span> <span class='ocrx_word' id='word_1_265' title='bbox 567 2112 597 2147; x_wconf 81' lang='grc' dir='ltr'>οἱ</span> <span class='ocrx_word' id='word_1_266' title='bbox 612 2109 755 2146; x_wconf 85' lang='grc' dir='ltr'>παλαιοὶ</span> <span class='ocrx_word' id='word_1_267' title='bbox 774 2109 991 2160; x_wconf 78' lang='grc' dir='ltr'>φυσιολογεῖν</span> <span class='ocrx_word' id='word_1_268' title='bbox 1014 2106 1200 2158; x_wconf 81' lang='grc' dir='ltr'>ἀρχόμενοι</span> <span class='ocrx_word' id='word_1_269' title='bbox 1222 2105 1285 2152; x_wconf 84' lang='grc' dir='ltr'>τὴν</span> <span class='ocrx_word' id='word_1_270' title='bbox 1306 2105 1401 2157; x_wconf 84' lang='grc' dir='ltr'>πρώ-</span> 
     </span>
     <span class='ocr_line' id='line_1_34' title="bbox 359 2164 1403 2220; baseline -0.007 -12"><span class='ocrx_word' id='word_1_271' title='bbox 359 2186 420 2217; x_wconf 84' lang='grc' dir='ltr'>την</span> <span class='ocrx_word' id='word_1_272' title='bbox 441 2167 604 2220; x_wconf 83' lang='grc' dir='ltr'>διαίρεσιν</span> <span class='ocrx_word' id='word_1_273' title='bbox 625 2170 687 2213; x_wconf 66' lang='grc' dir='ltr'>τῆς</span> <span class='ocrx_word' id='word_1_274' title='bbox 705 2164 935 2216; x_wconf 83' lang='grc' dir='ltr'>κοσμοποιίας</span> <span class='ocrx_word' id='word_1_275' title='bbox 954 2165 1065 2216; x_wconf 83' lang='grc' dir='ltr'>ταύτῃ</span> <span class='ocrx_word' id='word_1_276' title='bbox 1083 2168 1276 2202; x_wconf 75' lang='grc' dir='ltr'>ποιοῦνται.</span> <span class='ocrx_word' id='word_1_277' title='bbox 1304 2165 1403 2203; x_wconf 86' lang='grc' dir='ltr'>ΙΙλά-</span> 
     </span>
     <span class='ocr_line' id='line_1_35' title="bbox 358 2223 1403 2299; baseline -0.007 -32"><span class='ocrx_word' id='word_1_278' title='bbox 358 2246 426 2267; x_wconf 90' lang='grc' dir='ltr'>των</span> <span class='ocrx_word' id='word_1_279' title='bbox 451 2229 491 2279; x_wconf 78' lang='grc' dir='ltr'>μὲ</span> <span class='ocrx_word' id='word_1_280' title='bbox 482 2244 511 2265; x_wconf 94' lang='grc' dir='ltr'>ν</span> <span class='ocrx_word' id='word_1_281' title='bbox 533 2244 592 2273; x_wconf 84' lang='grc' dir='ltr'>της</span> <span class='ocrx_word' id='word_1_282' title='bbox 612 2227 737 2264; x_wconf 83' lang='grc' dir='ltr'>ταύτου</span> <span class='ocrx_word' id='word_1_283' title='bbox 754 2225 885 2277; x_wconf 79' lang='grc' dir='ltr'>φύσεως</span> <span class='ocrx_word' id='word_1_284' title='bbox 907 2240 967 2263; x_wconf 84' lang='grc' dir='ltr'>και</span> <span class='ocrx_word' id='word_1_285' title='bbox 984 2228 1045 2271; x_wconf 71' lang='grc' dir='ltr'>τῆς</span> <span class='ocrx_word' id='word_1_286' title='bbox 1063 2223 1207 2299; x_wconf 78' lang='grc' dir='ltr'>θατέρου</span> <span class='ocrx_word' id='word_1_287' title='bbox 1223 2223 1403 2274; x_wconf 80' lang='grc' dir='ltr'>ὀνομάζων</span> 
     </span>
     <span class='ocr_line' id='line_1_36' title="bbox 360 2282 1404 2346; baseline -0.007 -19"><span class='ocrx_word' id='word_1_288' title='bbox 360 2305 419 2327; x_wconf 84' lang='grc' dir='ltr'>και</span> <span class='ocrx_word' id='word_1_289' title='bbox 437 2289 541 2325; x_wconf 87' lang='grc' dir='ltr'>πάλιν</span> <span class='ocrx_word' id='word_1_290' title='bbox 559 2289 619 2332; x_wconf 70' lang='grc' dir='ltr'>τῆς</span> <span class='ocrx_word' id='word_1_291' title='bbox 640 2284 827 2346; x_wconf 85' lang='grc' dir='ltr'>ἀμερίστου</span> <span class='ocrx_word' id='word_1_292' title='bbox 854 2300 916 2321; x_wconf 87' lang='grc' dir='ltr'>και</span> <span class='ocrx_word' id='word_1_293' title='bbox 937 2284 990 2321; x_wconf 89' lang='grc' dir='ltr'>ἀει</span> <span class='ocrx_word' id='word_1_294' title='bbox 1009 2283 1100 2321; x_wconf 81' lang='grc' dir='ltr'>κατὰ</span> <span class='ocrx_word' id='word_1_295' title='bbox 1125 2283 1168 2321; x_wconf 82' lang='grc' dir='ltr'>τὰ</span> <span class='ocrx_word' id='word_1_296' title='bbox 1186 2282 1276 2320; x_wconf 81' lang='grc' dir='ltr'>αὐτὰ</span> <span class='ocrx_word' id='word_1_297' title='bbox 1295 2282 1404 2334; x_wconf 81' lang='grc' dir='ltr'>ἐχού-</span> 
     </span>
     <span class='ocr_line' id='line_1_37' title="bbox 362 2341 1406 2395; baseline -0.005 -10"><span class='ocrx_word' id='word_1_298' title='bbox 362 2364 423 2395; x_wconf 87' lang='grc' dir='ltr'>σης</span> <span class='ocrx_word' id='word_1_299' title='bbox 442 2345 559 2388; x_wconf 82' lang='grc' dir='ltr'>οὐσίας</span> <span class='ocrx_word' id='word_1_300' title='bbox 579 2361 640 2390; x_wconf 87' lang='grc' dir='ltr'>της</span> <span class='ocrx_word' id='word_1_301' title='bbox 667 2360 705 2381; x_wconf 90' lang='grc' dir='ltr'>τε</span> <span class='ocrx_word' id='word_1_302' title='bbox 738 2347 779 2381; x_wconf 81' lang='grc' dir='ltr'>αὖ</span> <span class='ocrx_word' id='word_1_303' title='bbox 807 2347 971 2394; x_wconf 82' lang='grc' dir='ltr'>μεριστῆς</span> <span class='ocrx_word' id='word_1_304' title='bbox 1002 2341 1199 2393; x_wconf 86' lang='grc' dir='ltr'>γινομένης.</span> <span class='ocrx_word' id='word_1_305' title='bbox 1227 2342 1406 2387; x_wconf 83' lang='grc' dir='ltr'>Φιλόλαος</span> 
     </span>
     <span class='ocr_line' id='line_1_38' title="bbox 362 2400 1405 2482; baseline -0.006 -38"><span class='ocrx_word' id='word_1_306' title='bbox 362 2405 422 2455; x_wconf 76' lang='grc' dir='ltr'>δὲ,</span> <span class='ocrx_word' id='word_1_307' title='bbox 443 2424 459 2439; x_wconf 83' lang='lat'>«</span> <span class='ocrx_word' id='word_1_308' title='bbox 479 2405 680 2455; x_wconf 75' lang='grc' dir='ltr'>Ἀιαγκαῖον</span> <span class='ocrx_word' id='word_1_309' title='bbox 700 2401 745 2440; x_wconf 87' lang='grc' dir='ltr'>τα</span> <span class='ocrx_word' id='word_1_310' title='bbox 775 2402 879 2440; x_wconf 82' lang='grc' dir='ltr'>ἐόντα</span> <span class='ocrx_word' id='word_1_311' title='bbox 900 2405 997 2453; x_wconf 84' lang='grc' dir='ltr'>εἰμεν</span> <span class='ocrx_word' id='word_1_312' title='bbox 1029 2401 1107 2448; x_wconf 83' lang='grc' dir='ltr'>ἤτοι</span> <span class='ocrx_word' id='word_1_313' title='bbox 1128 2401 1255 2482; x_wconf 83' lang='grc' dir='ltr'>ἄπειρα</span> <span class='ocrx_word' id='word_1_314' title='bbox 1286 2400 1309 2448; x_wconf 79' lang='grc' dir='ltr'>ἢ</span> <span class='ocrx_word' id='word_1_315' title='bbox 1339 2417 1405 2439; x_wconf 86' lang='grc' dir='ltr'>πε-</span> 
     </span>
     <span class='ocr_line' id='line_1_39' title="bbox 364 2441 1401 2522; baseline -0.006 -20"><span class='ocrx_word' id='word_1_316' title='bbox 364 2465 522 2516; x_wconf 78' lang='grc' dir='ltr'>ραίνοντα</span> <span class='ocrx_word' id='word_1_317' title='bbox 542 2462 564 2509; x_wconf 81' lang='grc' dir='ltr'>ἢ</span> <span class='ocrx_word' id='word_1_318' title='bbox 584 2461 803 2522; x_wconf 84' lang='grc' dir='ltr'>περαίνοντα</span> <span class='ocrx_word' id='word_1_319' title='bbox 813 2459 889 2511; x_wconf 82' lang='grc' dir='ltr'>ἅμα</span> <span class='ocrx_word' id='word_1_320' title='bbox 920 2441 1024 2498; x_wconf 51' lang='lat' dir='ltr'>iat*</span> <span class='ocrx_word' id='word_1_321' title='bbox 1003 2476 1130 2513; x_wconf 87' lang='grc' dir='ltr'>απειρα</span> <span class='ocrx_word' id='word_1_322' title='bbox 1150 2479 1165 2493; x_wconf 74' lang='grc' dir='ltr'>ι</span> <span class='ocrx_word' id='word_1_323' title='bbox 1173 2459 1289 2511; x_wconf 78' lang='grc' dir='ltr'>’ὅπερ</span> <span class='ocrx_word' id='word_1_324' title='bbox 1312 2460 1401 2509; x_wconf 86' lang='grc' dir='ltr'>μᾶλ-</span> 
     </span>
    </p>

    <p class='ocr_par' dir='ltr' id='par_1_7' title="bbox 362 2519 1407 2749">
     <span class='ocr_line' id='line_1_40' title="bbox 362 2519 1407 2574; baseline -0.006 -12.988"><span class='ocrx_word' id='word_1_325' title='bbox 362 2526 420 2563; x_wconf 89' lang='grc' dir='ltr'>λον</span> <span class='ocrx_word' id='word_1_326' title='bbox 458 2521 747 2574; x_wconf 81' lang='grc' dir='ltr'>συγκατατίθεται</span> <span class='ocrx_word' id='word_1_327' title='bbox 772 2523 879 2569; x_wconf 86' lang='grc' dir='ltr'>εἰναι,</span> <span class='ocrx_word' id='word_1_328' title='bbox 907 2521 945 2557; x_wconf 79' lang='grc' dir='ltr'>ἐκ</span> <span class='ocrx_word' id='word_1_329' title='bbox 976 2520 1210 2573; x_wconf 85' lang='grc' dir='ltr'>περαινόντων</span> <span class='ocrx_word' id='word_1_330' title='bbox 1243 2519 1318 2568; x_wconf 87' lang='grc' dir='ltr'>ἅμα</span> <span class='ocrx_word' id='word_1_331' title='bbox 1349 2534 1407 2555; x_wconf 91' lang='grc' dir='ltr'>και</span> 
     </span>
     <span class='ocr_line' id='line_1_41' title="bbox 367 2577 1405 2632; baseline -0.005 -13"><span class='ocrx_word' id='word_1_332' title='bbox 367 2580 517 2632; x_wconf 83' lang='grc' dir='ltr'>ἀπείρων</span> <span class='ocrx_word' id='word_1_333' title='bbox 539 2579 743 2617; x_wconf 84' lang='grc' dir='ltr'>συνεστάναι</span> <span class='ocrx_word' id='word_1_334' title='bbox 760 2578 815 2616; x_wconf 79' lang='grc' dir='ltr'>τὸν</span> <span class='ocrx_word' id='word_1_335' title='bbox 841 2577 991 2629; x_wconf 87' lang='grc' dir='ltr'>κόσμον,</span> <span class='ocrx_word' id='word_1_336' title='bbox 1012 2580 1090 2616; x_wconf 85' lang='grc' dir='ltr'>κατ’</span> <span class='ocrx_word' id='word_1_337' title='bbox 1113 2580 1227 2617; x_wconf 79' lang='grc' dir='ltr'>εἰκόνα</span> <span class='ocrx_word' id='word_1_338' title='bbox 1248 2577 1405 2624; x_wconf 85' lang='grc' dir='ltr'>δηλονότι</span> 
     </span>
     <span class='ocr_line' id='line_1_42' title="bbox 365 2635 1407 2708; baseline -0.003 -32"><span class='ocrx_word' id='word_1_339' title='bbox 365 2655 425 2677; x_wconf 89' lang='grc' dir='ltr'>του</span> <span class='ocrx_word' id='word_1_340' title='bbox 448 2641 614 2690; x_wconf 70' lang='grc' dir='ltr'>ἀριθμοῦ·</span> <span class='ocrx_word' id='word_1_341' title='bbox 635 2638 694 2675; x_wconf 85' lang='grc' dir='ltr'>καὶ</span> <span class='ocrx_word' id='word_1_342' title='bbox 723 2653 790 2708; x_wconf 87' lang='grc' dir='ltr'>γαρ</span> <span class='ocrx_word' id='word_1_343' title='bbox 810 2652 906 2680; x_wconf 87' lang='grc' dir='ltr'>ουτος</span> <span class='ocrx_word' id='word_1_344' title='bbox 927 2637 1069 2688; x_wconf 84' lang='grc' dir='ltr'>σύμπας</span> <span class='ocrx_word' id='word_1_345' title='bbox 1100 2654 1138 2675; x_wconf 91' lang='grc' dir='ltr'>εκ</span> <span class='ocrx_word' id='word_1_346' title='bbox 1168 2637 1314 2688; x_wconf 84' lang='grc' dir='ltr'>μονάδος</span> <span class='ocrx_word' id='word_1_347' title='bbox 1346 2635 1407 2674; x_wconf 84' lang='grc' dir='ltr'>καὶ</span> 
     </span>
     <span class='ocr_line' id='line_1_43' title="bbox 368 2694 1407 2749; baseline -0.002 -13"><span class='ocrx_word' id='word_1_348' title='bbox 368 2698 487 2741; x_wconf 82' lang='grc' dir='ltr'>δυάδος</span> <span class='ocrx_word' id='word_1_349' title='bbox 508 2697 683 2748; x_wconf 81' lang='grc' dir='ltr'>σύγκειται</span> <span class='ocrx_word' id='word_1_350' title='bbox 703 2696 820 2748; x_wconf 83' lang='grc' dir='ltr'>ἀρτίου</span> <span class='ocrx_word' id='word_1_351' title='bbox 841 2710 877 2732; x_wconf 85' lang='grc' dir='ltr'>τε</span> <span class='ocrx_word' id='word_1_352' title='bbox 898 2711 957 2734; x_wconf 83' lang='grc' dir='ltr'>και</span> <span class='ocrx_word' id='word_1_353' title='bbox 981 2701 1162 2749; x_wconf 79' lang='grc' dir='ltr'>περιττοῦ,</span> <span class='ocrx_word' id='word_1_354' title='bbox 1185 2697 1207 2734; x_wconf 80' lang='grc' dir='ltr'>ἃ</span> <span class='ocrx_word' id='word_1_355' title='bbox 1224 2696 1299 2743; x_wconf 76' lang='grc' dir='ltr'>δὴ</span> <span class='ocrx_word' id='word_1_356' title='bbox 1292 2694 1407 2743; x_wconf 81' lang='grc' dir='ltr'>ισότη-</span> 
     </span>
    </p>
   </div>
   <div class='ocr_carea' id='block_1_4' title="bbox 369 2844 1411 2887">
    <p class='ocr_par' dir='ltr' id='par_1_8' title="bbox 369 2844 1411 2887">
     <span class='ocr_line' id='line_1_44' title="bbox 369 2844 1411 2887; baseline 0.001 -10"><span class='ocrx_word' id='word_1_357' title='bbox 369 2846 508 2887; x_wconf 88' lang='lat' dir='ltr'><strong>quiuque</strong></span> <span class='ocrx_word' id='word_1_358' title='bbox 526 2845 744 2885; x_wconf 80' lang='lat' dir='ltr'><strong>sesquioctava</strong></span> <span class='ocrx_word' id='word_1_359' title='bbox 771 2846 802 2876; x_wconf 82' lang='lat' dir='ltr'><strong>et</strong></span> <span class='ocrx_word' id='word_1_360' title='bbox 828 2844 906 2876; x_wconf 87' lang='lat' dir='ltr'><strong>duas</strong></span> <span class='ocrx_word' id='word_1_361' title='bbox 928 2845 1040 2886; x_wconf 84' lang='lat' dir='ltr'><strong>dieses,</strong></span> <span class='ocrx_word' id='word_1_362' title='bbox 1058 2846 1240 2886; x_wconf 84' lang='lat' dir='ltr'><strong>quinarium</strong></span> <span class='ocrx_word' id='word_1_363' title='bbox 1257 2846 1411 2878; x_wconf 86' lang='lat' dir='ltr'><strong>interval-</strong></span> 
     </span>
    </p>
   </div>
   <div class='ocr_carea' id='block_1_5' title="bbox 369 2905 1409 3002">
    <p class='ocr_par' dir='ltr' id='par_1_9' title="bbox 369 2905 1409 3002">
     <span class='ocr_line' id='line_1_45' title="bbox 370 2905 1409 2949; baseline 0.002 -12"><span class='ocrx_word' id='word_1_364' title='bbox 370 2906 436 2937; x_wconf 87' lang='lat' dir='ltr'>lum</span> <span class='ocrx_word' id='word_1_365' title='bbox 451 2906 510 2938; x_wconf 74' lang='lat' dir='ltr'>nia</span> <span class='ocrx_word' id='word_1_366' title='bbox 520 2905 740 2946; x_wconf 78' lang='lat' dir='ltr'><strong>sesquioctava</strong></span> <span class='ocrx_word' id='word_1_367' title='bbox 759 2914 796 2936; x_wconf 84' lang='lat' dir='ltr'><strong>ao</strong></span> <span class='ocrx_word' id='word_1_368' title='bbox 809 2905 923 2946; x_wconf 86' lang='lat' dir='ltr'><strong>diesin,</strong></span> <span class='ocrx_word' id='word_1_369' title='bbox 940 2906 1183 2947; x_wconf 81' lang='lat' dir='ltr'><strong>quaternarium</strong></span> <span class='ocrx_word' id='word_1_370' title='bbox 1204 2907 1409 2949; x_wconf 82' lang='lat' dir='ltr'><strong>intervallum</strong></span> 
     </span>
     <span class='ocr_line' id='line_1_46' title="bbox 369 2962 934 3002; baseline -0.002 -7"><span class='ocrx_word' id='word_1_371' title='bbox 369 2972 446 2995; x_wconf 78' lang='lat' dir='ltr'><strong>vero</strong></span> <span class='ocrx_word' id='word_1_372' title='bbox 462 2963 527 2994; x_wconf 89' lang='lat' dir='ltr'>duo</span> <span class='ocrx_word' id='word_1_373' title='bbox 539 2963 759 3002; x_wconf 81' lang='lat' dir='ltr'><strong>sesquioctava</strong></span> <span class='ocrx_word' id='word_1_374' title='bbox 773 2971 810 2993; x_wconf 83' lang='lat' dir='ltr'>ac</span> <span class='ocrx_word' id='word_1_375' title='bbox 823 2962 934 2994; x_wconf 86' lang='lat' dir='ltr'><strong>diesin.</strong></span> 
     </span>
    </p>
   </div>
   <div class='ocr_carea' id='block_1_6' title="bbox 372 3021 1417 3474">
    <p class='ocr_par' dir='ltr' id='par_1_10' title="bbox 372 3021 1412 3119">
     <span class='ocr_line' id='line_1_47' title="bbox 412 3021 1412 3063; baseline 0.002 -9"><span class='ocrx_word' id='word_1_376' title='bbox 412 3025 443 3054; x_wconf 78' lang='lat'>4.</span> <span class='ocrx_word' id='word_1_377' title='bbox 464 3022 500 3054; x_wconf 91' lang='lat' dir='ltr'>Id</span> <span class='ocrx_word' id='word_1_378' title='bbox 521 3021 606 3062; x_wconf 83' lang='lat' dir='ltr'><strong>quod</strong></span> <span class='ocrx_word' id='word_1_379' title='bbox 638 3021 739 3062; x_wconf 88' lang='lat' dir='ltr'><strong>primo</strong></span> <span class='ocrx_word' id='word_1_380' title='bbox 766 3021 980 3062; x_wconf 83' lang='lat' dir='ltr'><strong>compositum</strong></span> <span class='ocrx_word' id='word_1_381' title='bbox 1002 3023 1069 3062; x_wconf 86' lang='lat' dir='ltr'><strong>est,</strong></span> <span class='ocrx_word' id='word_1_382' title='bbox 1101 3032 1224 3063; x_wconf 90' lang='lat' dir='ltr'><strong>unum,</strong></span> <span class='ocrx_word' id='word_1_383' title='bbox 1255 3024 1286 3055; x_wconf 89' lang='lat' dir='ltr'><strong>in</strong></span> <span class='ocrx_word' id='word_1_384' title='bbox 1309 3024 1412 3056; x_wconf 83' lang='lat' dir='ltr'><strong>medio</strong></span> 
     </span>
     <span class='ocr_line' id='line_1_48' title="bbox 372 3080 1054 3119; baseline -0.001 -6"><span class='ocrx_word' id='word_1_385' title='bbox 372 3090 478 3114; x_wconf 84' lang='lat' dir='ltr'><strong>rerum</strong></span> <span class='ocrx_word' id='word_1_386' title='bbox 497 3082 622 3111; x_wconf 78' lang='lat' dir='ltr'><strong>naturae</strong></span> <span class='ocrx_word' id='word_1_387' title='bbox 646 3087 777 3119; x_wconf 85' lang='lat' dir='ltr'><strong>corpore</strong></span> <span class='ocrx_word' id='word_1_388' title='bbox 795 3080 885 3111; x_wconf 77' lang='lat' dir='ltr'><strong>focus</strong></span> <span class='ocrx_word' id='word_1_389' title='bbox 906 3082 1054 3112; x_wconf 82' lang='lat' dir='ltr'><strong>vocatur.</strong></span> 
     </span>
    </p>

    <p class='ocr_par' dir='ltr' id='par_1_11' title="bbox 373 3139 1417 3474">
     <span class='ocr_line' id='line_1_49' title="bbox 415 3139 1413 3179; baseline 0.002 -7"><span class='ocrx_word' id='word_1_390' title='bbox 415 3144 444 3172; x_wconf 89' lang='lat'>5.</span> <span class='ocrx_word' id='word_1_391' title='bbox 468 3139 609 3171; x_wconf 81' lang='lat' dir='ltr'><strong>Mundus</strong></span> <span class='ocrx_word' id='word_1_392' title='bbox 630 3147 711 3170; x_wconf 87' lang='lat' dir='ltr'><strong>unus</strong></span> <span class='ocrx_word' id='word_1_393' title='bbox 725 3140 791 3177; x_wconf 84' lang='lat' dir='ltr'><strong>est;</strong></span> <span class='ocrx_word' id='word_1_394' title='bbox 824 3139 850 3170; x_wconf 88' lang='lat' dir='ltr'><strong>is</strong></span> <span class='ocrx_word' id='word_1_395' title='bbox 873 3141 978 3171; x_wconf 81' lang='lat' dir='ltr'><strong>autem</strong></span> <span class='ocrx_word' id='word_1_396' title='bbox 1000 3149 1103 3179; x_wconf 85' lang='lat' dir='ltr'><strong>usque</strong></span> <span class='ocrx_word' id='word_1_397' title='bbox 1122 3141 1160 3172; x_wconf 81' lang='lat' dir='ltr'>ad</span> <span class='ocrx_word' id='word_1_398' title='bbox 1190 3142 1331 3174; x_wconf 84' lang='lat' dir='ltr'><strong>medium</strong></span> <span class='ocrx_word' id='word_1_399' title='bbox 1350 3152 1413 3174; x_wconf 60' lang='grc' dir='ltr'>ωε·</span> 
     </span>
     <span class='ocr_line' id='line_1_50' title="bbox 373 3184 1413 3239; baseline 0.002 -8"><span class='ocrx_word' id='word_1_400' title='bbox 373 3200 418 3239; x_wconf 84' lang='lat' dir='ltr'><strong>pit</strong></span> <span class='ocrx_word' id='word_1_401' title='bbox 433 3199 584 3230; x_wconf 79' lang='lat' dir='ltr'><strong>exsistere</strong></span> <span class='ocrx_word' id='word_1_402' title='bbox 600 3201 631 3229; x_wconf 83' lang='lat' dir='ltr'><strong>et</strong></span> <span class='ocrx_word' id='word_1_403' title='bbox 649 3207 666 3228; x_wconf 86' lang='lat' dir='ltr'><strong>a</strong></span> <span class='ocrx_word' id='word_1_404' title='bbox 682 3197 786 3230; x_wconf 89' lang='lat' dir='ltr'><strong>medio</strong></span> <span class='ocrx_word' id='word_1_405' title='bbox 807 3199 968 3238; x_wconf 80' lang='lat' dir='ltr'><strong>superiora</strong></span> <span class='ocrx_word' id='word_1_406' title='bbox 984 3202 1093 3230; x_wconf 78' lang='lat' dir='ltr'><strong>exorta</strong></span> <span class='ocrx_word' id='word_1_407' title='bbox 1110 3202 1196 3231; x_wconf 85' lang='lat' dir='ltr'><strong>sunt.</strong></span> <span class='ocrx_word' id='word_1_408' title='bbox 1250 3184 1413 3238; x_wconf 78' lang='lat' dir='ltr'><strong>Quamob-</strong></span> 
     </span>
     <span class='ocr_line' id='line_1_51' title="bbox 374 3256 1417 3297; baseline 0.002 -8"><span class='ocrx_word' id='word_1_409' title='bbox 374 3267 440 3289; x_wconf 84' lang='lat' dir='ltr'>rem</span> <span class='ocrx_word' id='word_1_410' title='bbox 473 3258 585 3289; x_wconf 88' lang='lat' dir='ltr'><strong>eodem</strong></span> <span class='ocrx_word' id='word_1_411' title='bbox 609 3256 705 3288; x_wconf 89' lang='lat' dir='ltr'><strong>modo</strong></span> <span class='ocrx_word' id='word_1_412' title='bbox 729 3265 802 3296; x_wconf 81' lang='lat' dir='ltr'><strong>quae</strong></span> <span class='ocrx_word' id='word_1_413' title='bbox 828 3265 923 3297; x_wconf 82' lang='lat' dir='ltr'><strong>supra</strong></span> <span class='ocrx_word' id='word_1_414' title='bbox 951 3258 1093 3289; x_wconf 86' lang='lat' dir='ltr'><strong>medium</strong></span> <span class='ocrx_word' id='word_1_415' title='bbox 1114 3260 1189 3290; x_wconf 86' lang='lat' dir='ltr'><strong>sunt</strong></span> <span class='ocrx_word' id='word_1_416' title='bbox 1213 3259 1417 3292; x_wconf 78' lang='lat' dir='ltr'><strong>inferioribus</strong></span> 
     </span>
     <span class='ocr_line' id='line_1_52' title="bbox 374 3315 1416 3358; baseline 0.003 -11"><span class='ocrx_word' id='word_1_417' title='bbox 374 3319 448 3348; x_wconf 82' lang='lat' dir='ltr'><strong>sunt</strong></span> <span class='ocrx_word' id='word_1_418' title='bbox 477 3316 632 3357; x_wconf 84' lang='lat' dir='ltr'><strong>opposita.</strong></span> <span class='ocrx_word' id='word_1_419' title='bbox 660 3316 740 3347; x_wconf 85' lang='lat' dir='ltr'>Nam</span> <span class='ocrx_word' id='word_1_420' title='bbox 762 3315 968 3347; x_wconf 80' lang='lat' dir='ltr'><strong>inferioribus</strong></span> <span class='ocrx_word' id='word_1_421' title='bbox 999 3315 1108 3347; x_wconf 84' lang='lat' dir='ltr'><strong>intima</strong></span> <span class='ocrx_word' id='word_1_422' title='bbox 1134 3321 1208 3349; x_wconf 86' lang='lat' dir='ltr'><strong>sunt</strong></span> <span class='ocrx_word' id='word_1_423' title='bbox 1239 3318 1362 3358; x_wconf 85' lang='lat' dir='ltr'><strong>media,</strong></span> <span class='ocrx_word' id='word_1_424' title='bbox 1381 3322 1416 3351; x_wconf 90' lang='lat' dir='ltr'><strong>ut</strong></span> 
     </span>
     <span class='ocr_line' id='line_1_53' title="bbox 375 3375 1417 3417; baseline 0.003 -11"><span class='ocrx_word' id='word_1_425' title='bbox 375 3384 539 3415; x_wconf 74' lang='lat' dir='ltr'><strong>suprema,</strong></span> <span class='ocrx_word' id='word_1_426' title='bbox 558 3384 594 3406; x_wconf 87' lang='lat' dir='ltr'>ac</span> <span class='ocrx_word' id='word_1_427' title='bbox 612 3375 732 3415; x_wconf 86' lang='lat' dir='ltr'><strong>reliqua</strong></span> <span class='ocrx_word' id='word_1_428' title='bbox 757 3375 924 3414; x_wconf 85' lang='lat' dir='ltr'><strong>similiter3</strong></span> <span class='ocrx_word' id='word_1_429' title='bbox 946 3375 1104 3415; x_wconf 77' lang='lat' dir='ltr'><strong>siquidem</strong></span> <span class='ocrx_word' id='word_1_430' title='bbox 1131 3376 1242 3408; x_wconf 88' lang='lat' dir='ltr'><strong>eodem</strong></span> <span class='ocrx_word' id='word_1_431' title='bbox 1270 3379 1363 3417; x_wconf 87' lang='lat' dir='ltr'><strong>pacto</strong></span> <span class='ocrx_word' id='word_1_432' title='bbox 1384 3387 1417 3410; x_wconf 88' lang='lat' dir='ltr'><strong>se</strong></span> 
     </span>
     <span class='ocr_line' id='line_1_54' title="bbox 376 3433 1414 3474; baseline 0.003 -10"><span class='ocrx_word' id='word_1_433' title='bbox 376 3434 415 3465; x_wconf 84' lang='lat' dir='ltr'>ad</span> <span class='ocrx_word' id='word_1_434' title='bbox 443 3433 583 3466; x_wconf 83' lang='lat' dir='ltr'><strong>medium</strong></span> <span class='ocrx_word' id='word_1_435' title='bbox 614 3434 731 3466; x_wconf 79' lang='lat' dir='ltr'><strong>habent</strong></span> <span class='ocrx_word' id='word_1_436' title='bbox 751 3437 886 3474; x_wconf 82' lang='lat' dir='ltr'><strong>utraque</strong></span> <span class='ocrx_word' id='word_1_437' title='bbox 908 3434 1048 3473; x_wconf 79' lang='lat' dir='ltr'><strong>exceptis</strong></span> <span class='ocrx_word' id='word_1_438' title='bbox 1078 3434 1222 3470; x_wconf 83' lang='lat' dir='ltr'><strong>partibus</strong></span> <span class='ocrx_word' id='word_1_439' title='bbox 1252 3434 1283 3466; x_wconf 89' lang='lat' dir='ltr'><strong>in</strong></span> <span class='ocrx_word' id='word_1_440' title='bbox 1317 3436 1414 3467; x_wconf 87' lang='lat' dir='ltr'><strong>alium</strong></span> 
     </span>
    </p>
   </div>
   <div class='ocr_carea' id='block_1_7' title="bbox 363 3492 667 3525">
    <p class='ocr_par' dir='ltr' id='par_1_12' title="bbox 363 3492 667 3525">
     <span class='ocr_line' id='line_1_55' title="bbox 363 3492 667 3525; baseline 0.003 -1"><span class='ocrx_word' id='word_1_441' title='bbox 363 3492 482 3524; x_wconf 53' lang='lat' dir='ltr'><strong>flocum</strong></span> <span class='ocrx_word' id='word_1_442' title='bbox 497 3493 667 3525; x_wconf 78' lang='lat' dir='ltr'><strong>translatis.</strong></span> 
     </span>
    </p>
   </div>
   <div class='ocr_carea' id='block_1_8' title="bbox 1447 329 2488 386">
    <p class='ocr_par' dir='ltr' id='par_1_13' title="bbox 1447 329 2488 386">
     <span class='ocr_line' id='line_1_56' title="bbox 1447 329 2488 386; baseline -0.003 -14"><span class='ocrx_word' id='word_1_443' title='bbox 1447 332 1503 377; x_wconf 84' lang='grc' dir='ltr'>τός</span> <span class='ocrx_word' id='word_1_444' title='bbox 1518 349 1556 372; x_wconf 90' lang='grc' dir='ltr'>τε</span> <span class='ocrx_word' id='word_1_445' title='bbox 1582 332 1643 372; x_wconf 77' lang='grc' dir='ltr'>καὶ</span> <span class='ocrx_word' id='word_1_446' title='bbox 1670 333 1871 381; x_wconf 83' lang='grc' dir='ltr'>ἀνισότητος</span> <span class='ocrx_word' id='word_1_447' title='bbox 1897 332 2094 386; x_wconf 79' lang='grc' dir='ltr'>ἐμφαντικά</span> <span class='ocrx_word' id='word_1_448' title='bbox 2108 361 2119 380; x_wconf 91' lang='grc'>,</span> <span class='ocrx_word' id='word_1_449' title='bbox 2142 330 2350 380; x_wconf 81' lang='grc' dir='ltr'>ταυτότητός</span> <span class='ocrx_word' id='word_1_450' title='bbox 2366 345 2404 369; x_wconf 82' lang='grc' dir='ltr'>τε</span> <span class='ocrx_word' id='word_1_451' title='bbox 2427 329 2488 370; x_wconf 74' lang='grc' dir='ltr'>καὶ</span> 
     </span>
    </p>
   </div>
   <div class='ocr_carea' id='block_1_9' title="bbox 1447 390 2563 2037">
    <p class='ocr_par' dir='ltr' id='par_1_14' title="bbox 1447 390 2497 1097">
     <span class='ocr_line' id='line_1_57' title="bbox 1447 390 2488 446; baseline -0.003 -15"><span class='ocrx_word' id='word_1_452' title='bbox 1447 393 1649 446; x_wconf 81' lang='grc' dir='ltr'>ἑτερότητος</span> <span class='ocrx_word' id='word_1_453' title='bbox 1662 423 1672 442; x_wconf 88' lang='grc'>,</span> <span class='ocrx_word' id='word_1_454' title='bbox 1694 394 1915 445; x_wconf 85' lang='grc' dir='ltr'>περαίνοντός</span> <span class='ocrx_word' id='word_1_455' title='bbox 1930 409 1966 431; x_wconf 86' lang='grc' dir='ltr'>τε</span> <span class='ocrx_word' id='word_1_456' title='bbox 1983 393 2041 431; x_wconf 81' lang='grc' dir='ltr'>καὶ</span> <span class='ocrx_word' id='word_1_457' title='bbox 2058 391 2219 444; x_wconf 84' lang='grc' dir='ltr'>ἀπείρου,</span> <span class='ocrx_word' id='word_1_458' title='bbox 2239 390 2433 443; x_wconf 76' lang='grc' dir='ltr'>ὡρισμένου</span> <span class='ocrx_word' id='word_1_459' title='bbox 2452 405 2488 428; x_wconf 81' lang='grc' dir='ltr'>τε</span> 
     </span>
     <span class='ocr_line' id='line_1_58' title="bbox 1447 450 2489 504; baseline -0.004 -13"><span class='ocrx_word' id='word_1_460' title='bbox 1447 451 1505 491; x_wconf 74' lang='grc' dir='ltr'>καὶ</span> <span class='ocrx_word' id='word_1_461' title='bbox 1519 453 1693 504; x_wconf 82' lang='grc' dir='ltr'>ἀορίστου.</span> <span class='ocrx_word' id='word_1_462' title='bbox 1716 454 1776 491; x_wconf 86' lang='lat' dir='ltr'>Cf.</span> <span class='ocrx_word' id='word_1_463' title='bbox 1808 453 1943 492; x_wconf 82' lang='lat' dir='ltr'><strong>Boeth.</strong></span> <span class='ocrx_word' id='word_1_464' title='bbox 1968 452 2133 490; x_wconf 82' lang='lat' dir='ltr'><strong>Arithm.</strong></span> <span class='ocrx_word' id='word_1_465' title='bbox 2153 451 2185 499; x_wconf 90' lang='lat' dir='ltr'>l,</span> <span class='ocrx_word' id='word_1_466' title='bbox 2208 453 2256 496; x_wconf 75' lang='lat'>32</span> <span class='ocrx_word' id='word_1_467' title='bbox 2273 460 2311 488; x_wconf 81' lang='lat' dir='ltr'><strong>et</strong></span> <span class='ocrx_word' id='word_1_468' title='bbox 2327 450 2489 488; x_wconf 88' lang='lat' dir='ltr'><strong>Proclus</strong></span> 
     </span>
     <span class='ocr_line' id='line_1_59' title="bbox 1450 509 2491 563; baseline -0.004 -13"><span class='ocrx_word' id='word_1_469' title='bbox 1450 512 1488 550; x_wconf 90' lang='lat' dir='ltr'><strong>in</strong></span> <span class='ocrx_word' id='word_1_470' title='bbox 1505 511 1609 550; x_wconf 86' lang='lat' dir='ltr'><strong>Tim.</strong></span> <span class='ocrx_word' id='word_1_471' title='bbox 1634 512 1650 550; x_wconf 92' lang='grc' dir='ltr'><strong>Ι</strong></span> <span class='ocrx_word' id='word_1_472' title='bbox 1670 527 1708 563; x_wconf 89' lang='lat' dir='ltr'>p.</span> <span class='ocrx_word' id='word_1_473' title='bbox 1728 513 1792 557; x_wconf 90' lang='grc'>54.</span> <span class='ocrx_word' id='word_1_474' title='bbox 1815 514 1998 552; x_wconf 87' lang='lat' dir='ltr'><strong>Extrema</strong></span> <span class='ocrx_word' id='word_1_475' title='bbox 2015 510 2183 562; x_wconf 84' lang='grc' dir='ltr'>ἁρμονίας</span> <span class='ocrx_word' id='word_1_476' title='bbox 2201 509 2235 548; x_wconf 85' lang='grc' dir='ltr'>δὲ</span> <span class='ocrx_word' id='word_1_477' title='bbox 2259 509 2399 560; x_wconf 81' lang='grc' dir='ltr'>μέγεθός</span> <span class='ocrx_word' id='word_1_478' title='bbox 2418 511 2491 547; x_wconf 86' lang='grc' dir='ltr'>ἐστι</span> 
     </span>
     <span class='ocr_line' id='line_1_60' title="bbox 1450 567 2490 622; baseline -0.004 -13"><span class='ocrx_word' id='word_1_479' title='bbox 1450 573 1526 610; x_wconf 82' lang='grc' dir='ltr'>κτλ.</span> <span class='ocrx_word' id='word_1_480' title='bbox 1551 571 1821 622; x_wconf 85' lang='lat' dir='ltr'><strong>conjungenda</strong></span> <span class='ocrx_word' id='word_1_481' title='bbox 1844 585 1931 609; x_wconf 87' lang='lat' dir='ltr'>cum</span> <span class='ocrx_word' id='word_1_482' title='bbox 1953 570 2180 609; x_wconf 80' lang='lat' dir='ltr'><strong>Nicomachi</strong></span> <span class='ocrx_word' id='word_1_483' title='bbox 2207 570 2295 607; x_wconf 90' lang='lat' dir='ltr'><strong>loco</strong></span> <span class='ocrx_word' id='word_1_484' title='bbox 2322 567 2490 606; x_wconf 83' lang='lat' dir='ltr'><strong>Arithm.</strong></span> 
     </span>
     <span class='ocr_line' id='line_1_61' title="bbox 1450 626 2491 684; baseline -0.004 -16"><span class='ocrx_word' id='word_1_485' title='bbox 1450 630 1563 681; x_wconf 46' lang='lat' dir='ltr'><strong>llyp.</strong></span> <span class='ocrx_word' id='word_1_486' title='bbox 1591 645 1638 679; x_wconf 80' lang='lat'>72</span> <span class='ocrx_word' id='word_1_487' title='bbox 1663 645 1670 668; x_wconf 91' lang='lat'>:</span> <span class='ocrx_word' id='word_1_488' title='bbox 1694 630 1781 674; x_wconf 82' lang='grc' dir='ltr'>τινὲς</span> <span class='ocrx_word' id='word_1_489' title='bbox 1801 629 1838 668; x_wconf 79' lang='grc' dir='ltr'>δὲ</span> <span class='ocrx_word' id='word_1_490' title='bbox 1856 629 1965 678; x_wconf 81' lang='grc' dir='ltr'>αὐτὴν</span> <span class='ocrx_word' id='word_1_491' title='bbox 1982 629 2176 684; x_wconf 83' lang='grc' dir='ltr'>ἁρμονικὴν</span> <span class='ocrx_word' id='word_1_492' title='bbox 2193 630 2375 667; x_wconf 84' lang='grc' dir='ltr'>καλεῖσθαι</span> <span class='ocrx_word' id='word_1_493' title='bbox 2394 626 2491 676; x_wconf 87' lang='grc' dir='ltr'>νομί-</span> 
     </span>
     <span class='ocr_line' id='line_1_62' title="bbox 1451 685 2489 741; baseline -0.003 -15"><span class='ocrx_word' id='word_1_494' title='bbox 1451 690 1578 735; x_wconf 85' lang='grc' dir='ltr'>ζουσιν,</span> <span class='ocrx_word' id='word_1_495' title='bbox 1597 688 1789 732; x_wconf 75' lang='grc' dir='ltr'>ἀκολούθως</span> <span class='ocrx_word' id='word_1_496' title='bbox 1803 689 1973 741; x_wconf 81' lang='grc' dir='ltr'>Φιλολάῳ</span> <span class='ocrx_word' id='word_1_497' title='bbox 1992 687 2066 726; x_wconf 79' lang='grc' dir='ltr'>ἀπὸ</span> <span class='ocrx_word' id='word_1_498' title='bbox 2077 691 2136 726; x_wconf 83' lang='grc' dir='ltr'>τοῦ</span> <span class='ocrx_word' id='word_1_499' title='bbox 2153 687 2373 738; x_wconf 81' lang='grc' dir='ltr'>παρέπεσθαι</span> <span class='ocrx_word' id='word_1_500' title='bbox 2391 685 2489 738; x_wconf 79' lang='grc' dir='ltr'>πάσῃ</span> 
     </span>
     <span class='ocr_line' id='line_1_63' title="bbox 1450 745 2494 802; baseline -0.004 -16"><span class='ocrx_word' id='word_1_501' title='bbox 1450 751 1668 801; x_wconf 75' lang='grc' dir='ltr'>γεωμετρικῇ</span> <span class='ocrx_word' id='word_1_502' title='bbox 1695 748 1855 802; x_wconf 76' lang='grc' dir='ltr'>ἁρμονία·</span> <span class='ocrx_word' id='word_1_503' title='bbox 1887 748 2127 800; x_wconf 84' lang='grc' dir='ltr'>γεωμετρικὴν</span> <span class='ocrx_word' id='word_1_504' title='bbox 2158 747 2193 785; x_wconf 80' lang='grc' dir='ltr'>δὲ</span> <span class='ocrx_word' id='word_1_505' title='bbox 2224 745 2393 799; x_wconf 86' lang='grc' dir='ltr'>ἁρμονίαν</span> <span class='ocrx_word' id='word_1_506' title='bbox 2409 745 2494 798; x_wconf 80' lang='grc' dir='ltr'>φασὶ</span> 
     </span>
     <span class='ocr_line' id='line_1_64' title="bbox 1451 805 2494 859; baseline -0.002 -15"><span class='ocrx_word' id='word_1_507' title='bbox 1451 807 1509 845; x_wconf 83' lang='grc' dir='ltr'>τὸν</span> <span class='ocrx_word' id='word_1_508' title='bbox 1530 807 1636 845; x_wconf 62' lang='lat' dir='ltr'><strong>noema</strong></span> <span class='ocrx_word' id='word_1_509' title='bbox 1664 808 1813 846; x_wconf 79' lang='grc' dir='ltr'>ἀπὸτοῦ</span> <span class='ocrx_word' id='word_1_510' title='bbox 1847 806 1938 846; x_wconf 83' lang='grc' dir='ltr'>κατὰ</span> <span class='ocrx_word' id='word_1_511' title='bbox 1958 807 2036 859; x_wconf 83' lang='grc' dir='ltr'>τρία</span> <span class='ocrx_word' id='word_1_512' title='bbox 2062 806 2289 858; x_wconf 81' lang='grc' dir='ltr'>διαστήματα</span> <span class='ocrx_word' id='word_1_513' title='bbox 2317 805 2494 858; x_wconf 79' lang='grc' dir='ltr'>ἡρμόσθαι</span> 
     </span>
     <span class='ocr_line' id='line_1_65' title="bbox 1452 863 2497 918; baseline -0.004 -12"><span class='ocrx_word' id='word_1_514' title='bbox 1452 867 1566 911; x_wconf 82' lang='grc' dir='ltr'>ἰσάκις</span> <span class='ocrx_word' id='word_1_515' title='bbox 1584 866 1645 905; x_wconf 84' lang='grc' dir='ltr'>ἴσα</span> <span class='ocrx_word' id='word_1_516' title='bbox 1666 867 1789 910; x_wconf 77' lang='grc' dir='ltr'>ἰσάκις·</span> <span class='ocrx_word' id='word_1_517' title='bbox 1811 868 1845 904; x_wconf 81' lang='grc' dir='ltr'>ἐν</span> <span class='ocrx_word' id='word_1_518' title='bbox 1873 866 1940 918; x_wconf 79' lang='grc' dir='ltr'>γὰρ</span> <span class='ocrx_word' id='word_1_519' title='bbox 1960 866 2065 904; x_wconf 78' lang='grc' dir='ltr'>παντὶ</span> <span class='ocrx_word' id='word_1_520' title='bbox 2085 865 2184 916; x_wconf 71' lang='grc' dir='ltr'>κύὸῳ</span> <span class='ocrx_word' id='word_1_521' title='bbox 2209 865 2271 912; x_wconf 79' lang='grc' dir='ltr'>ἥδε</span> <span class='ocrx_word' id='word_1_522' title='bbox 2296 867 2318 911; x_wconf 84' lang='grc' dir='ltr'>ἡ</span> <span class='ocrx_word' id='word_1_523' title='bbox 2346 863 2497 914; x_wconf 84' lang='grc' dir='ltr'>μεσότης</span> 
     </span>
     <span class='ocr_line' id='line_1_66' title="bbox 1453 922 2496 978; baseline -0.003 -14"><span class='ocrx_word' id='word_1_524' title='bbox 1453 926 1589 970; x_wconf 82' lang='grc' dir='ltr'>πάντως</span> <span class='ocrx_word' id='word_1_525' title='bbox 1610 925 1855 978; x_wconf 77' lang='grc' dir='ltr'>ἐνοπτρίζεται’</span> <span class='ocrx_word' id='word_1_526' title='bbox 1882 924 2034 977; x_wconf 79' lang='grc' dir='ltr'>πλευραὶ</span> <span class='ocrx_word' id='word_1_527' title='bbox 2063 925 2125 975; x_wconf 82' lang='grc' dir='ltr'>μὲν</span> <span class='ocrx_word' id='word_1_528' title='bbox 2145 924 2214 977; x_wconf 77' lang='grc' dir='ltr'>γὰρ</span> <span class='ocrx_word' id='word_1_529' title='bbox 2234 923 2364 966; x_wconf 82' lang='grc' dir='ltr'>παντὸς</span> <span class='ocrx_word' id='word_1_530' title='bbox 2385 922 2496 962; x_wconf 56' lang='lat' dir='ltr'><strong>&gt;theou</strong></span> 
     </span>
     <span class='ocr_line' id='line_1_67' title="bbox 1454 980 2494 1036; baseline -0.005 -12"><span class='ocrx_word' id='word_1_531' title='bbox 1454 985 1519 1025; x_wconf 73' lang='grc' dir='ltr'>εἷσὶ</span> <span class='ocrx_word' id='word_1_532' title='bbox 1541 985 1601 1036; x_wconf 71' lang='grc' dir='ltr'>ιδ’,</span> <span class='ocrx_word' id='word_1_533' title='bbox 1633 985 1757 1035; x_wconf 85' lang='grc' dir='ltr'>γωνίαι</span> <span class='ocrx_word' id='word_1_534' title='bbox 1775 984 1810 1022; x_wconf 87' lang='grc' dir='ltr'>δὲ</span> <span class='ocrx_word' id='word_1_535' title='bbox 1829 983 1877 1032; x_wconf 89' lang='grc' dir='ltr'>η’,</span> <span class='ocrx_word' id='word_1_536' title='bbox 1899 983 2048 1026; x_wconf 82' lang='grc' dir='ltr'>ἐπίπεδα</span> <span class='ocrx_word' id='word_1_537' title='bbox 2077 982 2113 1021; x_wconf 80' lang='grc' dir='ltr'>δὲ</span> <span class='ocrx_word' id='word_1_538' title='bbox 2148 981 2195 1026; x_wconf 80' lang='grc' dir='ltr'>ς’.</span> <span class='ocrx_word' id='word_1_539' title='bbox 2220 983 2331 1021; x_wconf 88' lang='lat' dir='ltr'><strong>Conf.</strong></span> <span class='ocrx_word' id='word_1_540' title='bbox 2358 980 2494 1020; x_wconf 82' lang='lat' dir='ltr'><strong>Boeth.</strong></span> 
     </span>
     <span class='ocr_line' id='line_1_68' title="bbox 1456 1045 2475 1097; baseline -0.004 -15"><span class='ocrx_word' id='word_1_541' title='bbox 1456 1045 1582 1083; x_wconf 83' lang='lat' dir='ltr'><strong>Arith.</strong></span> <span class='ocrx_word' id='word_1_542' title='bbox 1606 1047 1660 1091; x_wconf 94' lang='grc' dir='ltr'>ΙΙ,</span> <span class='ocrx_word' id='word_1_543' title='bbox 1685 1045 1766 1097; x_wconf 81' lang='grc'>49.)</span> <span class='ocrx_word' id='word_1_544' title='bbox 2472 1082 2475 1085; x_wconf 55' lang='grc'>,</span> 
     </span>
    </p>

    <p class='ocr_par' dir='ltr' id='par_1_15' title="bbox 1457 1098 2499 1214">
     <span class='ocr_line' id='line_1_69' title="bbox 1508 1098 2499 1154; baseline -0.004 -13"><span class='ocrx_word' id='word_1_545' title='bbox 1508 1115 1536 1141; x_wconf 81' lang='grc'>4.</span> <span class='ocrx_word' id='word_1_546' title='bbox 1569 1102 1620 1141; x_wconf 83' lang='grc' dir='ltr'>Τὸ</span> <span class='ocrx_word' id='word_1_547' title='bbox 1640 1108 1771 1154; x_wconf 77' lang='grc' dir='ltr'>πρᾶτον</span> <span class='ocrx_word' id='word_1_548' title='bbox 1801 1100 1994 1153; x_wconf 78' lang='grc' dir='ltr'>ἁρμοσθέν,</span> <span class='ocrx_word' id='word_1_549' title='bbox 2013 1101 2053 1140; x_wconf 86' lang='grc' dir='ltr'>τὸ</span> <span class='ocrx_word' id='word_1_550' title='bbox 2084 1101 2119 1139; x_wconf 80' lang='grc' dir='ltr'>ἔν</span> <span class='ocrx_word' id='word_1_551' title='bbox 2135 1130 2145 1148; x_wconf 88' lang='grc'>,</span> <span class='ocrx_word' id='word_1_552' title='bbox 2179 1101 2213 1139; x_wconf 83' lang='grc' dir='ltr'>ἐν</span> <span class='ocrx_word' id='word_1_553' title='bbox 2244 1102 2294 1152; x_wconf 81' lang='grc' dir='ltr'>τῷ</span> <span class='ocrx_word' id='word_1_554' title='bbox 2320 1098 2417 1153; x_wconf 85' lang='grc' dir='ltr'>μέσῳ</span> <span class='ocrx_word' id='word_1_555' title='bbox 2437 1105 2499 1143; x_wconf 76' lang='grc' dir='ltr'>τᾶς</span> 
     </span>
     <span class='ocr_line' id='line_1_70' title="bbox 1457 1162 1911 1214; baseline -0.002 -14"><span class='ocrx_word' id='word_1_556' title='bbox 1457 1162 1604 1214; x_wconf 70' lang='grc' dir='ltr'>σφαίρας</span> <span class='ocrx_word' id='word_1_557' title='bbox 1621 1162 1718 1199; x_wconf 79' lang='grc' dir='ltr'>ἑστία</span> <span class='ocrx_word' id='word_1_558' title='bbox 1740 1163 1911 1200; x_wconf 81' lang='grc' dir='ltr'>καλεῖται.</span> 
     </span>
    </p>

    <p class='ocr_par' dir='ltr' id='par_1_16' title="bbox 1458 1218 2501 1333">
     <span class='ocr_line' id='line_1_71' title="bbox 1511 1218 2501 1271; baseline -0.001 -12"><span class='ocrx_word' id='word_1_559' title='bbox 1511 1221 1679 1271; x_wconf 81' lang='lat' dir='ltr'><strong>(Joann.</strong></span> <span class='ocrx_word' id='word_1_560' title='bbox 1712 1221 1822 1260; x_wconf 82' lang='lat' dir='ltr'><strong>Stob.</strong></span> <span class='ocrx_word' id='word_1_561' title='bbox 1854 1221 1987 1271; x_wconf 83' lang='lat' dir='ltr'><strong>Eclog.</strong></span> <span class='ocrx_word' id='word_1_562' title='bbox 2019 1220 2092 1258; x_wconf 87' lang='lat' dir='ltr'><strong>lib.</strong></span> <span class='ocrx_word' id='word_1_563' title='bbox 2134 1220 2149 1257; x_wconf 93' lang='lat'>1</span> <span class='ocrx_word' id='word_1_564' title='bbox 2190 1226 2283 1271; x_wconf 50' lang='lat' dir='ltr'><strong>cap,</strong></span> <span class='ocrx_word' id='word_1_565' title='bbox 2311 1218 2434 1267; x_wconf 79' lang='lat' dir='ltr'><strong>XXII,</strong></span> <span class='ocrx_word' id='word_1_566' title='bbox 2477 1221 2501 1258; x_wconf 91' lang='lat'><strong>8</strong></span> 
     </span>
     <span class='ocr_line' id='line_1_72' title="bbox 1458 1279 1887 1333; baseline -0.002 -14"><span class='ocrx_word' id='word_1_567' title='bbox 1458 1295 1546 1333; x_wconf 85' lang='lat' dir='ltr'>pag.</span> <span class='ocrx_word' id='word_1_568' title='bbox 1568 1284 1644 1326; x_wconf 87' lang='grc'>468</span> <span class='ocrx_word' id='word_1_569' title='bbox 1664 1281 1726 1318; x_wconf 87' lang='lat' dir='ltr'><strong>ed.</strong></span> <span class='ocrx_word' id='word_1_570' title='bbox 1746 1282 1862 1320; x_wconf 83' lang='lat' dir='ltr'><strong>Heer.</strong></span> <span class='ocrx_word' id='word_1_571' title='bbox 1877 1279 1887 1332; x_wconf 94' lang='lat'>)</span> 
     </span>
    </p>

    <p class='ocr_par' dir='ltr' id='par_1_17' title="bbox 1458 1337 2506 1732">
     <span class='ocr_line' id='line_1_73' title="bbox 1511 1337 2502 1391; baseline -0.004 -12"><span class='ocrx_word' id='word_1_572' title='bbox 1511 1355 1543 1380; x_wconf 84' lang='lat'>5.</span> <span class='ocrx_word' id='word_1_573' title='bbox 1566 1339 1610 1379; x_wconf 81' lang='lat' dir='ltr'>‘O</span> <span class='ocrx_word' id='word_1_574' title='bbox 1638 1339 1768 1390; x_wconf 73' lang='grc' dir='ltr'>κόσμος</span> <span class='ocrx_word' id='word_1_575' title='bbox 1799 1342 1845 1383; x_wconf 80' lang='grc' dir='ltr'>εἷς</span> <span class='ocrx_word' id='word_1_576' title='bbox 1866 1340 1973 1377; x_wconf 84' lang='grc' dir='ltr'>ἐστιν·</span> <span class='ocrx_word' id='word_1_577' title='bbox 1999 1338 2127 1391; x_wconf 78' lang='grc' dir='ltr'>ἤρξατο</span> <span class='ocrx_word' id='word_1_578' title='bbox 2147 1338 2182 1375; x_wconf 82' lang='grc' dir='ltr'>δὲ</span> <span class='ocrx_word' id='word_1_579' title='bbox 2203 1337 2381 1390; x_wconf 83' lang='grc' dir='ltr'>γίγνεσθαι</span> <span class='ocrx_word' id='word_1_580' title='bbox 2417 1337 2502 1390; x_wconf 85' lang='grc' dir='ltr'>ἄχρι</span> 
     </span>
     <span class='ocr_line' id='line_1_74' title="bbox 1458 1396 2503 1450; baseline -0.004 -12"><span class='ocrx_word' id='word_1_581' title='bbox 1458 1416 1517 1439; x_wconf 85' lang='grc' dir='ltr'>του</span> <span class='ocrx_word' id='word_1_582' title='bbox 1538 1399 1659 1450; x_wconf 84' lang='grc' dir='ltr'>μέσου,</span> <span class='ocrx_word' id='word_1_583' title='bbox 1679 1399 1739 1436; x_wconf 85' lang='grc' dir='ltr'>καὶ</span> <span class='ocrx_word' id='word_1_584' title='bbox 1759 1398 1827 1437; x_wconf 81' lang='grc' dir='ltr'>ἀπὸ</span> <span class='ocrx_word' id='word_1_585' title='bbox 1844 1402 1902 1437; x_wconf 82' lang='grc' dir='ltr'>τοῦ</span> <span class='ocrx_word' id='word_1_586' title='bbox 1925 1397 2032 1448; x_wconf 89' lang='grc' dir='ltr'>μέσου</span> <span class='ocrx_word' id='word_1_587' title='bbox 2051 1398 2094 1435; x_wconf 82' lang='grc' dir='ltr'>τὰ</span> <span class='ocrx_word' id='word_1_588' title='bbox 2112 1396 2184 1435; x_wconf 82' lang='grc' dir='ltr'>ἅνω</span> <span class='ocrx_word' id='word_1_589' title='bbox 2197 1401 2225 1436; x_wconf 81' lang='lat'>⁸.</span> <span class='ocrx_word' id='word_1_590' title='bbox 2255 1397 2320 1435; x_wconf 83' lang='grc' dir='ltr'>Διὸ</span> <span class='ocrx_word' id='word_1_591' title='bbox 2338 1399 2388 1450; x_wconf 82' lang='grc' dir='ltr'>τῷ</span> <span class='ocrx_word' id='word_1_592' title='bbox 2408 1397 2503 1449; x_wconf 81' lang='grc' dir='ltr'>αὐτῷ</span> 
     </span>
     <span class='ocr_line' id='line_1_75' title="bbox 1458 1455 2503 1511; baseline -0.003 -14"><span class='ocrx_word' id='word_1_593' title='bbox 1458 1457 1577 1511; x_wconf 87' lang='grc' dir='ltr'>τρόπῳ</span> <span class='ocrx_word' id='word_1_594' title='bbox 1596 1458 1670 1496; x_wconf 77' lang='grc' dir='ltr'>ἐστὶ</span> <span class='ocrx_word' id='word_1_595' title='bbox 1699 1457 1744 1496; x_wconf 81' lang='grc' dir='ltr'>τὰ</span> <span class='ocrx_word' id='word_1_596' title='bbox 1772 1457 1876 1495; x_wconf 52' lang='lat' dir='ltr'>&amp;memb</span> <span class='ocrx_word' id='word_1_597' title='bbox 1917 1462 1976 1496; x_wconf 78' lang='grc' dir='ltr'>τοῦ</span> <span class='ocrx_word' id='word_1_598' title='bbox 1997 1457 2103 1507; x_wconf 87' lang='grc' dir='ltr'>μέσου</span> <span class='ocrx_word' id='word_1_599' title='bbox 2123 1457 2332 1499; x_wconf 74' lang='grc' dir='ltr'>ὑπεναντίως</span> <span class='ocrx_word' id='word_1_600' title='bbox 2359 1455 2503 1505; x_wconf 86' lang='grc' dir='ltr'>κείμενα</span> 
     </span>
     <span class='ocr_line' id='line_1_76' title="bbox 1459 1513 2502 1569; baseline -0.003 -14"><span class='ocrx_word' id='word_1_601' title='bbox 1459 1518 1528 1560; x_wconf 80' lang='grc' dir='ltr'>τοῖς</span> <span class='ocrx_word' id='word_1_602' title='bbox 1544 1517 1657 1558; x_wconf 81' lang='grc' dir='ltr'>κάτω.</span> <span class='ocrx_word' id='word_1_603' title='bbox 1690 1518 1773 1559; x_wconf 80' lang='grc' dir='ltr'>Τοῖς</span> <span class='ocrx_word' id='word_1_604' title='bbox 1799 1515 1866 1569; x_wconf 84' lang='grc' dir='ltr'>γὰρ</span> <span class='ocrx_word' id='word_1_605' title='bbox 1886 1515 1982 1553; x_wconf 86' lang='grc' dir='ltr'>κάτω</span> <span class='ocrx_word' id='word_1_606' title='bbox 2008 1513 2052 1552; x_wconf 81' lang='grc' dir='ltr'>τὰ</span> <span class='ocrx_word' id='word_1_607' title='bbox 2073 1514 2266 1552; x_wconf 83' lang='grc' dir='ltr'>κατωτάτω</span> <span class='ocrx_word' id='word_1_608' title='bbox 2285 1515 2376 1564; x_wconf 84' lang='grc' dir='ltr'>μέσα</span> <span class='ocrx_word' id='word_1_609' title='bbox 2393 1514 2502 1562; x_wconf 80' lang='grc' dir='ltr'>ἐστίν,</span> 
     </span>
     <span class='ocr_line' id='line_1_77' title="bbox 1459 1572 2506 1627; baseline -0.002 -15"><span class='ocrx_word' id='word_1_610' title='bbox 1459 1573 1577 1627; x_wconf 80' lang='grc' dir='ltr'>ὥσπερ</span> <span class='ocrx_word' id='word_1_611' title='bbox 1594 1575 1636 1613; x_wconf 85' lang='grc' dir='ltr'>τὰ</span> <span class='ocrx_word' id='word_1_612' title='bbox 1658 1573 1823 1613; x_wconf 84' lang='grc' dir='ltr'>ἀνωτάτω</span> <span class='ocrx_word' id='word_1_613' title='bbox 1837 1604 1847 1624; x_wconf 92' lang='grc'>,</span> <span class='ocrx_word' id='word_1_614' title='bbox 1868 1573 1928 1611; x_wconf 81' lang='grc' dir='ltr'>καὶ</span> <span class='ocrx_word' id='word_1_615' title='bbox 1948 1572 1993 1612; x_wconf 79' lang='grc' dir='ltr'>τὰ</span> <span class='ocrx_word' id='word_1_616' title='bbox 2015 1573 2105 1610; x_wconf 86' lang='grc' dir='ltr'>ἄλλα</span> <span class='ocrx_word' id='word_1_617' title='bbox 2128 1573 2308 1616; x_wconf 83' lang='grc' dir='ltr'>ὡσαύτως.</span> <span class='ocrx_word' id='word_1_618' title='bbox 2329 1572 2424 1625; x_wconf 79' lang='grc' dir='ltr'>Πρὸς</span> <span class='ocrx_word' id='word_1_619' title='bbox 2437 1572 2506 1627; x_wconf 81' lang='grc' dir='ltr'>γὰρ</span> 
     </span>
     <span class='ocr_line' id='line_1_78' title="bbox 1460 1631 2506 1684; baseline 0 -13"><span class='ocrx_word' id='word_1_620' title='bbox 1460 1633 1499 1671; x_wconf 83' lang='grc' dir='ltr'>τὸ</span> <span class='ocrx_word' id='word_1_621' title='bbox 1519 1633 1623 1681; x_wconf 85' lang='grc' dir='ltr'>μέσον</span> <span class='ocrx_word' id='word_1_622' title='bbox 1644 1633 1735 1671; x_wconf 77' lang='grc' dir='ltr'>κατὰ</span> <span class='ocrx_word' id='word_1_623' title='bbox 1751 1632 1861 1671; x_wconf 82' lang='grc' dir='ltr'>ταύτά</span> <span class='ocrx_word' id='word_1_624' title='bbox 1891 1634 1982 1670; x_wconf 81' lang='grc' dir='ltr'>ἐστιν</span> <span class='ocrx_word' id='word_1_625' title='bbox 2012 1632 2183 1684; x_wconf 78' lang='grc' dir='ltr'>ἑκάτερα,</span> <span class='ocrx_word' id='word_1_626' title='bbox 2201 1631 2265 1671; x_wconf 79' lang='grc' dir='ltr'>ὅσα</span> <span class='ocrx_word' id='word_1_627' title='bbox 2287 1631 2336 1684; x_wconf 85' lang='grc' dir='ltr'>μὴ</span> <span class='ocrx_word' id='word_1_628' title='bbox 2355 1633 2506 1683; x_wconf 80' lang='grc' dir='ltr'>μετενή-</span> 
     </span>
     <span class='ocr_line' id='line_1_79' title="bbox 1461 1698 1623 1732; baseline 0 -1"><span class='ocrx_word' id='word_1_629' title='bbox 1461 1698 1623 1732; x_wconf 58' lang='lat' dir='ltr'><strong>vamme.</strong></span> 
     </span>
    </p>

    <p class='ocr_par' dir='ltr' id='par_1_18' title="bbox 1461 1719 2563 2037">
     <span class='ocr_line' id='line_1_80' title="bbox 1517 1719 2505 1802; baseline -0.002 -13"><span class='ocrx_word' id='word_1_630' title='bbox 1517 1752 1678 1802; x_wconf 84' lang='lat' dir='ltr'><strong>(Joann.</strong></span> <span class='ocrx_word' id='word_1_631' title='bbox 1697 1750 1805 1788; x_wconf 88' lang='lat' dir='ltr'><strong>Stob.</strong></span> <span class='ocrx_word' id='word_1_632' title='bbox 1824 1751 1954 1802; x_wconf 84' lang='lat' dir='ltr'><strong>Eclog.</strong></span> <span class='ocrx_word' id='word_1_633' title='bbox 1978 1750 2050 1789; x_wconf 91' lang='lat' dir='ltr'><strong>lib.</strong></span> <span class='ocrx_word' id='word_1_634' title='bbox 2067 1719 2184 1801; x_wconf 77' lang='lat' dir='ltr'><strong>Icap.</strong></span> <span class='ocrx_word' id='word_1_635' title='bbox 2200 1750 2306 1797; x_wconf 84' lang='lat' dir='ltr'><strong>XVI,</strong></span> <span class='ocrx_word' id='word_1_636' title='bbox 2326 1765 2347 1799; x_wconf 91' lang='lat'><strong>7</strong></span> <span class='ocrx_word' id='word_1_637' title='bbox 2368 1765 2408 1802; x_wconf 88' lang='lat' dir='ltr'>p.</span> <span class='ocrx_word' id='word_1_638' title='bbox 2431 1753 2505 1790; x_wconf 89' lang='lat'>360</span> 
     </span>
     <span class='ocr_line' id='line_1_81' title="bbox 1461 1780 2505 1859; baseline 0 -11"><span class='ocrx_word' id='word_1_639' title='bbox 1461 1811 1520 1850; x_wconf 86' lang='lat' dir='ltr'><strong>ed.</strong></span> <span class='ocrx_word' id='word_1_640' title='bbox 1545 1780 2012 1859; x_wconf 21' lang='lat' dir='ltr'><strong>Hee1.l)0sui,:³r&amp;⁰&amp;v0›</strong></span> <span class='ocrx_word' id='word_1_641' title='bbox 2041 1823 2128 1846; x_wconf 87' lang='lat' dir='ltr'>cum</span> <span class='ocrx_word' id='word_1_642' title='bbox 2157 1809 2368 1857; x_wconf 82' lang='lat' dir='ltr'><strong>Heerenio3</strong></span> <span class='ocrx_word' id='word_1_643' title='bbox 2391 1810 2505 1850; x_wconf 86' lang='lat' dir='ltr'><strong>codd.</strong></span> 
     </span>
     <span class='ocr_line' id='line_1_82' title="bbox 1463 1866 2506 1920; baseline 0.004 -15"><span class='ocrx_word' id='word_1_644' title='bbox 1463 1869 1509 1911; x_wconf 85' lang='grc' dir='ltr'>εἰς</span> <span class='ocrx_word' id='word_1_645' title='bbox 1526 1867 1564 1905; x_wconf 79' lang='grc' dir='ltr'>τὸ</span> <span class='ocrx_word' id='word_1_646' title='bbox 1582 1868 1668 1906; x_wconf 84' lang='grc' dir='ltr'>ἅνω.</span> <span class='ocrx_word' id='word_1_647' title='bbox 1687 1866 1703 1890; x_wconf 82' lang='lat'>¹&#39;</span> <span class='ocrx_word' id='word_1_648' title='bbox 1721 1867 1772 1904; x_wconf 85' lang='grc' dir='ltr'>διὸ</span> <span class='ocrx_word' id='word_1_649' title='bbox 1788 1870 1837 1920; x_wconf 75' lang='grc' dir='ltr'>τῷ</span> <span class='ocrx_word' id='word_1_650' title='bbox 1855 1869 1949 1919; x_wconf 76' lang='grc' dir='ltr'>αὐτῷ</span> <span class='ocrx_word' id='word_1_651' title='bbox 1967 1867 2086 1920; x_wconf 89' lang='grc' dir='ltr'>τρόπῳ</span> <span class='ocrx_word' id='word_1_652' title='bbox 2107 1867 2178 1905; x_wconf 79' lang='grc' dir='ltr'>ἐστὶ</span> <span class='ocrx_word' id='word_1_653' title='bbox 2207 1866 2252 1906; x_wconf 80' lang='grc' dir='ltr'>τὰ</span> <span class='ocrx_word' id='word_1_654' title='bbox 2271 1867 2361 1914; x_wconf 81' lang='grc' dir='ltr'>ἄνω;</span> <span class='ocrx_word' id='word_1_655' title='bbox 2391 1868 2506 1909; x_wconf 86' lang='lat' dir='ltr'><strong>codd.</strong></span> 
     </span>
     <span class='ocr_line' id='line_1_83' title="bbox 1464 1925 2563 1978; baseline -0.002 -14"><span class='ocrx_word' id='word_1_656' title='bbox 1464 1926 1521 1964; x_wconf 80' lang='grc' dir='ltr'>διὰ</span> <span class='ocrx_word' id='word_1_657' title='bbox 1539 1930 1605 1965; x_wconf 86' lang='grc' dir='ltr'>τῶν</span> <span class='ocrx_word' id='word_1_658' title='bbox 1629 1928 1740 1964; x_wconf 77' lang='grc' dir='ltr'>αὐτῶν</span> <span class='ocrx_word' id='word_1_659' title='bbox 1768 1926 1837 1968; x_wconf 79' lang='grc' dir='ltr'>τοῖς</span> <span class='ocrx_word' id='word_1_660' title='bbox 1856 1927 1952 1964; x_wconf 86' lang='grc' dir='ltr'>κάτω</span> <span class='ocrx_word' id='word_1_661' title='bbox 1973 1926 2047 1963; x_wconf 86' lang='grc' dir='ltr'>ἔστι</span> <span class='ocrx_word' id='word_1_662' title='bbox 2067 1925 2112 1963; x_wconf 84' lang='grc' dir='ltr'>τὰ</span> <span class='ocrx_word' id='word_1_663' title='bbox 2132 1927 2219 1965; x_wconf 84' lang='grc' dir='ltr'>ἄνω.</span> <span class='ocrx_word' id='word_1_664' title='bbox 2243 1930 2257 1948; x_wconf 75' lang='lat'>⁰</span> <span class='ocrx_word' id='word_1_665' title='bbox 2286 1925 2354 1966; x_wconf 75' lang='grc' dir='ltr'>ὅσα</span> <span class='ocrx_word' id='word_1_666' title='bbox 2375 1925 2423 1975; x_wconf 79' lang='grc' dir='ltr'>μὴ</span> <span class='ocrx_word' id='word_1_667' title='bbox 2444 1942 2508 1978; x_wconf 71' lang='grc' dir='ltr'>με-</span> <span class='ocrx_word' id='word_1_668' title='bbox 2559 1958 2563 1962; x_wconf 91' lang='grc'>.</span> 
     </span>
     <span class='ocr_line' id='line_1_84' title="bbox 1463 1985 2509 2037; baseline 0.003 -14"><span class='ocrx_word' id='word_1_669' title='bbox 1463 1985 1663 2031; x_wconf 83' lang='grc' dir='ltr'>τενήνεκται</span> <span class='ocrx_word' id='word_1_670' title='bbox 1686 1986 1811 2024; x_wconf 83' lang='lat' dir='ltr'><strong>refero</strong></span> <span class='ocrx_word' id='word_1_671' title='bbox 1837 1986 1884 2023; x_wconf 87' lang='lat' dir='ltr'>ad</span> <span class='ocrx_word' id='word_1_672' title='bbox 1911 1995 2042 2037; x_wconf 84' lang='lat' dir='ltr'><strong>partes</strong></span> <span class='ocrx_word' id='word_1_673' title='bbox 2067 1987 2130 2024; x_wconf 91' lang='lat' dir='ltr'><strong>vel</strong></span> <span class='ocrx_word' id='word_1_674' title='bbox 2162 1995 2276 2024; x_wconf 81' lang='lat' dir='ltr'><strong>terrae</strong></span> <span class='ocrx_word' id='word_1_675' title='bbox 2310 1995 2418 2025; x_wconf 88' lang='lat' dir='ltr'><strong>motu</strong></span> <span class='ocrx_word' id='word_1_676' title='bbox 2445 1987 2509 2026; x_wconf 76' lang='lat' dir='ltr'>vel</span> 
     </span>
    </p>
   </div>
   <div class='ocr_carea' id='block_1_10' title="bbox 1444 2045 2309 2096">
    <p class='ocr_par' dir='ltr' id='par_1_19' title="bbox 1444 2045 2309 2096">
     <span class='ocr_line' id='line_1_85' title="bbox 1444 2045 2309 2096; baseline 0 -13"><span class='ocrx_word' id='word_1_677' title='bbox 1444 2093 1447 2094; x_wconf 19' lang='lat'><em>⁷</em></span> <span class='ocrx_word' id='word_1_678' title='bbox 1465 2045 1720 2083; x_wconf 87' lang='lat' dir='ltr'><strong>inundatione</strong></span> <span class='ocrx_word' id='word_1_679' title='bbox 1740 2046 1824 2083; x_wconf 89' lang='lat' dir='ltr'><strong>sive</strong></span> <span class='ocrx_word' id='word_1_680' title='bbox 1843 2054 1946 2083; x_wconf 82' lang='lat' dir='ltr'><strong>ortas</strong></span> <span class='ocrx_word' id='word_1_681' title='bbox 1963 2046 2046 2083; x_wconf 86' lang='lat' dir='ltr'><strong>sive</strong></span> <span class='ocrx_word' id='word_1_682' title='bbox 2065 2045 2282 2119; x_wconf 83' lang='lat' dir='ltr'><strong>absorptas.</strong></span> <span class='ocrx_word' id='word_1_683' title='bbox 2293 2047 2309 2094; x_wconf 96' lang='lat'><em>)</em></span> 
     </span>
    </p>
   </div>
   <div class='ocr_carea' id='block_1_11' title="bbox 1466 2103 2516 2748">
    <p class='ocr_par' dir='ltr' id='par_1_20' title="bbox 1466 2103 2516 2747">
     <span class='ocr_line' id='line_1_86' title="bbox 1541 2103 2510 2179; baseline 0.001 -36.039"><span class='ocrx_word' id='word_1_684' title='bbox 1541 2104 1758 2147; x_wconf 76' lang='grc' dir='ltr'>.(Ι)ιλόλαος</span> <span class='ocrx_word' id='word_1_685' title='bbox 1788 2108 1859 2156; x_wconf 84' lang='grc' dir='ltr'>π’ὔρ</span> <span class='ocrx_word' id='word_1_686' title='bbox 1882 2106 1916 2143; x_wconf 84' lang='grc' dir='ltr'>ἐν</span> <span class='ocrx_word' id='word_1_687' title='bbox 1939 2103 2036 2156; x_wconf 87' lang='grc' dir='ltr'>μέσῳ</span> <span class='ocrx_word' id='word_1_688' title='bbox 2056 2103 2136 2156; x_wconf 79' lang='grc' dir='ltr'>περὶ</span> <span class='ocrx_word' id='word_1_689' title='bbox 2167 2104 2207 2143; x_wconf 83' lang='grc' dir='ltr'>τὸ</span> <span class='ocrx_word' id='word_1_690' title='bbox 2238 2105 2398 2179; x_wconf 82' lang='grc' dir='ltr'>κέντρρν,</span> <span class='ocrx_word' id='word_1_691' title='bbox 2425 2103 2510 2158; x_wconf 75' lang='grc' dir='ltr'>ὅπερ</span> 
     </span>
     <span class='ocr_line' id='line_1_87' title="bbox 1466 2163 2509 2219; baseline 0.002 -17.025"><span class='ocrx_word' id='word_1_692' title='bbox 1466 2163 1611 2203; x_wconf 74' lang='grc' dir='ltr'>Ἑστίαν</span> <span class='ocrx_word' id='word_1_693' title='bbox 1632 2168 1696 2202; x_wconf 80' lang='grc' dir='ltr'>τοῧ</span> <span class='ocrx_word' id='word_1_694' title='bbox 1709 2163 1838 2207; x_wconf 86' lang='grc' dir='ltr'>παντὸς</span> <span class='ocrx_word' id='word_1_695' title='bbox 1858 2166 1958 2202; x_wconf 86' lang='grc' dir='ltr'>καλεῖ</span> <span class='ocrx_word' id='word_1_696' title='bbox 1978 2164 2036 2202; x_wconf 83' lang='grc' dir='ltr'>καὶ</span> <span class='ocrx_word' id='word_1_697' title='bbox 2061 2164 2141 2206; x_wconf 89' lang='grc' dir='ltr'>Διὸς</span> <span class='ocrx_word' id='word_1_698' title='bbox 2161 2167 2275 2212; x_wconf 81' lang='grc' dir='ltr'>οἰκον,</span> <span class='ocrx_word' id='word_1_699' title='bbox 2293 2180 2352 2203; x_wconf 81' lang='grc' dir='ltr'>και</span> <span class='ocrx_word' id='word_1_700' title='bbox 2373 2165 2509 2219; x_wconf 82' lang='grc' dir='ltr'>μητέρα</span> 
     </span>
     <span class='ocr_line' id='line_1_88' title="bbox 1466 2222 2511 2276; baseline 0.001 -15"><span class='ocrx_word' id='word_1_701' title='bbox 1466 2226 1550 2261; x_wconf 86' lang='grc' dir='ltr'>Οεων</span> <span class='ocrx_word' id='word_1_702' title='bbox 1573 2224 1691 2275; x_wconf 84' lang='grc' dir='ltr'>βωμόν</span> <span class='ocrx_word' id='word_1_703' title='bbox 1711 2239 1748 2261; x_wconf 88' lang='grc' dir='ltr'>τε</span> <span class='ocrx_word' id='word_1_704' title='bbox 1777 2239 1836 2260; x_wconf 85' lang='grc' dir='ltr'>και</span> <span class='ocrx_word' id='word_1_705' title='bbox 1857 2222 2018 2274; x_wconf 83' lang='grc' dir='ltr'>συνοχήν,</span> <span class='ocrx_word' id='word_1_706' title='bbox 2039 2222 2099 2260; x_wconf 83' lang='grc' dir='ltr'>καὶ</span> <span class='ocrx_word' id='word_1_707' title='bbox 2122 2222 2246 2273; x_wconf 90' lang='grc' dir='ltr'>μέτρον</span> <span class='ocrx_word' id='word_1_708' title='bbox 2273 2222 2420 2276; x_wconf 75' lang='grc' dir='ltr'>φύσεως·</span> <span class='ocrx_word' id='word_1_709' title='bbox 2449 2223 2511 2262; x_wconf 80' lang='grc' dir='ltr'>καὶ</span> 
     </span>
     <span class='ocr_line' id='line_1_89' title="bbox 1467 2281 2510 2335; baseline 0.002 -15"><span class='ocrx_word' id='word_1_710' title='bbox 1467 2284 1571 2321; x_wconf 87' lang='grc' dir='ltr'>πάλιν</span> <span class='ocrx_word' id='word_1_711' title='bbox 1593 2282 1800 2334; x_wconf 81' lang='grc' dir='ltr'>πῧρ’ἑ’τερον</span> <span class='ocrx_word' id='word_1_712' title='bbox 1833 2283 2001 2319; x_wconf 85' lang='grc' dir='ltr'>ἀνωτάτω</span> <span class='ocrx_word' id='word_1_713' title='bbox 2032 2282 2072 2319; x_wconf 85' lang='grc' dir='ltr'>τὸ</span> <span class='ocrx_word' id='word_1_714' title='bbox 2094 2281 2272 2334; x_wconf 78' lang='grc' dir='ltr'>περιέχον.</span> <span class='ocrx_word' id='word_1_715' title='bbox 2311 2285 2457 2335; x_wconf 81' lang='grc' dir='ltr'>Πρῶτον</span> <span class='ocrx_word' id='word_1_716' title='bbox 2479 2285 2510 2322; x_wconf 84' lang='grc' dir='ltr'>δ’</span> 
     </span>
     <span class='ocr_line' id='line_1_90' title="bbox 1468 2336 2511 2394; baseline 0 -14"><span class='ocrx_word' id='word_1_717' title='bbox 1468 2336 1554 2380; x_wconf 61' lang='grc' dir='ltr'>εἶναι</span> <span class='ocrx_word' id='word_1_718' title='bbox 1586 2341 1684 2394; x_wconf 83' lang='grc' dir='ltr'>φύσει</span> <span class='ocrx_word' id='word_1_719' title='bbox 1716 2341 1754 2379; x_wconf 84' lang='grc' dir='ltr'>τὸ</span> <span class='ocrx_word' id='word_1_720' title='bbox 1789 2341 1910 2391; x_wconf 88' lang='grc' dir='ltr'>μέσον,</span> <span class='ocrx_word' id='word_1_721' title='bbox 1941 2340 2020 2392; x_wconf 83' lang='grc' dir='ltr'>περὶ</span> <span class='ocrx_word' id='word_1_722' title='bbox 2049 2340 2087 2378; x_wconf 84' lang='grc' dir='ltr'>δὲ</span> <span class='ocrx_word' id='word_1_723' title='bbox 2113 2356 2216 2379; x_wconf 87' lang='grc' dir='ltr'>τουτο</span> <span class='ocrx_word' id='word_1_724' title='bbox 2248 2341 2333 2380; x_wconf 82' lang='grc' dir='ltr'>δέκα</span> <span class='ocrx_word' id='word_1_725' title='bbox 2359 2341 2511 2392; x_wconf 83' lang='grc' dir='ltr'>σώματα</span> 
     </span>
     <span class='ocr_line' id='line_1_91' title="bbox 1468 2398 2511 2471; baseline 0.002 -33"><span class='ocrx_word' id='word_1_726' title='bbox 1468 2401 1541 2438; x_wconf 80' lang='grc' dir='ltr'>θεῖα</span> <span class='ocrx_word' id='word_1_727' title='bbox 1560 2400 1733 2452; x_wconf 80' lang='grc' dir='ltr'>χορεύειν,</span> <span class='ocrx_word' id='word_1_728' title='bbox 1749 2398 1908 2451; x_wconf 80' lang='grc' dir='ltr'>οὐρανόν,</span> <span class='ocrx_word' id='word_1_729' title='bbox 1930 2398 2125 2447; x_wconf 80' lang='grc' dir='ltr'>πλανητας,</span> <span class='ocrx_word' id='word_1_730' title='bbox 2154 2399 2230 2471; x_wconf 81' lang='grc' dir='ltr'>μεθ’</span> <span class='ocrx_word' id='word_1_731' title='bbox 2248 2399 2304 2444; x_wconf 75' lang='grc' dir='ltr'>οὓς</span> <span class='ocrx_word' id='word_1_732' title='bbox 2318 2399 2466 2448; x_wconf 63' lang='grc' dir='ltr'>ηλιον,ε</span> <span class='ocrx_word' id='word_1_733' title='bbox 2452 2403 2511 2455; x_wconf 74' lang='grc' dir='ltr'>υφ’</span> 
     </span>
     <span class='ocr_line' id='line_1_92' title="bbox 1469 2453 2509 2511; baseline 0.002 -15"><span class='ocrx_word' id='word_1_734' title='bbox 1469 2454 1496 2511; x_wconf 69' lang='grc' dir='ltr'>ᾧ</span> <span class='ocrx_word' id='word_1_735' title='bbox 1518 2458 1680 2506; x_wconf 84' lang='grc' dir='ltr'>σελήνην,</span> <span class='ocrx_word' id='word_1_736' title='bbox 1704 2457 1758 2510; x_wconf 77' lang='grc' dir='ltr'>ὑφ’</span> <span class='ocrx_word' id='word_1_737' title='bbox 1777 2453 1800 2510; x_wconf 70' lang='grc' dir='ltr'>ἧ</span> <span class='ocrx_word' id='word_1_738' title='bbox 1821 2457 1884 2504; x_wconf 74' lang='grc' dir='ltr'>τὴν</span> <span class='ocrx_word' id='word_1_739' title='bbox 1902 2461 1982 2509; x_wconf 76' lang='grc' dir='ltr'>γ’ῆν,</span> <span class='ocrx_word' id='word_1_740' title='bbox 2013 2459 2068 2511; x_wconf 71' lang='grc' dir='ltr'>ὑφ’</span> <span class='ocrx_word' id='word_1_741' title='bbox 2086 2462 2108 2510; x_wconf 84' lang='grc' dir='ltr'>ᾐ</span> <span class='ocrx_word' id='word_1_742' title='bbox 2129 2458 2192 2505; x_wconf 85' lang='grc' dir='ltr'>τὴν</span> <span class='ocrx_word' id='word_1_743' title='bbox 2213 2460 2413 2511; x_wconf 85' lang='grc' dir='ltr'>ἀντίχθονα,</span> <span class='ocrx_word' id='word_1_744' title='bbox 2433 2462 2509 2509; x_wconf 74' lang='grc' dir='ltr'>μεθ’</span> 
     </span>
     <span class='ocr_line' id='line_1_93' title="bbox 1470 2515 2514 2570; baseline 0.001 -15"><span class='ocrx_word' id='word_1_745' title='bbox 1470 2518 1492 2555; x_wconf 85' lang='grc' dir='ltr'>ἃ</span> <span class='ocrx_word' id='word_1_746' title='bbox 1513 2518 1700 2568; x_wconf 82' lang='grc' dir='ltr'>σύμπαντα</span> <span class='ocrx_word' id='word_1_747' title='bbox 1718 2518 1756 2555; x_wconf 87' lang='grc' dir='ltr'>τὸ</span> <span class='ocrx_word' id='word_1_748' title='bbox 1775 2521 1859 2568; x_wconf 78' lang='grc' dir='ltr'>πῦρ,</span> <span class='ocrx_word' id='word_1_749' title='bbox 1881 2517 2031 2560; x_wconf 81' lang='grc' dir='ltr'>ἑστίας’</span> <span class='ocrx_word' id='word_1_750' title='bbox 2016 2517 2073 2555; x_wconf 82' lang='grc' dir='ltr'>επὶ</span> <span class='ocrx_word' id='word_1_751' title='bbox 2103 2516 2147 2555; x_wconf 81' lang='grc' dir='ltr'>τὰ</span> <span class='ocrx_word' id='word_1_752' title='bbox 2173 2517 2300 2570; x_wconf 84' lang='grc' dir='ltr'>κέντρα</span> <span class='ocrx_word' id='word_1_753' title='bbox 2323 2517 2418 2563; x_wconf 80' lang='grc' dir='ltr'>τάξιν</span> <span class='ocrx_word' id='word_1_754' title='bbox 2437 2515 2514 2556; x_wconf 80' lang='grc' dir='ltr'>ἐπέ-</span> 
     </span>
     <span class='ocr_line' id='line_1_94' title="bbox 1469 2575 2512 2630; baseline 0.001 -16"><span class='ocrx_word' id='word_1_755' title='bbox 1469 2592 1546 2629; x_wconf 88' lang='grc' dir='ltr'>χον.</span> <span class='ocrx_word' id='word_1_756' title='bbox 1567 2577 1618 2615; x_wconf 83' lang='grc' dir='ltr'>Τὸ</span> <span class='ocrx_word' id='word_1_757' title='bbox 1639 2576 1702 2627; x_wconf 81' lang='grc' dir='ltr'>μὲν</span> <span class='ocrx_word' id='word_1_758' title='bbox 1721 2580 1779 2614; x_wconf 80' lang='grc' dir='ltr'>οὖν</span> <span class='ocrx_word' id='word_1_759' title='bbox 1808 2576 1974 2618; x_wconf 85' lang='grc' dir='ltr'>ἀνωτάτω</span> <span class='ocrx_word' id='word_1_760' title='bbox 1996 2575 2096 2628; x_wconf 84' lang='grc' dir='ltr'>μέρος</span> <span class='ocrx_word' id='word_1_761' title='bbox 2117 2579 2176 2614; x_wconf 80' lang='grc' dir='ltr'>τοῦ</span> <span class='ocrx_word' id='word_1_762' title='bbox 2209 2578 2455 2630; x_wconf 81' lang='grc' dir='ltr'>περιέχοντος.</span> <span class='ocrx_word' id='word_1_763' title='bbox 2477 2580 2512 2617; x_wconf 79' lang='grc' dir='ltr'>ἐν</span> 
     </span>
     <span class='ocr_line' id='line_1_95' title="bbox 1469 2634 2514 2689; baseline 0.001 -15"><span class='ocrx_word' id='word_1_764' title='bbox 1469 2640 1496 2689; x_wconf 83' lang='grc' dir='ltr'>ᾧ</span> <span class='ocrx_word' id='word_1_765' title='bbox 1516 2635 1578 2683; x_wconf 80' lang='grc' dir='ltr'>τὴν</span> <span class='ocrx_word' id='word_1_766' title='bbox 1600 2635 1817 2687; x_wconf 83' lang='grc' dir='ltr'>εἷλικρίνειαν</span> <span class='ocrx_word' id='word_1_767' title='bbox 1840 2637 1928 2672; x_wconf 84' lang='grc' dir='ltr'>εἰναι</span> <span class='ocrx_word' id='word_1_768' title='bbox 1942 2638 2010 2672; x_wconf 84' lang='grc' dir='ltr'>τῶν</span> <span class='ocrx_word' id='word_1_769' title='bbox 2027 2634 2221 2687; x_wconf 87' lang='grc' dir='ltr'>στοιχείων,</span> <span class='ocrx_word' id='word_1_770' title='bbox 2240 2635 2429 2686; x_wconf 85' lang='grc' dir='ltr'>Ὄλυμπον</span> <span class='ocrx_word' id='word_1_771' title='bbox 2447 2653 2514 2675; x_wconf 84' lang='grc' dir='ltr'>κα-</span> 
     </span>
     <span class='ocr_line' id='line_1_96' title="bbox 1468 2688 2516 2748; baseline 0.001 -15.002"><span class='ocrx_word' id='word_1_772' title='bbox 1468 2696 1544 2743; x_wconf 82' lang='grc' dir='ltr'>λεῖ,</span> <span class='ocrx_word' id='word_1_773' title='bbox 1566 2693 1609 2732; x_wconf 81' lang='grc' dir='ltr'>τὰ</span> <span class='ocrx_word' id='word_1_774' title='bbox 1630 2693 1665 2732; x_wconf 83' lang='grc' dir='ltr'>δὲ</span> <span class='ocrx_word' id='word_1_775' title='bbox 1684 2694 1750 2732; x_wconf 76' lang='grc' dir='ltr'>ὑπὸ</span> <span class='ocrx_word' id='word_1_776' title='bbox 1771 2695 1833 2740; x_wconf 80' lang='grc' dir='ltr'>τὴν</span> <span class='ocrx_word' id='word_1_777' title='bbox 1854 2709 1913 2731; x_wconf 91' lang='grc' dir='ltr'>του</span> <span class='ocrx_word' id='word_1_778' title='bbox 1941 2693 2126 2742; x_wconf 84' lang='grc' dir='ltr'>Ολύμπου</span> <span class='ocrx_word' id='word_1_779' title='bbox 2155 2695 2288 2747; x_wconf 77' lang='grc' dir='ltr'>φοράν,</span> <span class='ocrx_word' id='word_1_780' title='bbox 2316 2695 2351 2732; x_wconf 80' lang='grc' dir='ltr'>ἐν</span> <span class='ocrx_word' id='word_1_781' title='bbox 2378 2688 2408 2748; x_wconf 74' lang='grc' dir='ltr'>ᾧ</span> <span class='ocrx_word' id='word_1_782' title='bbox 2435 2694 2516 2740; x_wconf 85' lang='grc' dir='ltr'>τους</span> 
     </span>
    </p>
   </div>
   <div class='ocr_carea' id='block_1_12' title="bbox 1473 2842 2518 3541">
    <p class='ocr_par' dir='ltr' id='par_1_21' title="bbox 1473 2842 2518 3541">
     <span class='ocr_line' id='line_1_97' title="bbox 1513 2842 2515 2888; baseline 0.002 -11"><span class='ocrx_word' id='word_1_783' title='bbox 1513 2849 1543 2877; x_wconf 89' lang='grc'>6.</span> <span class='ocrx_word' id='word_1_784' title='bbox 1564 2843 1725 2876; x_wconf 81' lang='lat' dir='ltr'><strong>Philolaus</strong></span> <span class='ocrx_word' id='word_1_785' title='bbox 1750 2843 1853 2884; x_wconf 83' lang='lat' dir='ltr'><strong>ignem</strong></span> <span class='ocrx_word' id='word_1_786' title='bbox 1883 2842 1913 2875; x_wconf 88' lang='lat' dir='ltr'><strong>in</strong></span> <span class='ocrx_word' id='word_1_787' title='bbox 1933 2843 2036 2875; x_wconf 89' lang='lat' dir='ltr'><strong>medio</strong></span> <span class='ocrx_word' id='word_1_788' title='bbox 2055 2843 2094 2875; x_wconf 83' lang='lat' dir='ltr'>ad</span> <span class='ocrx_word' id='word_1_789' title='bbox 2117 2845 2262 2876; x_wconf 80' lang='lat' dir='ltr'><strong>centrum</strong></span> <span class='ocrx_word' id='word_1_790' title='bbox 2284 2846 2388 2888; x_wconf 77' lang='lat' dir='ltr'><strong>ponit,</strong></span> <span class='ocrx_word' id='word_1_791' title='bbox 2415 2855 2515 2888; x_wconf 84' lang='lat' dir='ltr'><strong>quem</strong></span> 
     </span>
     <span class='ocr_line' id='line_1_98' title="bbox 1473 2893 2513 2945; baseline 0.003 -8"><span class='ocrx_word' id='word_1_792' title='bbox 1473 2904 1611 2937; x_wconf 85' lang='lat' dir='ltr'><strong>universi</strong></span> <span class='ocrx_word' id='word_1_793' title='bbox 1627 2893 1745 2937; x_wconf 56' lang='lat' dir='ltr'><strong>&#39;focum</strong></span> <span class='ocrx_word' id='word_1_794' title='bbox 1765 2903 1902 2945; x_wconf 81' lang='lat' dir='ltr'><strong>appellat</strong></span> <span class='ocrx_word' id='word_1_795' title='bbox 1929 2904 2086 2944; x_wconf 87' lang='lat' dir='ltr'><strong>Jovisqne</strong></span> <span class='ocrx_word' id='word_1_796' title='bbox 2102 2904 2299 2937; x_wconf 86' lang='lat' dir='ltr'><strong>domicilium</strong></span> <span class='ocrx_word' id='word_1_797' title='bbox 2325 2914 2363 2938; x_wconf 83' lang='lat' dir='ltr'>ac</span> <span class='ocrx_word' id='word_1_798' title='bbox 2378 2906 2513 2940; x_wconf 81' lang='lat' dir='ltr'><strong>deorum</strong></span> 
     </span>
     <span class='ocr_line' id='line_1_99' title="bbox 1473 2962 2514 3004; baseline 0.003 -8"><span class='ocrx_word' id='word_1_799' title='bbox 1473 2965 1607 2996; x_wconf 83' lang='lat' dir='ltr'><strong>matrem</strong></span> <span class='ocrx_word' id='word_1_800' title='bbox 1624 2971 1775 3004; x_wconf 81' lang='lat' dir='ltr'><strong>aramque</strong></span> <span class='ocrx_word' id='word_1_801' title='bbox 1789 2966 1822 2995; x_wconf 86' lang='lat' dir='ltr'><strong>et</strong></span> <span class='ocrx_word' id='word_1_802' title='bbox 1836 2962 1983 3003; x_wconf 85' lang='lat' dir='ltr'><strong>copulam</strong></span> <span class='ocrx_word' id='word_1_803' title='bbox 2001 2972 2040 2995; x_wconf 85' lang='lat' dir='ltr'><strong>ae</strong></span> <span class='ocrx_word' id='word_1_804' title='bbox 2057 2972 2239 2996; x_wconf 86' lang='lat' dir='ltr'><strong>mensuram</strong></span> <span class='ocrx_word' id='word_1_805' title='bbox 2254 2965 2390 2998; x_wconf 79' lang='lat' dir='ltr'><strong>naturae.</strong></span> <span class='ocrx_word' id='word_1_806' title='bbox 2405 2965 2514 2999; x_wconf 80' lang='lat' dir='ltr'><strong>Alium</strong></span> 
     </span>
     <span class='ocr_line' id='line_1_100' title="bbox 1473 3021 2516 3066; baseline 0.006 -12"><span class='ocrx_word' id='word_1_807' title='bbox 1473 3023 1587 3055; x_wconf 73' lang='lat' dir='ltr'><strong>deinde</strong></span> <span class='ocrx_word' id='word_1_808' title='bbox 1606 3031 1791 3064; x_wconf 83' lang='lat' dir='ltr'><strong>supremum</strong></span> <span class='ocrx_word' id='word_1_809' title='bbox 1804 3021 1907 3063; x_wconf 87' lang='lat' dir='ltr'><strong>ignem</strong></span> <span class='ocrx_word' id='word_1_810' title='bbox 1923 3021 1998 3053; x_wconf 76' lang='lat' dir='ltr'><strong>facit</strong></span> <span class='ocrx_word' id='word_1_811' title='bbox 2010 3031 2116 3054; x_wconf 83' lang='lat' dir='ltr'><strong>aerem</strong></span> <span class='ocrx_word' id='word_1_812' title='bbox 2139 3023 2248 3055; x_wconf 84' lang='lat' dir='ltr'><strong>omnia</strong></span> <span class='ocrx_word' id='word_1_813' title='bbox 2263 3025 2458 3066; x_wconf 75' lang='lat' dir='ltr'><strong>cingentem.</strong></span> <span class='ocrx_word' id='word_1_814' title='bbox 2474 3030 2516 3060; x_wconf 78' lang='lat' dir='ltr'>At</span> 
     </span>
     <span class='ocr_line' id='line_1_101' title="bbox 1473 3077 2516 3124; baseline 0.006 -11"><span class='ocrx_word' id='word_1_815' title='bbox 1473 3084 1587 3115; x_wconf 73' lang='lat' dir='ltr'><strong>natura</strong></span> <span class='ocrx_word' id='word_1_816' title='bbox 1599 3083 1737 3124; x_wconf 85' lang='lat' dir='ltr'><strong>primum</strong></span> <span class='ocrx_word' id='word_1_817' title='bbox 1750 3091 1818 3115; x_wconf 83' lang='lat' dir='ltr'><strong>esse</strong></span> <span class='ocrx_word' id='word_1_818' title='bbox 1841 3081 1886 3113; x_wconf 83' lang='lat' dir='ltr'><strong>ait</strong></span> <span class='ocrx_word' id='word_1_819' title='bbox 1910 3081 2051 3113; x_wconf 86' lang='lat' dir='ltr'><strong>medium</strong></span> <span class='ocrx_word' id='word_1_820' title='bbox 2062 3105 2071 3122; x_wconf 94' lang='lat'><strong>,</strong></span> <span class='ocrx_word' id='word_1_821' title='bbox 2088 3082 2172 3114; x_wconf 86' lang='lat' dir='ltr'><strong>circa</strong></span> <span class='ocrx_word' id='word_1_822' title='bbox 2192 3083 2278 3123; x_wconf 87' lang='lat' dir='ltr'><strong>quod</strong></span> <span class='ocrx_word' id='word_1_823' title='bbox 2297 3085 2410 3118; x_wconf 77' lang='lat' dir='ltr'><strong>decem</strong></span> <span class='ocrx_word' id='word_1_824' title='bbox 2422 3077 2516 3119; x_wconf 64' lang='lat' dir='ltr'><strong>odele-</strong></span> 
     </span>
     <span class='ocr_line' id='line_1_102' title="bbox 1473 3143 2517 3184; baseline 0.005 -9"><span class='ocrx_word' id='word_1_825' title='bbox 1473 3143 1533 3175; x_wconf 78' lang='lat' dir='ltr'>sua</span> <span class='ocrx_word' id='word_1_826' title='bbox 1551 3146 1717 3176; x_wconf 82' lang='lat' dir='ltr'><strong>versentur</strong></span> <span class='ocrx_word' id='word_1_827' title='bbox 1730 3151 1873 3184; x_wconf 86' lang='lat' dir='ltr'><strong>corpora,</strong></span> <span class='ocrx_word' id='word_1_828' title='bbox 1890 3143 2019 3183; x_wconf 84' lang='lat' dir='ltr'><strong>coelum,</strong></span> <span class='ocrx_word' id='word_1_829' title='bbox 2036 3143 2181 3182; x_wconf 78' lang='lat' dir='ltr'><strong>planetae,</strong></span> <span class='ocrx_word' id='word_1_830' title='bbox 2209 3145 2270 3183; x_wconf 83' lang='lat' dir='ltr'><strong>sol,</strong></span> <span class='ocrx_word' id='word_1_831' title='bbox 2281 3148 2318 3177; x_wconf 85' lang='lat' dir='ltr'><strong>-et</strong></span> <span class='ocrx_word' id='word_1_832' title='bbox 2335 3145 2423 3179; x_wconf 86' lang='lat' dir='ltr'><strong>luna.</strong></span> <span class='ocrx_word' id='word_1_833' title='bbox 2449 3148 2517 3180; x_wconf 88' lang='lat' dir='ltr'><strong>Sub</strong></span> 
     </span>
     <span class='ocr_line' id='line_1_103' title="bbox 1476 3202 2516 3245; baseline 0.007 -13"><span class='ocrx_word' id='word_1_834' title='bbox 1476 3202 1533 3234; x_wconf 80' lang='lat' dir='ltr'>hac</span> <span class='ocrx_word' id='word_1_835' title='bbox 1549 3212 1616 3235; x_wconf 88' lang='lat' dir='ltr'><strong>esse</strong></span> <span class='ocrx_word' id='word_1_836' title='bbox 1632 3205 1764 3242; x_wconf 81' lang='lat' dir='ltr'><strong>terram,</strong></span> <span class='ocrx_word' id='word_1_837' title='bbox 1778 3202 1838 3234; x_wconf 85' lang='lat' dir='ltr'><strong>sub</strong></span> <span class='ocrx_word' id='word_1_838' title='bbox 1850 3211 1953 3242; x_wconf 84' lang='lat' dir='ltr'><strong>eaque</strong></span> <span class='ocrx_word' id='word_1_839' title='bbox 1961 3203 2079 3234; x_wconf 82' lang='lat' dir='ltr'><strong>terram</strong></span> <span class='ocrx_word' id='word_1_840' title='bbox 2090 3202 2280 3244; x_wconf 77' lang='lat' dir='ltr'><strong>oppositam,</strong></span> <span class='ocrx_word' id='word_1_841' title='bbox 2294 3214 2333 3236; x_wconf 86' lang='lat' dir='ltr'>ac</span> <span class='ocrx_word' id='word_1_842' title='bbox 2352 3207 2516 3245; x_wconf 81' lang='lat' dir='ltr'><strong>postremo</strong></span> 
     </span>
     <span class='ocr_line' id='line_1_104' title="bbox 1475 3261 2515 3304; baseline 0.007 -13"><span class='ocrx_word' id='word_1_843' title='bbox 1475 3261 1578 3301; x_wconf 84' lang='lat' dir='ltr'><strong>iguem</strong></span> <span class='ocrx_word' id='word_1_844' title='bbox 1602 3263 1633 3294; x_wconf 90' lang='lat' dir='ltr'><strong>in</strong></span> <span class='ocrx_word' id='word_1_845' title='bbox 1651 3263 1760 3295; x_wconf 85' lang='lat' dir='ltr'><strong>centro</strong></span> <span class='ocrx_word' id='word_1_846' title='bbox 1782 3261 1841 3293; x_wconf 79' lang='lat' dir='ltr'><strong>soci</strong></span> <span class='ocrx_word' id='word_1_847' title='bbox 1855 3261 1956 3293; x_wconf 77' lang='lat' dir='ltr'><strong>instar</strong></span> <span class='ocrx_word' id='word_1_848' title='bbox 1978 3261 2088 3292; x_wconf 84' lang='lat' dir='ltr'><strong>situm.</strong></span> <span class='ocrx_word' id='word_1_849' title='bbox 2120 3265 2164 3294; x_wconf 84' lang='lat' dir='ltr'>Ac</span> <span class='ocrx_word' id='word_1_850' title='bbox 2185 3271 2366 3302; x_wconf 83' lang='lat' dir='ltr'><strong>supremam</strong></span> <span class='ocrx_word' id='word_1_851' title='bbox 2384 3264 2515 3304; x_wconf 87' lang='lat' dir='ltr'><strong>quidem</strong></span> 
     </span>
     <span class='ocr_line' id='line_1_105' title="bbox 1475 3309 2516 3363; baseline 0.003 -12"><span class='ocrx_word' id='word_1_852' title='bbox 1475 3321 1556 3352; x_wconf 80' lang='lat' dir='ltr'><strong>aeris</strong></span> <span class='ocrx_word' id='word_1_853' title='bbox 1564 3330 1621 3353; x_wconf 91' lang='lat' dir='ltr'><strong>nos</strong></span> <span class='ocrx_word' id='word_1_854' title='bbox 1628 3309 1796 3354; x_wconf 73' lang='lat' dir='ltr'><strong>ambientis</strong></span> <span class='ocrx_word' id='word_1_855' title='bbox 1804 3324 1936 3362; x_wconf 81' lang='lat' dir='ltr'><strong>partem,</strong></span> <span class='ocrx_word' id='word_1_856' title='bbox 1945 3329 2016 3360; x_wconf 81' lang='lat' dir='ltr'><strong>quae</strong></span> <span class='ocrx_word' id='word_1_857' title='bbox 2024 3330 2100 3361; x_wconf 87' lang='lat' dir='ltr'><strong>pura</strong></span> <span class='ocrx_word' id='word_1_858' title='bbox 2107 3321 2339 3361; x_wconf 75' lang='lat' dir='ltr'><strong>complectatur</strong></span> <span class='ocrx_word' id='word_1_859' title='bbox 2347 3322 2516 3363; x_wconf 83' lang='lat' dir='ltr'><strong>elementa,</strong></span> 
     </span>
     <span class='ocr_line' id='line_1_106' title="bbox 1477 3379 2516 3422; baseline 0.005 -13"><span class='ocrx_word' id='word_1_860' title='bbox 1477 3379 1650 3420; x_wconf 67' lang='lat' dir='ltr'><strong>Olympum</strong></span> <span class='ocrx_word' id='word_1_861' title='bbox 1673 3381 1786 3421; x_wconf 86' lang='lat' dir='ltr'><strong>vocat,</strong></span> <span class='ocrx_word' id='word_1_862' title='bbox 1800 3379 1860 3411; x_wconf 89' lang='lat' dir='ltr'><strong>sub</strong></span> <span class='ocrx_word' id='word_1_863' title='bbox 1877 3379 2013 3420; x_wconf 84' lang='lat' dir='ltr'><strong>Olympo</strong></span> <span class='ocrx_word' id='word_1_864' title='bbox 2025 3379 2171 3411; x_wconf 79' lang='lat' dir='ltr'><strong>celeriter</strong></span> <span class='ocrx_word' id='word_1_865' title='bbox 2190 3381 2280 3411; x_wconf 90' lang='lat' dir='ltr'><strong>moto</strong></span> <span class='ocrx_word' id='word_1_866' title='bbox 2292 3382 2400 3412; x_wconf 84' lang='lat' dir='ltr'><strong>autem</strong></span> <span class='ocrx_word' id='word_1_867' title='bbox 2425 3380 2495 3414; x_wconf 80' lang='lat' dir='ltr'><strong>loca</strong></span> <span class='ocrx_word' id='word_1_868' title='bbox 2506 3405 2516 3422; x_wconf 91' lang='lat'><strong><em>‚</em></strong></span> 
     </span>
     <span class='ocr_line' id='line_1_107' title="bbox 1477 3437 2517 3481; baseline 0.004 -13"><span class='ocrx_word' id='word_1_869' title='bbox 1477 3446 1550 3477; x_wconf 80' lang='lat' dir='ltr'><strong>quoe</strong></span> <span class='ocrx_word' id='word_1_870' title='bbox 1561 3438 1698 3478; x_wconf 81' lang='lat' dir='ltr'><strong>planetae</strong></span> <span class='ocrx_word' id='word_1_871' title='bbox 1716 3438 1859 3480; x_wconf 82' lang='lat' dir='ltr'><strong>quinque</strong></span> <span class='ocrx_word' id='word_1_872' title='bbox 1881 3447 1955 3470; x_wconf 87' lang='lat' dir='ltr'>cum</span> <span class='ocrx_word' id='word_1_873' title='bbox 1968 3437 2035 3470; x_wconf 87' lang='lat' dir='ltr'><strong>sole</strong></span> <span class='ocrx_word' id='word_1_874' title='bbox 2049 3440 2082 3471; x_wconf 80' lang='lat' dir='ltr'><strong>et</strong></span> <span class='ocrx_word' id='word_1_875' title='bbox 2093 3437 2170 3470; x_wconf 82' lang='lat' dir='ltr'><strong>luna</strong></span> <span class='ocrx_word' id='word_1_876' title='bbox 2185 3441 2325 3479; x_wconf 81' lang='lat' dir='ltr'><strong>teneant,</strong></span> <span class='ocrx_word' id='word_1_877' title='bbox 2342 3440 2517 3481; x_wconf 88' lang='lat' dir='ltr'><strong>mundum;</strong></span> 
     </span>
     <span class='ocr_line' id='line_1_108' title="bbox 1477 3496 2518 3541; baseline 0.006 -14"><span class='ocrx_word' id='word_1_878' title='bbox 1477 3496 1537 3528; x_wconf 88' lang='lat' dir='ltr'><strong>sub</strong></span> <span class='ocrx_word' id='word_1_879' title='bbox 1552 3496 1604 3530; x_wconf 84' lang='lat' dir='ltr'><strong>his</strong></span> <span class='ocrx_word' id='word_1_880' title='bbox 1619 3506 1695 3530; x_wconf 82' lang='lat' dir='ltr'><strong>vero</strong></span> <span class='ocrx_word' id='word_1_881' title='bbox 1721 3498 1788 3531; x_wconf 78' lang='lat' dir='ltr'><strong>loca</strong></span> <span class='ocrx_word' id='word_1_882' title='bbox 1806 3498 1890 3531; x_wconf 84' lang='lat' dir='ltr'><strong>lunae</strong></span> <span class='ocrx_word' id='word_1_883' title='bbox 1918 3497 2062 3538; x_wconf 81' lang='lat' dir='ltr'><strong>subjecta</strong></span> <span class='ocrx_word' id='word_1_884' title='bbox 2081 3507 2117 3530; x_wconf 86' lang='lat' dir='ltr'>ac</span> <span class='ocrx_word' id='word_1_885' title='bbox 2136 3499 2321 3540; x_wconf 73' lang='lat' dir='ltr'><strong>terrestria,</strong></span> <span class='ocrx_word' id='word_1_886' title='bbox 2344 3499 2376 3532; x_wconf 85' lang='lat' dir='ltr'>iu</span> <span class='ocrx_word' id='word_1_887' title='bbox 2400 3499 2518 3541; x_wconf 80' lang='lat' dir='ltr'><strong>quibus</strong></span> 
     </span>
    </p>
   </div>
  </div>
 </body>
</html>
