2606 3828
307 252 325 282 2
338 253 347 283 t
360 252 379 283 2
1022 239 1284 280 CHALCIDII
1320 239 1736 281 COMMENTARIUS

306 335 475 376 inquilinos
487 358 496 374 ,
509 333 556 374 agi
572 334 683 364 mutuo
698 331 894 363 commeatus
912 337 919 356 ε
944 328 1081 360 mediam
1103 327 1215 359 mundi
1235 326 1344 360 sedem

305 392 514 425 incolentibus
553 390 761 432 potestatibus
785 387 974 428 obsequium
999 387 1079 418 coelo
1108 385 1343 427 praebentibus,

303 455 398 486 ctiam
416 455 538 486 terrena
552 451 735 484 curantibus
749 462 756 482 :
775 458 845 488 quse
860 449 1030 489 potestates
1047 447 1177 479 aetherei
1196 446 1344 487 aereique

303 514 379 544 sunt
395 512 574 550 daemones,
593 508 705 541 remoti
722 517 740 539 a
752 507 823 538 visu
842 507 967 544 nostro,
985 508 1016 538 et
1039 504 1163 538 caeteris
1179 504 1341 546 sensibus,

302 571 378 611 quia
405 578 537 611 corpora
562 577 674 601 eorum
705 575 806 607 neque
830 566 953 597 tantum
983 564 1063 604 ignis
1091 563 1209 597 habent
1229 565 1265 597 ut
1280 564 1344 596 sint

302 630 480 672 perspicua,
501 638 603 670 neque
622 630 746 660 tantum
767 628 859 658 terrae
873 649 881 665 ,
896 627 932 657 ut
954 625 1099 658 soliditas
1115 633 1226 658 eorum
1244 625 1343 658 tactui

302 686 471 725 renitatur,
486 687 618 725 totaque
637 692 748 716 eorum
765 690 920 722 compago
935 690 973 713 ex
999 681 1127 713 aetheris
1152 681 1341 723 serenitate,

301 746 333 777 et
361 745 443 776 aeris
471 744 611 784 liquore,
651 750 793 773 connexa
828 739 1081 772 indissolubilem
1110 740 1345 781 coagmentavit

301 802 511 843 superficiem.
527 804 569 833 Ex
585 809 648 840 quo
660 798 801 830 nonnulli
817 797 976 838 regionem
989 797 1072 829 hanc
1086 798 1228 830 nostram
1238 798 1342 836 Ἅιδην

301 863 429 900 merito,
453 860 537 902 quod
558 860 598 891 sit
613 859 733 898 ἀειδής,
754 858 814 889 hoc
829 860 897 897 est,
911 857 1066 898 obscura,
1084 856 1341 898 cognominatam

300 920 423 961 putant.
441 918 557 950 Multos
576 926 669 957 porro
686 924 755 948 esse
771 915 935 946 daemonas
955 914 1051 947 etiam
1072 913 1213 947 Hesiodo
1226 914 1340 955 placet.

299 979 351 1011 Ait
370 978 453 1009 enim
471 980 518 1008 ter
545 984 615 1007 esse
640 983 751 1006 eorum
781 973 892 1006 decem
922 973 1019 1005 millia
1041 981 1161 1013 eosque
1183 981 1254 1005 esse
1276 974 1343 1005 tam

297 1036 330 1067 in
351 1034 502 1075 obsequio
528 1033 603 1073 Dei,
623 1041 719 1073 quam
736 1031 767 1063 in
787 1031 920 1063 tutelam
942 1030 1150 1071 mortalium;
1186 1039 1250 1062 non
1277 1039 1343 1063 cer-

299 1097 363 1126 tam
389 1101 548 1124 summam
572 1090 745 1123 conficiens
775 1089 899 1122 numeri
927 1098 1061 1128 eorum,
1091 1088 1148 1121 sed
1167 1088 1259 1128 juxta
1277 1089 1342 1120 vim

299 1151 381 1193 pleni
394 1151 524 1183 ‘numeri
541 1150 637 1182 trium
649 1173 658 1189 ‚
677 1148 866 1189 mulplicans
884 1148 995 1180 decem
1010 1147 1119 1180 millia.

338 1211 508 1243 CXXXIV.
537 1209 607 1241 Erit
632 1216 708 1248 ergo
737 1206 879 1239 definitio
898 1206 1055 1239 daemonis
1081 1206 1181 1239 talis:
1200 1209 1341 1239 Doemon

297 1271 348 1302 est
359 1268 493 1302 animal
503 1267 733 1306 rationabile,
745 1254 959 1305 immortale,
965 1265 1125 1307 patibile,
1136 1265 1338 1302 «aethereum,

297 1329 518 1369 diliqentiam
539 1326 733 1359 hominibus
761 1327 976 1366 imperciens.
1034 1324 1177 1357 Animal
1198 1325 1341 1365 quidem,

297 1388 370 1429 quia
381 1390 430 1420 est
443 1387 550 1419 anima
561 1394 695 1426 corpore
711 1386 822 1425 utens;
844 1383 1054 1416 rationabile
1068 1392 1157 1423 vero,
1175 1384 1251 1424 quia
1267 1393 1339 1424 pru-

296 1445 375 1478 dens
394 1441 405 1478 ι’
421 1444 617 1477 immortale
637 1452 732 1484 porro
745 1467 754 1482 ,
771 1442 845 1482 quia
858 1450 923 1473 non
941 1442 1044 1473 mutat
1063 1449 1178 1482 corpus
1195 1440 1282 1473 aliud
1300 1449 1341 1473 ex

297 1505 379 1544 alio,
394 1505 448 1536 sed
467 1503 583 1536 eodem
605 1501 842 1543 semper-utitur
868 1513 877 1533 z
895 1500 1040 1541 patibile
1056 1508 1153 1540 vero,
1171 1503 1342 1541 propterea

297 1564 374 1605 quia
390 1562 549 1595 consulit:
568 1570 672 1603 neque
692 1560 777 1593 enim
792 1560 933 1592 delectus
953 1559 1065 1591 haberi
1086 1559 1190 1600 potest
1207 1558 1277 1590 sine
1293 1558 1340 1589 af-

296 1623 399 1655 fectus
412 1622 629 1663 perpessione:
643 1619 831 1653 aethereum
842 1620 918 1652 item
929 1628 969 1651 ex
982 1619 1064 1659 loco,
1073 1619 1124 1650 vel
1139 1627 1177 1650 ex
1189 1619 1341 1659 qualitate

295 1682 436 1722 corporis
449 1705 459 1722 ‚
477 1681 738 1721 cognominatum
765 1691 773 1710 :
807 1679 1029 1718 diliqentiam
1050 1687 1126 1710 vero
1146 1676 1339 1710 hominibus

295 1741 511 1781 impertiens,
533 1739 660 1780 propter
678 1738 737 1769 Dei
759 1737 978 1776 voluntalem,
1000 1735 1055 1776 qui
1069 1734 1220 1768 custodes
1236 1734 1338 1767 dedit.

294 1799 413 1831 Eadem
428 1798 496 1830 haec
509 1798 568 1830 erit
580 1796 723 1829 delinitio
737 1795 818 1829 aerei
833 1803 962 1837 quoque
976 1794 1134 1827 daemonis
1150 1802 1158 1822 :
1176 1794 1237 1826 nisi
1252 1793 1340 1835 quod

297 1858 349 1890 hic
362 1858 394 1889 in
410 1866 482 1890 aere
501 1856 668 1896 mansitat,
694 1856 728 1887 et
749 1856 870 1896 quanto
889 1856 938 1887 est
950 1855 1044 1886 terrae
1061 1852 1279 1895 propinquior,
1301 1861 1340 1885 eo

300 1915 439 1957 passioni
452 1915 586 1947 affectus
607 1913 891 1946 accommodatior.
911 1912 1037 1953 Reliqui
1056 1912 1220 1944 daemones
1235 1919 1340 1952 neque

295 1976 339 2007 ita
359 1974 560 2016 probabiles,
571 1981 675 2014 neque
687 1973 729 2004 ita
743 1971 917 2011 commodi,
937 1980 995 2004 nec
1007 1971 1181 2003 invisibiles
1193 1979 1320 2011 semper
1327 1982 1338 2012 ς

294 2034 351 2066 sed
368 2033 529 2066 interdum
546 2030 824 2072 contemplabiles,
844 2039 918 2062 cum
937 2030 971 2062 in
991 2029 1133 2062 diversas
1149 2029 1338 2062 convertun-

294 2095 347 2124 tur
363 2092 479 2133 figuras
495 2103 503 2123 ε
519 2090 727 2131 exsanguium
744 2097 872 2130 quoque
883 2089 1127 2121 simulacrorum
1144 2088 1339 2120 umbraticas
1350 2106 1358 2114 ·

295 2152 414 2184 formas
433 2151 622 2190 induuntur,
637 2149 726 2182 obesi
740 2149 882 2190 corporis
899 2148 1040 2180 illuviem
1057 2147 1231 2188 trahentes,
1253 2156 1339 2188 saepe

294 2212 391 2244 etiam
413 2210 569 2243 scelerum
583 2211 614 2242 et
627 2207 800 2249 impietatis
816 2207 948 2246 ultores,
960 2207 1051 2247 juxta
1066 2206 1203 2247 justitiae
1221 2206 1338 2238 divinae

295 2269 493 2301 sanctionem
517 2277 526 2300 ε
545 2268 627 2300 ultro
644 2267 741 2299 etiam
760 2266 948 2306 plerumque
965 2265 1097 2297 laedunt.
1153 2266 1339 2304 Tanguntur

294 2329 379 2361 enim
393 2337 430 2360 ex
447 2327 562 2360 vicinia
576 2328 669 2358 terroe
686 2328 813 2358 terrena
833 2324 976 2363 libidine,
999 2323 1182 2364 habentque
1206 2323 1337 2355 nimiam
1368 2347 1370 2357 2

294 2397 368 2419 cum
385 2387 464 2418 silva
484 2384 755 2425 communionem,
776 2392 872 2424 quam
898 2382 1072 2422 malignam
1093 2381 1233 2421 animam
1249 2382 1338 2414 vete-

296 2455 345 2477 res
359 2445 523 2478 vocabant.
569 2445 633 2476 Hos
651 2442 793 2484 quidam,
814 2443 846 2474 et
858 2440 1042 2482 hujusmodi
1062 2441 1241 2482 daemonas,
1263 2449 1337 2480 pro-

296 2505 364 2545 prie
384 2504 499 2535 vocant
521 2503 699 2534 desertores
720 2500 862 2541 angelos,
887 2499 1006 2541 quibus
1024 2498 1112 2531 nulla
1132 2499 1267 2540 quaestio
1288 2507 1338 2531 re-

297 2562 424 2593 ferenda
444 2562 494 2592 est
511 2569 607 2601 super
621 2559 761 2591 nomine.

337 2620 491 2651 CXXXV.
517 2619 660 2659 Plerique
673 2619 780 2654 tamen
794 2625 833 2649 ex
849 2616 992 2648 Platonis
1009 2616 1204 2656 magisterio,
1219 2615 1338 2648 daemo-

296 2687 354 2710 nas
375 2679 499 2718 putant,
523 2677 646 2708 animas
662 2685 815 2717 corporeo
834 2684 966 2708 munere
984 2675 1132 2707 liberatas
1158 2683 1169 2706 z
1191 2674 1336 2706 laudabi-

296 2737 374 2768 lium
398 2743 529 2777 quoque'
544 2735 684 2770 virorum
709 2735 866 2767 aethereos
897 2734 1085 2774 daemonas,
1113 2733 1335 2774 improborum

297 2804 375 2827 vero
388 2796 537 2827 nocentes
551 2818 560 2835 ,
584 2795 776 2834 easdemque
789 2793 912 2825 animas
927 2801 1011 2825 anno
1027 2792 1158 2825 demum
1169 2791 1338 2824 millesimo

297 2856 458 2887 terrenum
476 2861 594 2893 corpus
613 2861 783 2884 resumere.
856 2851 1133 2892 Empedoclesque
1161 2860 1226 2883 non
1247 2850 1339 2883 aliter

299 2914 458 2954 longaevos
477 2912 645 2945 daemonas
665 2911 731 2941 sieri
752 2911 809 2941 has
835 2910 956 2942 animas
979 2911 1080 2951 putat.
1142 2909 1338 2950 Pythagoras

297 2972 394 3003 etiam
412 2970 442 3002 in
460 2971 528 3002 suis
544 2970 647 3002 aureis
660 2968 806 3001 versibus
825 2977 833 2996 ι

369 3078 504 3113 Corpore
519 3075 657 3112 deposito
674 3081 745 3104 cnm
761 3058 838 3103 liber
852 3074 890 3103 ad
908 3074 1021 3103 aethera
1040 3081 1157 3111 perges,

367 3130 478 3160 evades
493 3129 648 3158 hominem
663 3127 758 3157 tactus
771 3127 845 3156 deus
856 3127 979 3156 aetheris
996 3127 1082 3157 almi.

299 3220 423 3258 Quibus
444 3219 534 3251 Plato
558 3217 738 3250 consentire
758 3216 889 3248 minime
916 3215 1060 3254 videtur,
1078 3224 1153 3247 cum
1174 3215 1207 3247 in
1225 3216 1337 3248 Politia

298 3278 424 3319 tyranni
443 3278 581 3309 animam
596 3276 670 3312 tacit
689 3275 865 3307 excruciari
883 3277 955 3315 post
967 3276 1102 3306 mortem
1116 3274 1156 3306 ab
1166 3274 1336 3314 ultoribus,

298 3348 336 3370 ex
355 3347 418 3378 quo
435 3337 564 3376 apparet
580 3335 675 3367 aliam
689 3343 760 3367 esse
777 3334 929 3373 animam,
945 3334 1041 3365 alium
1060 3333 1239 3365 daemonem
1260 3345 1268 3365 :
1289 3334 1337 3365 si·

300 3395 426 3436 quidem
443 3395 528 3436 quod
550 3394 721 3434 cruciatur,
738 3394 770 3425 et
784 3393 860 3425 item
881 3392 964 3433 quod
981 3392 1114 3431 cruciat,
1129 3392 1254 3424 diversa
1268 3401 1338 3425 esse

301 3462 429 3486 neeesse
445 3453 496 3485 sit.
541 3451 701 3492 Quodque
715 3451 830 3493 -opitex
853 3453 940 3484 Deus
964 3454 1037 3483 ante
1057 3449 1220 3483 doemonas
1241 3450 1335 3482 insti-

1403 328 1477 370 tuit,
1491 338 1588 370 quarn
1605 330 1731 362 nostras
1748 329 1871 361 animas
1896 329 2035 370 creavit,
2055 329 2206 372 quodque
2226 329 2285 362 lias
2306 329 2447 371 indigere

1403 386 1525 419 auxilio
1556 387 1758 429 daemonum,
1793 387 1842 419 his
1870 388 2007 421 voluerit
2032 388 2105 422 illos
2130 388 2273 431 praebere
2298 389 2444 423 tutelam.

1404 445 1567 483 Quasdam
1586 447 1695 480 tamen
1721 446 1864 488 animas,
1891 456 1964 488 ηοω
1984 447 2083 480 vitam
2106 448 2224 481 eximie
2247 456 2302 489 per
2329 446 2447 480 trinam

1403 503 1695 546 incorporationem
1715 505 1848 547 egerint,
1867 506 1996 538 virtutis
2019 506 2132 539 merito
2148 506 2261 547 aereiS,
2285 505 2335 539 vel
2349 505 2448 538 etiam

1402 562 1570 604 aethereis,
1585 563 1683 605 plagis
1703 564 1883 598 consecrari
1907 566 2017 606 putat,
2041 574 2060 597 a
2085 566 2272 599 necessitate
2297 565 2446 606 incorpo-

1403 617 1536 654 rationis
1554 622 1727 655 immunes.

1444 683 1616 715 CXXXVI.
1655 684 1816 716 Hactenus
1840 684 1880 717 de
1897 683 2009 717 natura
2022 684 2227 725 diemonum,
2264 683 2382 718 deiude
2404 683 2447 717 de

1402 740 1587 773 mortalium
1618 749 1731 782 genere
1767 741 1910 776 disserit.
1970 745 2014 776 Ac
2042 743 2145 784 primo
2178 742 2219 776 de
2243 741 2447 784 hominibus,

1401 807 1578 840 eorumque
1607 800 1748 840 ipsorum
1765 809 1844 833 sexu
1871 801 1970 842 virili,
1989 801 2209 834 rationabilem
2235 803 2377 843 partem,
2392 800 2448 834 ‹lu-

1403 858 1476 899 plici
1499 859 1622 891 virtute
1647 859 1815 899 praeditam
1845 860 1983 898 docens:
2007 862 2137 894 alteram
2155 870 2230 903 quae
2249 860 2449 903 contempla-

1404 919 1472 957 tur,
1512 917 1644 950 eandem
1679 926 1823 959 semper,
1861 918 2160 961 immutabilemque
2196 922 2367 962 naturam,
2407 928 2446 953 ex

1402 984 1464 1017 qua
1477 975 1652 1008 intentione
1665 976 1781 1008 mentis
1796 977 1990 1010 convalescit
2012 979 2166 1020 sapientia
2184 988 2191 1007 ε
2217 979 2351 1012 alteram
2367 978 2444 1011 item

1402 1043 1475 1075 quae
1501 1034 1704 1066 mutabilium
1730 1037 2017 1077 generatorumque
2031 1037 2192 1078 opinatrix
2208 1039 2276 1078 est,
2289 1037 2341 1070 cui
2357 1045 2447 1079 pru·

1404 1093 1527 1125 dentiae
1539 1092 1730 1125 vocabulum
1744 1093 1903 1134 congruit.
1918 1094 2095 1134 Utramque
2112 1102 2207 1135 porro
2228 1093 2310 1127 hane
2329 1094 2448 1127 animae

1402 1152 1575 1192 potentiam
1605 1160 1624 1183 a
1650 1160 1796 1190 summo,
1821 1153 1855 1184 et
1891 1151 2082 1193 intelligibili
2106 1153 2176 1185 Deo
2200 1152 2279 1185 dicit
2308 1151 2448 1185 universi

1402 1209 1542 1249 reoporis
1561 1210 1685 1248 mundi,
1702 1209 1824 1243 sensilis
1837 1197 1999 1252 videlicet,
2017 1210 2134 1243 animae
2154 1210 2264 1243 datam
2283 1219 2293 1240 ε
2316 1210 2450 1244 eaeteras

1371 1302 1374 1308 ,
1402 1269 1522 1301 ratione
1548 1270 1711 1308 carentes,
1734 1273 1767 1301 et
1791 1268 1960 1310 occiduas,
1987 1269 2105 1302 animae
2131 1269 2311 1311 portiones,
2336 1268 2369 1302 id
2397 1272 2448 1302 eet

1401 1328 1577 1369 appetitum
1594 1336 1745 1360 sensuum
1757 1352 1765 1368 ,
1785 1327 1957 1360 Iocularem
1972 1329 2097 1361 motum
2108 1352 2118 1368 ,
2135 1337 2199 1369 quo
2216 1336 2356 1370 quaeque
2373 1336 2446 1361 eor-

1400 1395 1479 1427 pora
1507 1386 1716 1426 nutriuntur,
1730 1387 1901 1427 totumque
1922 1395 2060 1428 corpus,
2082 1387 2174 1428 jussu
2193 1388 2225 1420 et
2245 1375 2460 1420 ordinatione

1400 1444 1563 1477 architecti
1606 1445 1682 1484 Dei,
1704 1454 1723 1477 a
1739 1445 1896 1486 generatis
1911 1446 2036 1487 abipso
2053 1440 2264 1487 potestatibus
2287 1445 2448 1487 assignata

1401 1514 1472 1538 esse
1499 1505 1706 1546 mortalibus;
1730 1508 1909 1547 propterea,
1929 1514 1968 1538 ne
1995 1506 2023 1538 si
2049 1506 2119 1539 haee
2139 1506 2236 1539 etiam
2246 1506 2295 1539 ‚ab
2311 1506 2446 1548 opifice,

1399 1567 1432 1597 et
1455 1563 1663 1605 intelligibili,
1686 1565 1754 1596 Deo
1771 1564 1884 1605 terent,
1909 1565 2004 1597 unius
2023 1566 2128 1598 essent
2147 1565 2286 1598 sortunae
2314 1565 2444 1605 omnia3

1399 1621 1699 1663 immortalibusque
1725 1622 1952 1655 exsistentibus
1986 1623 2132 1662 cunetis,
2150 1622 2239 1656 nullo
2267 1623 2445 1656 exsistente

1398 1680 1525 1713 mortali
1541 1680 1675 1720 semine,
1700 1680 1892 1713 claudicaret
1908 1681 2126 1715 universitatis
2143 1681 2306 1723 perfectio,
2320 1690 2398 1715 cum
2413 1681 2447 1715 in

1399 1740 1591 1780 exemplari,
1614 1739 1676 1771 hoc
1694 1741 1744 1772 est
1768 1735 1959 1781 intelligibili
1979 1741 2122 1781 mundo,
2139 1740 2299 1774 inferioris
2320 1743 2445 1774 natum

1400 1798 1524 1830 semina
1540 1798 1778 1839 intelliglbiliter
1799 1799 1934 1833 exstent.

1440 1858 1631 1889 CXXXVII.
1670 1856 1847 1889 Videamus
1879 1865 1967 1889 nunc
1998 1857 2154 1898 sermonis
2185 1859 2324 1892 textum.
2386 1860 2446 1892 Dii

1400 1916 1560 1958 deorum,
1575 1924 1723 1959 quorum
1737 1915 1828 1948 idem
1843 1914 1963 1959 opifex
1971 1918 2150 1958 paterque
2169 1925 2240 1958 eqo.
2263 1917 2446 1950 Dramatic&

1398 1978 1447 2008 est
1466 1976 1605 2017 Dialogi,
1623 1975 1711 2017 quod
1730 1976 1772 2007 ad
1791 1975 2029 2016 dispositionem
2043 1977 2190 2016 pertinet,
2208 1975 2414 2008 adumbratio
2431 1985 2440 2008 :

1399 2043 1504 2066 sermo
1535 2043 1610 2067 vero
1637 2034 1750 2075 speciei
1771 2033 1978 2074 augustioris.
2033 2035 2133 2067 Decet
2157 2034 2298 2076 denique
2325 2034 2388 2067 hoc
2407 2034 2442 2067 in

1397 2102 1510 2133 genere
1533 2092 1678 2124 trationis
1699 2101 1889 2125 arcanorum
1912 2092 2130 2133 interpretatio
2152 2093 2313 2126 fabulosa.
2355 2093 2441 2127 Nihil

1397 2159 1472 2192 ergo
1503 2149 1763 2183 inconvenienter
1798 2150 1870 2183 tacit
1889 2151 2017 2190 auctor,
2050 2150 2134 2191 quod
2164 2152 2310 2192 opificem
2336 2152 2440 2184 Deum

1397 2209 1521 2241 inducit
1551 2209 1814 2249 concionantem,
1842 2208 2104 2250 sancientemque
2126 2218 2146 2241 a
2172 2217 2208 2241 se
2222 2208 2350 2250 genitis,
2364 2217 2442 2250 quoe

1368 2273 1370 2285 ¹
1398 2268 1559 2301 observari
1587 2267 1703 2308 vellet,
1730 2267 1840 2299 multis
1866 2266 2053 2299 rationibus.
2097 2267 2207 2300 Primo
2239 2267 2445 2300 recreationis

1397 2326 1568 2367 legentium
1598 2334 1711 2364 causa,
1742 2325 1860 2366 quippe
1897 2334 1950 2358 res
1966 2325 2126 2366 difficilis,
2154 2315 2260 2367 lepido
2297 2334 2445 2359 sermone

1398 2387 1547 2427 condita,
1567 2386 1689 2418 facilius
1703 2385 1743 2417 ad
1763 2385 1874 2417 intima
1891 2385 2006 2418 mentis
2021 2385 2202 2418 admittitur
2217 2394 2227 2414 ι
2245 2385 2363 2418 deinde
2376 2386 2443 2418 ino·

1398 2446 1513 2487 pinatae
1535 2444 1701 2477 locutionis
1718 2444 1872 2483 varietas,
1898 2443 2000 2476 mixta
2018 2443 2185 2485 religioni,
2202 2443 2302 2485 raptis
2327 2443 2444 2476 animis

1396 2505 1437 2537 ad
1473 2504 1642 2545 imaginem
1673 2502 1912 2543 concionantis,
1937 2505 2126 2543 praesentem
2156 2502 2299 2535 laborem
2330 2503 2443 2536 sentiri

1396 2575 1461 2598 non
1485 2564 1570 2598 sinit.
1623 2565 1705 2596 Tum
1735 2563 1915 2595 immutatio
1950 2563 2142 2604 magisterii,
2175 2571 2261 2595 novo
2293 2547 2444 2596 instituto
2475 2601 2479 2604 .

1396 2623 1501 2665 operis
1529 2622 1679 2660 exordio,
1713 2630 1813 2653 novas
1851 2621 1934 2652 vires
1973 2621 2090 2653 excitat
2118 2620 2276 2654 audientis
2304 2629 2314 2649 ι
2339 2620 2459 2662 εἰᾳυίω.

1398 2683 1472 2716 dem
1487 2683 1519 2714 et
1535 2681 1641 2714 delicit
1657 2680 1762 2712 omnis
1786 2680 1912 2712 auditor
1934 2679 2087 2712 adversus
2112 2680 2294 2712 molestiam
2316 2680 2441 2712 unitor·

1397 2744 1459 2776 mis
1487 2741 1631 2783 eloquii;
1663 2749 1757 2782 porro
1787 2740 1937 2772 attentior
1972 2740 2025 2779 tit,
2052 2748 2128 2772 cum
2152 2748 2246 2772 novae
2272 2747 2345 2781 spes
2375 2739 2443 2773 dis-

1398 2801 1563 2843 positionis
1586 2799 1773 2832 ostenditur.
1817 2801 1886 2831 }Ioc
1914 2798 1947 2830 in
1975 2798 2047 2830 loco
2067 2784 2230 2840 dogmata*
2252 2798 2351 2831 etiam
2383 2807 2442 2832 sua

1395 2860 1540 2893 studiose
1556 2859 1683 2898 asserit,
1707 2859 1742 2890 ut
1765 2866 1829 2890 non
1855 2858 1922 2889 tam
1939 2866 1957 2888 a
1984 2866 2019 2889 se
2035 2857 2188 2898 inventa,
2214 2865 2311 2898 quam
2330 2865 2350 2889 a
2373 2858 2442 2891 Deo

1397 2919 1566 2960 praedicta,
1581 2918 1760 2950 videantur.
1806 2915 1962 2948 Praedicta
1979 2918 2097 2957 autem,
2120 2924 2185 2948 non
2200 2915 2256 2948 illo
2277 2924 2440 2956 sermone,

1396 2979 1452 3019 qui
1468 2979 1516 3011 est
1530 2977 1656 3018 positus
1673 2976 1705 3008 in
1722 2983 1802 3007 sono
1820 2975 1907 3006 vocis
1922 2999 1930 3014 ,
1951 2975 1990 3006 ad
2007 2974 2217 3006 declarandos
2239 2977 2347 3007 motus
2362 2973 2439 3006 inti-

1397 3046 1482 3079 mos,
1495 3037 1626 3078 propter
1640 3035 1791 3068 humanae
1807 3033 1925 3066 mentis
1941 3033 2107 3065 involucra
2122 3040 2130 3065 :
2152 3035 2235 3066 Deus
2247 3033 2334 3066 enim
2351 3032 2440 3065 nullo

1396 3095 1563 3128 obstaculo
1575 3092 1734 3136 prohiberi
1744 3093 1848 3133 potest
1856 3087 1896 3123 ab
1904 3091 2066 3123 intellectu
2077 3090 2278 3131 scientiaque
2289 3090 2436 3122 omnium

1397 3163 1503 3187 rerum
1521 3154 1588 3195 lege
1606 3153 1714 3185 divina
1725 3175 1735 3192 ‚
1749 3159 1846 3192 quam
1862 3150 1954 3182 Plato
1966 3148 2186 3182 inevitabilem
2207 3148 2345 3190 appellat
2362 3157 2438 3189 pro-

1371 3203 1375 3207 ⁴
1397 3213 1633 3253 mulgationem.

1438 3273 1649 3305 cxxxvnl.
1682 3270 1768 3309 Quid
1787 3278 1861 3310 ergo
1882 3269 1959 3302 dicit
1973 3270 2084 3302 Deus?
2099 3267 2150 3301 Dii
2169 3266 2334 3307 deorum,
2353 3275 2439 3309 quo-

1396 3339 1476 3364 rum
1492 3330 1583 3363 idem
1604 3329 1723 3372 opifex
1736 3331 1908 3371 paterque
1929 3336 2001 3369 eqo.
2058 3326 2231 3365 Praeclare,
2260 3326 2335 3358 facit
2350 3325 2436 3358 enim

1397 3401 1501 3432 regem
1519 3390 1729 3432 optimatibus
1756 3389 1963 3428 sancientem,
1987 3389 2022 3420 ut
2038 3388 2087 3419 lex
2102 3386 2165 3418 illis
2182 3386 2257 3419 data
2281 3386 2375 3419 etiam
2395 3385 2435 3418 ad

1396 3453 1527 3483 caeteras
1544 3449 1718 3491 potestates
1731 3471 1741 3490 ,
1765 3451 1863 3489 atque
1890 3447 2033 3487 animas,
2057 3446 2268 3486 commearet3
2287 3445 2434 3486 opificem
