2638 3840
309 250 385 283 200
1041 241 1303 280 CHALCiDll
1334 241 1741 283 coalaiiintrrtmus

306 387 496 426 portionum,
511 386 817 426 repraesentatusque
830 384 957 416 demum
971 383 1002 414 iu
1019 394 1044 420 ε,
1057 382 1146 414 (inito
1159 383 1343 414 anniversa-

305 444 351 476 rio
379 444 542 483 anfractu,
562 444 579 475 δ
608 455 630 475 α
653 443 807 475 ambitum
835 444 962 483 putatur
990 450 1158 482 emensus,
1188 440 1344 482 aequalem

303 503 427 536 caeteris
442 502 568 543 iniquo,
590 504 621 534 et
638 502 763 541 impari,
784 509 912 541 gressu3
934 509 991 532 uec
1012 501 1044 532 in
1070 510 1085 532 ε
1111 500 1279 532 exordium
1296 500 1345 532 sui

303 561 411 593 circuli
426 562 687 602 repraesentatus,
707 560 761 591 scd
782 559 812 590 iu
834 570 854 590 α
877 559 970 590 alieni
985 582 993 596 ,
1013 558 1044 591 id
1061 560 1121 599 est,
1141 559 1270 592 Zodiaci
1283 560 1343 592 cir-

304 620 364 651 culi
389 619 618 651 summitatem.
650 618 741 655 Quod
760 618 785 649 si
802 617 901 649 duum
920 617 1112 649 circulorum
1125 642 1134 657 ,
1151 617 1181 649 id
1196 619 1256 658 est,
1277 627 1343 650 ma-

301 679 379 719 joris
402 678 526 710 Zodiaci
552 681 583 710 et
613 677 744 708 minoris
766 675 941 708 solstitialis
966 676 1123 715 eccentri,
1145 676 1210 709 duo
1228 681 1344 718 puncta

303 740 546 778 conjungantur,
565 739 595 768 et
613 736 664 768 fiat
678 747 699 777 μ
718 737 747 773 θ,
779 735 892 767 deinde
917 744 973 775 per
994 735 1075 767 lianc
1091 735 1187 767 ducta
1203 744 1345 776 perrexe-

304 797 344 828 rit
365 808 381 828 ν
401 796 520 835 Uinea,
539 795 611 835 quia
625 806 639 827 ε
655 797 669 831 ζ
685 806 704 832 η
726 807 746 826 κ
765 793 873 826 circuli
900 795 1053 834 punctum
1070 796 1102 827 et
1121 794 1272 827 medietas
1296 798 1344 827 est

305 866 340 896 μ,
353 853 492 895 aequales
506 854 597 885 erunt
613 853 702 885 lineae
718 865 733 883 ν
750 863 790 893 μ,
811 864 834 894 μ
850 854 874 889 ξ.
892 852 992 892 Major
1002 853 1098 893 igitur
1116 854 1164 886 est
1176 866 1224 896 νμ
1243 854 1324 886 linea
1335 879 1343 895 ,

304 923 398 955 quam
412 914 425 949 ξ
437 914 464 945 θ.
481 912 580 944 Multo
595 912 686 951 igitur
700 911 801 951 major
811 923 826 942 ν
841 912 856 942 θ
870 920 965 952 quam
977 912 992 943 θ
1006 911 1030 948 ξ.
1046 913 1127 944 Cum
1138 919 1212 952 ergo
1229 911 1276 944 sol
1291 921 1346 953 per

302 986 319 1006 v
340 973 456 1006 teretur
470 971 593 1011 longius
614 979 631 1001 a
647 971 733 1002 terra
752 970 907 1009 remotus,
925 969 957 1001 id
979 971 1028 1002 est
1049 978 1067 1002 a
1087 971 1114 1010 θ,
1134 969 1239 1001 minor
1254 969 1345 1002 nobis

303 1032 462 1065 videbitur
490 1040 507 1064 e
540 1030 732 1070 longinquo,
761 1029 858 1061 etiam
891 1029 1013 1061 tardior
1044 1037 1053 1060 ι
1081 1028 1170 1069 quod
1191 1015 1226 1061 tit
1254 1029 1344 1070 juxta

303 1090 446 1132 quintam
471 1088 566 1122 semis
584 1089 650 1121 sere
670 1089 792 1128 partem
809 1088 1020 1128 geminorum.
1066 1089 1149 1120 Cum
1164 1097 1240 1120 vero
1259 1090 1343 1128 pere

301 1150 429 1186 teretur,
455 1148 621 1189 proximus
646 1148 756 1186 terrae,
772 1146 874 1187 major
891 1145 1055 1187 putabitur
1074 1146 1278 1187 velociorque
1297 1146 1344 1177 iu-

301 1206 462 1239 tnentibus
487 1219 494 1238 :
521 1205 607 1247 quod
625 1205 755 1237 demum
781 1205 815 1236 tit
836 1205 927 1245 juxta
946 1205 1090 1245 quintam
1110 1204 1206 1237 semis
1224 1206 1345 1245 partem

301 1265 464 1306 sagittarii.
522 1264 632 1298 Mediae
668 1273 746 1296 vero
775 1256 841 1296 tam
867 1265 998 1295 staturae
1022 1271 1120 1304 quam
1154 1263 1344 1303 velocitatis,

300 1334 373 1358 cum
389 1326 444 1356 aut
462 1323 564 1365 pisces
583 1325 638 1356 aut
654 1323 805 1363 virginem
820 1323 963 1355 transiet.

341 1384 466 1415 LXXX.
488 1383 528 1413 Et
544 1382 697 1423 quoniam
716 1381 790 1413 solis
809 1381 917 1413 motus
939 1380 1160 1421 intemperiem
1189 1379 1268 1412 falso
1287 1389 1345 1420 pu-

300 1442 379 1481 tari,
401 1441 691 1474 demonstravimus
720 1441 753 1472 in
787 1440 942 1473 eccentris
971 1439 1117 1479 circulis,
1138 1447 1224 1471 nunc
1250 1438 1289 1478 si,
1310 1441 1347 1470 ut

301 1501 434 1543 quidam
453 1501 585 1540 putant,
601 1508 656 1540 per
678 1499 837 1540 epicyclos
857 1499 970 1540 globos
996 1499 1118 1538 fertur,
1137 1497 1346 1530 nihilominus

302 1561 474 1595 moderatis
496 1570 570 1593 eum
588 1561 750 1601 gressibus
766 1560 1026 1602 temperatisque,
1046 1558 1203 1591 conticere
1222 1567 1346 1590 annuos

302 1619 429 1662 cursus,
445 1621 590 1662 exposita
603 1619 818 1661 epicyclorum
831 1619 930 1651 torma
940 1643 949 1659 ‚
961 1618 1160 1650 docebimus.
1175 1617 1347 1659 Epicyclus

301 1680 417 1712 dicitur
429 1679 552 1719 globus,
563 1679 618 1719 qui
631 1687 686 1719 per
697 1678 835 1719 aliquem
847 1678 1002 1710 circulum
1019 1677 1129 1710 fertur.
1147 1677 1158 1719 (
1172 1676 1253 1709 Vide
1267 1676 1344 1717 figu-

302 1749 372 1772 ram
392 1741 451 1772 lx.
466 1739 477 1779 )
494 1739 541 1772 Sit
559 1739 654 1778 igitur
671 1737 765 1770 etiam
784 1747 867 1770 nuuc
884 1737 1040 1770 zodiacus
1066 1737 1231 1776 circulus,
1251 1745 1345 1776 quem

302 1798 438 1830 limitant
451 1798 535 1830 notae
550 1809 570 1828 α
590 1798 609 1839 β
623 1808 642 1838 γ
655 1797 672 1828 δ
684 1821 692 1836 ,
719 1795 894 1828 solstitialis
915 1805 990 1828 vero
1002 1820 1011 1836 ,
1029 1795 1205 1827 excludens
1220 1795 1346 1827 zodiaci

287 1857 413 1889 »circuli
444 1858 618 1898 punctum,
644 1855 676 1887 id
699 1857 748 1888 est
775 1867 789 1887 ε
809 1858 824 1892 ζ
843 1867 863 1893 η
889 1866 920 1895 κ,
940 1855 1059 1886 liabens
1082 1855 1146 1895 ipse
1180 1854 1345 1895 proprium

302 1916 456 1957 punctum
479 1926 514 1957 μ,
534 1917 567 1948 et
587 1923 606 1946 a
626 1915 744 1955 puncto
770 1914 900 1955 quidem
928 1914 965 1954 θ,
992 1912 1159 1945 intervallo
1182 1914 1290 1944 autem
1311 1923 1344 1953 μ,

301 1974 498 2007 describatur
510 1974 647 2006 circulus
665 1985 687 2014 μ
700 1984 717 2004 ο
731 1985 748 2005 ν
765 1974 840 2010 het
854 1984 868 2005 ε
885 1975 930 2010 ζη
947 1984 967 2003 κ
981 1972 1141 2013 epicyclus
1155 1971 1347 2011 intelligatur

301 2043 376 2066 cum
388 2033 528 2066 universi
541 2032 652 2065 mundi
668 2032 822 2073 vertigine
835 2032 914 2072 rapi,
929 2031 1075 2063 similiter
1087 2032 1121 2062 ut
1133 2030 1230 2063 ceteri
1244 2030 1344 2070 ignes,

303 2093 344 2126 ab
362 2093 482 2125 oriente
498 2092 530 2124 in
547 2091 759 2131 occidentem,
777 2090 1127 2132 raptatur-quotidiano,
1147 2089 1220 2122 terri
1237 2090 1346 2121 tamen

301 2152 485 2185 naturaliter
504 2151 674 2183 adversum
692 2151 792 2182 totius
806 2150 915 2182 mundi
930 2149 1071 2181 volatum
1086 2159 1093 2180 :
1108 2149 1218 2190 solque
1238 2156 1346 2180 rursus

301 2212 336 2243 in
354 2210 467 2243 eodem
485 2210 628 2250 epicyclo
647 2210 840 2241 constitutus
852 2233 860 2247 ,
875 2208 967 2248 juxta
980 2209 1079 2240 totius
1095 2207 1207 2239 mundi
1226 2207 1347 2239 versio-

302 2278 377 2302 nem
400 2269 532 2301 moveri.
576 2270 659 2307 Ergo
679 2279 693 2300 ε
718 2271 732 2304 ζ
750 2279 771 2306 η
788 2279 808 2298 κ
826 2266 987 2307 epicyclus
1005 2274 1059 2307 per
1075 2265 1274 2305 descriptum
1290 2275 1313 2305 μ
1330 2275 1347 2295 ο

302 2340 319 2360 ν
335 2328 349 2365 ξ
369 2328 523 2359 circulum
542 2327 678 2358 naturali
696 2326 784 2358 motu
807 2334 930 2365 means,
949 2326 1060 2356 contra
1075 2332 1172 2365 quam
1200 2324 1346 2355 movetur

303 2387 403 2419 totius
436 2386 548 2418 mundi
577 2385 730 2426 raptatio,
759 2385 939 2423 moderate,
976 2385 1008 2415 et
1035 2382 1249 2423 aequabiliter,
1271 2383 1346 2414 anni

303 2445 407 2486 spatio
426 2454 557 2477 cursum
575 2445 673 2477 istum
698 2443 858 2476 conficiat.
904 2443 1022 2483 Solque
1050 2443 1141 2483 item,
1161 2442 1193 2474 in
1220 2442 1281 2474 hoc
1296 2450 1349 2474 eo-

304 2504 376 2535 dem
396 2504 537 2544 epicyclo
553 2503 765 2542 constitutus,
784 2502 916 2543 epicycli
936 2501 1065 2542 quidem
1085 2501 1133 2533 sui
1153 2501 1254 2533 motui
1269 2510 1346 2533 cou-

304 2562 438 2594 trarium
455 2564 579 2594 motum
610 2562 772 2601 moliatur,
803 2561 914 2593 mundi
940 2570 1016 2593 vero
1037 2561 1135 2592 totius
1154 2561 1343 2592 comitatum

303 2624 468 2661 sequatur.
499 2620 562 2652 Ibit
583 2629 657 2659 ergo
676 2631 690 2651 ε
712 2622 761 2657 ζη
786 2631 806 2651 κ
832 2619 993 2660 epicyclus
1017 2629 1071 2660 per
1090 2631 1112 2660 μ
1133 2631 1150 2651 ο
1171 2631 1185 2649 ν
1206 2620 1220 2655 ξ
1241 2619 1344 2650 circu-

306 2682 373 2713 lum
397 2681 544 2721 gradiens
563 2682 617 2712 :et
642 2689 715 2712 cum
739 2679 917 2721 pervenerit
943 2680 982 2710 ad
999 2691 1015 2711 0
1034 2679 1156 2711 literam
1169 2703 1178 2718 ,
1200 2682 1348 2719 quartam

306 2739 416 2771 mundi
433 2741 554 2780 partem
572 2739 681 2771 obibit.
699 2740 791 2770 Tunc
810 2738 856 2770 sol
872 2738 912 2770 ab
929 2749 944 2769 ε
956 2738 996 2769 ad
1010 2749 1029 2769 κ
1044 2740 1153 2778 perget
1168 2751 1175 2770 ε
1198 2738 1260 2770 erit
1275 2746 1349 2778 ergo

307 2798 372 2838 sol,
388 2798 440 2830 ubi
454 2800 485 2831 ct
505 2809 522 2830 0
536 2798 635 2830 litera.
694 2798 793 2830 Nobis
815 2799 924 2829 tamen
942 2806 960 2829 a
976 2799 1078 2837 terra,
1100 2797 1132 2828 id
1154 2798 1202 2829 est
1220 2798 1256 2836 θ,
1278 2806 1347 2837 spe-

309 2857 472 2890 ctantibus
488 2856 607 2889 directa
623 2856 710 2888 visus
721 2857 788 2888 acie
809 2856 970 2888 videbitur
985 2864 1056 2888 esse
1080 2855 1165 2896 apud
1184 2858 1291 2887 notam
1317 2857 1348 2897 β.

307 2918 375 2957 lta,
408 2925 482 2948 cum
514 2917 659 2956 quartam
685 2915 857 2947 contecerit
884 2914 995 2946 mundi
1021 2915 1163 2955 partem,
1193 2915 1349 2947 minorem

308 2978 455 3016 quartam
476 2974 648 3006 confecisse
665 2973 834 3006 videbitur.
878 2975 924 3005 Ac
937 2982 1050 3005 rursus
1065 2973 1150 3005 idem
1175 2974 1348 3015 epicyclus,

308 3043 326 3066 e
344 3034 470 3074 regione
497 3044 515 3064 ο
533 3033 632 3064 literae
659 3032 821 3072 protectus
834 3055 843 3071 ,
861 3032 1026 3072 perveniat
1045 3032 1084 3063 ad
1097 3044 1113 3063 ν
1129 3034 1162 3064 et
1178 3033 1224 3064 sol
1241 3044 1261 3064 α
1274 3045 1293 3064 γ.
1310 3033 1351 3065 ad

307 3106 327 3132 η
349 3094 475 3134 perget,
499 3092 559 3124 erit
578 3091 631 3123 ubi
647 3093 693 3123 est
714 3103 741 3122 v.
761 3091 858 3122 Nobis
872 3091 979 3122 tamen
999 3090 1117 3122 directo
1140 3091 1209 3122 visu
1226 3092 1349 3124 intuen-

307 3152 415 3192 tibus,
442 3143 601 3183 videbitur
630 3158 721 3190 esse,
749 3149 803 3181 ubi
826 3160 844 3190 γ
866 3148 967 3181 litera.
996 3151 1069 3188 Ita,
1094 3158 1168 3180 cum
1188 3137 1346 3190 aequalem

313 3213 463 3252 quartam
484 3209 596 3242 mundi
616 3210 738 3250 partem
758 3208 952 3247 contecerit,
973 3216 992 3239 a
1009 3208 1098 3240 litera
1122 3209 1141 3249 β
1160 3217 1261 3249 usque
1277 3209 1315 3240 ad
1332 3220 1351 3246 γ

310 3269 452 3307 literam,
474 3267 625 3310 majorem
644 3270 792 3308 quartam
818 3266 929 3306 citius,
947 3267 979 3297 et
999 3266 1171 3306 incitatius,
1190 3266 1352 3299 videbitur

312 3336 506 3368 peragrasse.

312 3388 423 3420 mundi
440 3388 595 3429 aequalem
614 3389 749 3429 partem,
782 3386 814 3418 id
831 3388 879 3419 est
899 3398 915 3418 ν
934 3388 958 3423 ξ.
978 3386 1031 3419 Sol
1052 3395 1181 3428 quoque
1207 3387 1298 3427 item,
1318 3390 1353 3420 ut

317 3449 346 3480 in
360 3447 538 3488 prioribus,
553 3447 593 3481 ab
605 3459 624 3485 η
641 3446 680 3478 ad
695 3450 710 3484 ζ
730 3447 846 3487 pergat,
863 3445 923 3478 erit
943 3445 994 3478 ubi
1012 3448 1061 3478 est
1082 3446 1096 3483 ξ
1114 3455 1121 3477 ;
1140 3446 1231 3478 nobis
1244 3448 1351 3479 autem

588 3328 729 3360 Rursum
764 3326 848 3358 idem
883 3325 1046 3366 epicyclus
1078 3324 1226 3357 conticiat
1257 3326 1374 3358 aliam*

273 335 279 342 ·
305 335 433 359 emenso
451 325 619 367 nonaginta
632 325 756 367 diebus,
776 330 808 357 et
821 325 932 357 octava
951 325 1050 365 parte,
1068 324 1158 364 juxta
1172 331 1343 355 numerum
1406 323 1578 365 videbitur,
1597 325 1652 358 ubi
1674 329 1724 358 est
1745 327 1763 359 ὃ
1779 326 1880 360 litera.
1935 328 2001 367 Ita,
2029 335 2104 359 cum
2124 326 2280 368 aequalem
2298 328 2446 368 quartam

1403 383 1516 416 mundi
1533 387 1655 424 partem
1678 385 1913 427 peragraverit,
1936 386 2090 426 majorem
2109 394 2295 426 peragrasse
2317 386 2445 428 putabi-

1405 445 1457 474 tur
1480 453 1500 483 γ
1521 443 1538 474 δ
1563 442 1690 476 zodiaci
1715 444 1835 476 circuli.
1892 443 2066 477 Residuum
2084 443 2216 476 demum
2232 442 2446 485 quadrantem

1405 501 1419 537 ξ
1433 511 1455 541 μ
1467 500 1552 533 idem
1567 501 1851 542 obeatepicyclus,
1866 504 1980 534 etcum
1996 502 2173 542 pervenerit
2190 501 2229 533 ad
2247 513 2261 534 ε
2279 510 2438 543 reproesen

1405 559 1492 591 tatus
1521 561 1594 600 post
1620 568 1740 592 annum
1771 561 1842 593 loco
1860 570 1929 600 suo,
1953 560 2115 592 videbitur
2137 562 2216 592 tunc
2235 569 2305 593 esse
2325 560 2373 593 sol
2391 559 2448 592 ubi

1405 619 1452 650 est
1474 628 1507 657 α,
1523 619 1555 650 et
1571 618 1736 659 putabitur
1753 618 1882 651 Zodiaci
1896 619 2007 650 circuli
2021 618 2205 659 obrepsisse
2222 619 2343 651 metam
2367 618 2384 650 δ
2402 629 2437 652 α.

1445 678 1587 710 Lxxxi.
1610 679 1680 715 Qua
1702 678 1823 710 ratione
1842 678 1949 718 palam
1975 677 2030 718 tit,
2054 677 2150 710 etiam
2181 676 2359 710 secundum
2381 676 2450 719 epi-

1406 737 1488 777 cycli
1508 739 1646 778 motum,
1664 746 1714 779 ea,
1737 747 1810 779 quae
1830 737 1979 770 videntur
1999 737 2326 779 nobis,aliter‚quam
2337 746 2450 779 reapse

1406 796 1499 837 tiant,
1515 797 1631 829 videri.
1680 796 1813 829 Tardior
1829 797 1930 837 enim,
1950 798 1982 829 et
2009 796 2113 828 minor
2135 797 2227 836 visu,
2251 794 2449 836 videtursol,

1405 863 1479 886 cum
1506 854 1593 887 velut
1613 855 1644 888 in
1665 855 1799 896 geminis
1820 855 1892 887 erit.
1925 855 2087 887 Maximus
2106 863 2194 893 vero,
2208 857 2240 887 et
2262 854 2450 887 incitatissi-

1409 923 1501 954 mus,
1516 923 1590 946 cum
1610 914 1701 946 velut
1725 915 1756 946 in
1777 914 1949 955 sagittario.
2006 916 2073 947 Nec
2094 913 2268 946 immerito.
2288 913 2417 955 Quippe
2436 925 2452 947 ε

1406 975 1454 1011 ζη
1470 984 1490 1005 κ
1505 973 1649 1014 epicyclo
1678 974 1767 1006 moto
1793 981 1849 1014 per
1868 985 1890 1014 μ
1904 985 1920 1006 ο
1936 985 1952 1005 ν
1969 974 1983 1010 ξ
2005 973 2177 1013 circulum,
2205 973 2252 1005 sol
2275 972 2316 1004 ab
2333 983 2349 1004 ε
2367 971 2408 1004 ad
2429 982 2451 1004 κ

1406 1041 1538 1074 pergens
1550 1057 1560 1072 ‚
1589 1034 1701 1065 contra
1724 1041 1821 1074 quam
1844 1033 1961 1064 teratur
1979 1033 2143 1073 epicyclus
2163 1041 2241 1064 suus
2257 1040 2382 1064 moram
2402 1031 2453 1064 ta-

1406 1092 1502 1132 ciens,
1524 1091 1643 1123 tardius
1662 1091 1701 1123 ad
1721 1103 1738 1124 ο
1763 1091 1937 1131 deseretur,
1966 1091 2155 1132 tardiusque
2177 1103 2199 1132 μ.
2215 1102 2232 1124 ο
2249 1091 2353 1124 obibit
2378 1098 2449 1123 am·

1407 1149 1523 1189 bitum,
1543 1150 1711 1190 multoque
1741 1149 1862 1181 tardius
1889 1149 2016 1182 zodiaci
2046 1149 2156 1182 circuli
2185 1161 2206 1181 α
2240 1151 2260 1191 β
2289 1148 2451 1190 regionem

1405 1208 1606 1241 existimatur
1626 1208 1742 1241 obisse.
1774 1210 1815 1240 Et
1833 1216 1973 1249 rursum,
1994 1207 2137 1249 epicyclo
2155 1207 2342 1249 supradicto
2362 1210 2452 1242 moto

1406 1268 1445 1299 ad
1469 1279 1486 1300 ο
1508 1280 1524 1299 ν
1543 1268 1724 1307 ambitum,
1743 1268 1791 1300 sol
1811 1267 1943 1300 demum
1962 1267 2003 1299 ab
2026 1279 2047 1299 κ
2072 1267 2112 1299 ad
2131 1279 2151 1306 η
2175 1276 2324 1308 pergens,
2346 1267 2450 1300 incur-

1406 1334 1477 1359 rere
1500 1326 1660 1358 videbitur
1687 1326 1800 1358 mundi
1829 1326 2091 1366 circumactioni‚
2120 1327 2164 1366 et,
2195 1325 2328 1365 adiutus
2354 1325 2397 1358 ab
2417 1334 2455 1358 ea

1408 1393 1541 1426 propere
1551 1408 1561 1424 ,
1575 1386 1606 1417 et
1619 1385 1731 1424 citius,
1749 1384 1838 1416 obire
1851 1384 1978 1417 zodiaci
1993 1393 2036 1424 qu
2046 1383 2223 1416 adrantem.
2267 1383 2456 1425 Eodemque

1409 1443 1523 1482 modo,
1548 1443 1689 1484 epicyclo
1707 1446 1797 1475 moto
1813 1452 1868 1485 per
1881 1454 1897 1475 ν
1917 1442 2121 1482 exambitum,
2145 1443 2192 1475 sol
2221 1443 2351 1475 demum
2372 1442 2414 1475 ab
2434 1454 2455 1482 η

1408 1501 1449 1534 ad
1469 1505 1485 1540 ζ
1510 1510 1657 1544 pergenS,
1691 1504 1843 1543 tanquam
1868 1510 2069 1543 praecurrens
2087 1500 2219 1542 epicycli
2247 1501 2298 1534 sui
2326 1504 2454 1534 motum

1411 1560 1614 1603 praecipitare
1633 1570 1764 1594 cursum
1787 1570 1842 1603 per
1869 1561 2041 1594 zodiacum
2061 1561 2199 1593 videtur.
2227 1562 2452 1602 nui-sumque,

1407 1622 1521 1654 eodem
1538 1620 1679 1662 epicyclo
1695 1622 1781 1653 moto
1795 1622 1879 1662 pere
1898 1632 1920 1662 μ
1931 1620 2105 1659 ambitum,
2120 1620 2166 1652 sol
2183 1628 2202 1652 a
2219 1623 2235 1658 ζ
2250 1619 2290 1652 ad
2308 1630 2323 1652 ι
2341 1631 2362 1652 κ
2383 1628 2455 1661 per-

1407 1688 1498 1721 gens,
1515 1683 1628 1712 contra
1644 1689 1741 1720 quam
1764 1679 1867 1711 tertur
1890 1678 2055 1720 epicyclus
2076 1687 2154 1710 suus
2170 1687 2296 1710 moram
2315 1677 2455 1720 taciens,

1409 1739 1532 1772 tardius
1549 1738 1589 1771 ad
1609 1750 1632 1780 μ
1645 1738 1815 1779 deseretur,
1833 1738 2020 1778 tardiusque
2037 1739 2051 1773 ξ
2067 1747 2090 1778 μ
2106 1737 2210 1770 obibit
2225 1736 2451 1778 quadrantem,

1407 1798 1577 1838 multoque
1599 1798 1731 1838 putatur
1752 1796 1876 1828 tardius
1891 1797 1908 1828 δ
1926 1808 1946 1828 α
1971 1795 2098 1828 Zodiaci
2114 1795 2223 1827 circuli
2241 1795 2454 1837 quadrantem

1410 1866 1608 1900 peragrasse.
1671 1857 1723 1888 Sic
1755 1860 1787 1889 et
1821 1856 1982 1897 epicyclus
2012 1865 2097 1888 anno
2132 1856 2276 1888 vertente
2312 1854 2459 1888 conficiet

1407 1926 1538 1951 cursum
1559 1925 1653 1948 suum
1667 1941 1676 1957 ‚
1694 1917 1726 1948 et
1739 1916 1786 1947 sol
1806 1915 1994 1947 naturalem.
2037 1916 2158 1956 Estque
2179 1914 2212 1946 in
2225 1913 2302 1946 solis
2315 1913 2453 1946 circuitu

1408 1976 1587 2008 maximum
1603 1987 1623 2007 α
1646 1976 1661 2006 θ
1682 1974 1721 2007 ad
1749 1986 1776 2014 ε,
1794 1975 1826 2006 id
1851 1977 1912 2015 est,
1931 1982 1950 2006 a
1973 1976 2056 2006 terra
2080 1973 2120 2005 ad
2145 1981 2307 2006 summum
2323 1972 2457 2005 limitem

1410 2035 1589 2067 solstitialis
1605 2034 1752 2076 epicycli,
1773 2033 1944 2066 minimum
1975 2041 2052 2066 vero
2078 2033 2119 2064 ad
2142 2032 2290 2073 ejusdem
2306 2031 2458 2064 intimum
2498 2036 2501 2039 '

1409 2094 1572 2127 limitem.‘

1451 2154 1612 2186 LXXXII.
1635 2152 1754 2185 Eodem
1775 2151 1872 2183 modo
1897 2151 1997 2183 ceteri
2025 2150 2180 2192 planetes,
2209 2158 2284 2182 cum
2300 2149 2333 2182 in
2352 2148 2457 2190 globis

1411 2213 1480 2245 suis
1500 2212 1709 2244 consistentes
1725 2211 1876 2251 terantur,
1891 2218 1948 2251 per
1968 2208 2141 2241 zodiacum
2173 2208 2250 2240 terri
2276 2208 2389 2248 nobis,
2413 2208 2456 2240 ob

1409 2282 1508 2314 supra
1529 2272 1766 2304 demonstratas
1785 2277 1921 2308 causas,
1949 2268 2101 2300 videntur
2118 2276 2126 2295 ε
2149 2257 2395 2308 'tan-ditatisque,
2419 2269 2454 2300 et

1412 2331 1607 2371 celeritatis,
1622 2329 1707 2362 idem
1729 2328 1928 2367 intellectus,
1950 2326 1982 2358 in
2000 2325 2154 2357 omnibus
2170 2325 2330 2364 erraticis,
2354 2325 2452 2358 ratio-

1410 2399 1483 2422 nem
1518 2391 1706 2430 assequetur
1730 2400 1738 2420 ε
1770 2387 1844 2419 licet
1877 2385 2011 2418 diversis
2034 2383 2234 2424 temporibus
2264 2384 2376 2424 ceteri,
2397 2391 2457 2416 nec

1410 2451 1442 2483 in
1475 2449 1588 2481 iisdem
1601 2472 1611 2488 ,
1641 2447 1758 2488 quibus
1794 2446 1840 2478 sol
1854 2470 1863 2484 ,
1895 2454 2010 2478 cursus
2042 2453 2118 2477 suos
2151 2444 2326 2485 peragant;
2353 2452 2456 2485 usque

1410 2509 1507 2548 adeo,
1531 2510 1567 2540 ut
1598 2507 1730 2549 quidam
1760 2513 1870 2538 eorum
1907 2505 2038 2546 propter
2078 2502 2212 2535 nimiam
2252 2501 2453 2542 tarditatem,

1410 2566 1570 2600 interdum
1585 2565 1759 2598 consistere
1771 2588 1780 2604 ‚
1804 2563 1966 2595 interdum
1985 2561 2136 2603 repedare
2153 2562 2336 2594 videantur.
2399 2559 2453 2593 sot

1410 2628 1495 2659 enim
1515 2626 1681 2664 minorem,
1701 2624 1811 2664 utpote
1830 2622 2087 2654 anniversarium
2108 2620 2264 2652 circulum
2294 2619 2454 2659 lustrans,

1410 2685 1548 2717 minores
1569 2682 1775 2723 evagationes
1794 2680 1845 2712 vel
1867 2689 1940 2712 cum
1967 2680 2126 2712 exaltatur
2142 2679 2192 2711 vel
2212 2687 2286 2710 cum
2309 2677 2457 2710 humilia-

1411 2745 1463 2776 tur
1482 2742 1534 2775 vel
1550 2750 1624 2774 cum
1637 2750 1656 2773 a
1679 2739 1849 2772 medietate
1871 2738 1913 2770 ad
1929 2738 2070 2770 diversas
2090 2737 2161 2769 coeli
2180 2737 2289 2778 plagas
2304 2734 2452 2776 discedit,

1412 2802 1574 2834 incurrere
1601 2799 1693 2832 nobis
1724 2797 1875 2835 videtur,
1909 2804 2044 2837 eamque
2072 2791 2201 2827 omnem
2233 2793 2454 2836 intemperiem

1412 2860 1489 2892 anni
1520 2858 1675 2891 vertentis
1704 2856 1841 2889 termino
1875 2854 2006 2886 claudit.
2051 2853 2156 2886 Ceteri
2189 2853 2351 2894 planetes,
2380 2851 2456 2893 quia

1410 2910 1598 2959 singulatim
1622 2915 1878 2956 uniuscuiusque
1903 2921 2029 2951 eorum,
2048 2921 2106 2954 pro
2123 2911 2340 2952 magnitudine
2353 2911 2454 2943 circu-

1414 2978 1520 3010 lorum
1533 3001 1542 3017 ,
1577 2984 1659 3017 quos
1690 2974 1829 3012 obeunt,
1850 2975 1882 3004 et
1908 2971 2088 3012 prolixitate
2109 2973 2316 3011 temporum,
2337 2967 2458 3010 quibus

1411 3036 1557 3068 confecto
1588 3043 1687 3067 cursu
1720 3033 1761 3065 ad
1793 3032 1924 3065 exordia
1953 3031 2177 3068 revertuntur,
2212 3029 2247 3060 tit
2278 3026 2397 3060 reditus
2416 3027 2456 3059 ad

1411 3095 1558 3135 exordia,
1573 3094 1696 3133 varias,
1715 3096 1748 3125 et
1765 3091 1994 3128 multiformes,
2009 3088 2157 3120 motuum
2172 3086 2374 3128 conditiones
2393 3085 2458 3126 pati

1412 3163 1474 3186 uon
1488 3153 1647 3186 immerito
1671 3152 1831 3193 putantur.
1875 3148 2000 3189 Quippe
2017 3155 2100 3178 unus
2118 3145 2263 3182 biennio,
2284 3143 2364 3175 alter
2379 3142 2458 3174 duo-

1413 3213 1513 3245 decim
1527 3211 1619 3244 anuis
1632 3235 1641 3249 ,
1657 3210 1772 3243 tertius
1785 3217 1883 3250 prope
1900 3207 2040 3247 triginta,
2054 3205 2148 3236 orbes
2159 3211 2235 3234 suos
2252 3202 2384 3233 obeunt.
2410 3202 2458 3232 Ex

1412 3280 1476 3312 quo
1490 3271 1537 3311 nt,
1551 3272 1586 3302 ut
1601 3270 1691 3302 visus
1706 3272 1826 3308 noster,
1840 3269 1964 3299 motum
1977 3263 2140 3297 stellarum
2154 3263 2268 3293 notans
2286 3260 2354 3291 sine
2370 3258 2460 3291 intet-

1414 3331 1496 3363 lectu
1511 3331 1544 3363 et
1557 3329 1775 3362 recordatione
1794 3326 1893 3360 stellae
1903 3325 2032 3358 alterius
2047 3320 2238 3362 compendii,
2252 3328 2291 3352 ex
2305 3318 2458 3351 brevitate

1413 3389 1526 3421 circuli
1542 3387 1770 3430 provenientis,
1788 3386 1924 3419 aliarum
1937 3384 2014 3417 item
2028 3380 2200 3419 tarditatiS,
2214 3387 2287 3419 quae
2304 3377 2454 3419 provenit

1414 3456 1452 3479 ex
1482 3447 1754 3488 amplissimorum
1779 3444 1905 3477 orbium
1926 3438 2217 3489 peragrationibu8‚
2244 3436 2357 3477 praeire
2375 3434 2453 3467 alios
