<?xml version="1.0" encoding="UTF-8"?>
<!DOCTYPE html PUBLIC "-//W3C//DTD XHTML 1.0 Transitional//EN"
    "http://www.w3.org/TR/xhtml1/DTD/xhtml1-transitional.dtd">
<html xmlns="http://www.w3.org/1999/xhtml" xml:lang="en" lang="en">
 <head>
  <title>
</title>
<meta http-equiv="Content-Type" content="text/html;charset=utf-8" />
  <meta name='ocr-system' content='tesseract 3.04.00' />
  <meta name='ocr-capabilities' content='ocr_page ocr_carea ocr_par ocr_line ocrx_word'/>
</head>
<body>
  <div class='ocr_page' id='page_1' title='image "./fragmentaphiloso02mulluoft_0328.png"; bbox 0 0 2606 3828; ppageno 0'>
   <div class='ocr_carea' id='block_1_1' title="bbox 338 261 1746 307">
    <p class='ocr_par' dir='ltr' id='par_1_1' title="bbox 338 261 1746 307">
     <span class='ocr_line' id='line_1_1' title="bbox 338 261 1746 307; baseline -0.004 0"><span class='ocrx_word' id='word_1_1' title='bbox 338 274 412 307; x_wconf 81' lang='lat'><strong>220</strong></span> <span class='ocrx_word' id='word_1_2' title='bbox 1040 262 1299 302; x_wconf 81' lang='lat' dir='ltr'>CHALCIDII</span> <span class='ocrx_word' id='word_1_3' title='bbox 1334 261 1746 304; x_wconf 82' lang='lat' dir='ltr'><strong>COMMENTARIUS</strong></span> 
     </span>
    </p>
   </div>
   <div class='ocr_carea' id='block_1_2' title="bbox 323 349 1373 2920">
    <p class='ocr_par' dir='ltr' id='par_1_2' title="bbox 327 349 1372 1093">
     <span class='ocr_line' id='line_1_2' title="bbox 332 349 1371 391; baseline -0.004 -4"><span class='ocrx_word' id='word_1_4' title='bbox 332 354 437 387; x_wconf 88' lang='lat' dir='ltr'><strong>‹lentia</strong></span> <span class='ocrx_word' id='word_1_5' title='bbox 453 354 613 386; x_wconf 75' lang='lat' dir='ltr'><strong>sanctam.</strong></span> <span class='ocrx_word' id='word_1_6' title='bbox 663 354 767 390; x_wconf 91' lang='lat' dir='ltr'><strong>Quam</strong></span> <span class='ocrx_word' id='word_1_7' title='bbox 786 352 885 391; x_wconf 77' lang='lat' dir='ltr'><strong>legem</strong></span> <span class='ocrx_word' id='word_1_8' title='bbox 902 359 985 391; x_wconf 81' lang='lat' dir='ltr'><strong>saepe</strong></span> <span class='ocrx_word' id='word_1_9' title='bbox 1002 349 1142 382; x_wconf 81' lang='lat' dir='ltr'>diximus</span> <span class='ocrx_word' id='word_1_10' title='bbox 1162 359 1233 383; x_wconf 84' lang='lat' dir='ltr'><strong>esse</strong></span> <span class='ocrx_word' id='word_1_11' title='bbox 1256 350 1371 391; x_wconf 78' lang='lat' dir='ltr'><strong>iatum,</strong></span> 
     </span>
     <span class='ocr_line' id='line_1_3' title="bbox 331 407 1372 454; baseline -0.004 -8"><span class='ocrx_word' id='word_1_12' title='bbox 331 413 412 446; x_wconf 83' lang='lat' dir='ltr'><strong>serie</strong></span> <span class='ocrx_word' id='word_1_13' title='bbox 439 412 577 454; x_wconf 88' lang='lat' dir='ltr'><strong>quadam</strong></span> <span class='ocrx_word' id='word_1_14' title='bbox 608 411 909 451; x_wconf 79' lang='lat' dir='ltr'><strong>consequentiarum</strong></span> <span class='ocrx_word' id='word_1_15' title='bbox 936 411 1032 449; x_wconf 83' lang='lat' dir='ltr'><strong>atque</strong></span> <span class='ocrx_word' id='word_1_16' title='bbox 1054 407 1204 441; x_wconf 79' lang='lat' dir='ltr'>ordinum</span> <span class='ocrx_word' id='word_1_17' title='bbox 1231 409 1372 442; x_wconf 89' lang='lat' dir='ltr'><strong>sancien-</strong></span> 
     </span>
     <span class='ocr_line' id='line_1_4' title="bbox 330 467 1368 510; baseline -0.003 -6"><span class='ocrx_word' id='word_1_18' title='bbox 330 475 406 505; x_wconf 85' lang='lat' dir='ltr'><strong>tem.</strong></span> <span class='ocrx_word' id='word_1_19' title='bbox 452 471 600 504; x_wconf 83' lang='lat' dir='ltr'><strong>volucris</strong></span> <span class='ocrx_word' id='word_1_20' title='bbox 624 479 698 502; x_wconf 88' lang='lat' dir='ltr'><strong>vero</strong></span> <span class='ocrx_word' id='word_1_21' title='bbox 718 478 832 501; x_wconf 87' lang='lat' dir='ltr'><strong>currus</strong></span> <span class='ocrx_word' id='word_1_22' title='bbox 861 467 1061 508; x_wconf 83' lang='lat' dir='ltr'><strong>imperatoris</strong></span> <span class='ocrx_word' id='word_1_23' title='bbox 1079 467 1138 500; x_wconf 90' lang='lat' dir='ltr'><strong>Dei</strong></span> <span class='ocrx_word' id='word_1_24' title='bbox 1162 468 1292 510; x_wconf 88' lang='lat' dir='ltr'><strong>aplanes</strong></span> <span class='ocrx_word' id='word_1_25' title='bbox 1318 468 1368 500; x_wconf 88' lang='lat' dir='ltr'><strong>in-</strong></span> 
     </span>
     <span class='ocr_line' id='line_1_5' title="bbox 330 526 1372 571; baseline -0.007 -6"><span class='ocrx_word' id='word_1_26' title='bbox 330 531 498 571; x_wconf 81' lang='lat' dir='ltr'><strong>telligenda</strong></span> <span class='ocrx_word' id='word_1_27' title='bbox 513 532 560 562; x_wconf 83' lang='lat' dir='ltr'><strong>est</strong></span> <span class='ocrx_word' id='word_1_28' title='bbox 575 539 583 561; x_wconf 91' lang='lat'>:</span> <span class='ocrx_word' id='word_1_29' title='bbox 598 529 673 569; x_wconf 85' lang='lat' dir='ltr'><strong>quia</strong></span> <span class='ocrx_word' id='word_1_30' title='bbox 689 532 717 560; x_wconf 91' lang='lat' dir='ltr'><strong>et</strong></span> <span class='ocrx_word' id='word_1_31' title='bbox 738 529 839 568; x_wconf 86' lang='lat' dir='ltr'><strong>prima</strong></span> <span class='ocrx_word' id='word_1_32' title='bbox 860 529 907 558; x_wconf 86' lang='lat' dir='ltr'><strong>est</strong></span> <span class='ocrx_word' id='word_1_33' title='bbox 926 526 1056 568; x_wconf 81' lang='lat' dir='ltr'>ordine,</span> <span class='ocrx_word' id='word_1_34' title='bbox 1072 530 1104 559; x_wconf 87' lang='lat' dir='ltr'><strong>et</strong></span> <span class='ocrx_word' id='word_1_35' title='bbox 1117 527 1228 566; x_wconf 82' lang='lat' dir='ltr'>agilior</span> <span class='ocrx_word' id='word_1_36' title='bbox 1246 527 1372 559; x_wconf 85' lang='lat' dir='ltr'><strong>caeteris</strong></span> 
     </span>
     <span class='ocr_line' id='line_1_6' title="bbox 337 584 1372 627; baseline -0.004 -5"><span class='ocrx_word' id='word_1_37' title='bbox 337 589 488 622; x_wconf 87' lang='lat' dir='ltr'><strong>omnibus</strong></span> <span class='ocrx_word' id='word_1_38' title='bbox 515 587 682 627; x_wconf 86' lang='lat' dir='ltr'><strong>motibus,</strong></span> <span class='ocrx_word' id='word_1_39' title='bbox 706 587 788 618; x_wconf 87' lang='lat' dir='ltr'><strong>sicut</strong></span> <span class='ocrx_word' id='word_1_40' title='bbox 816 587 980 617; x_wconf 86' lang='lat' dir='ltr'><strong>ostensum</strong></span> <span class='ocrx_word' id='word_1_41' title='bbox 1001 586 1059 618; x_wconf 90' lang='lat' dir='ltr'><strong>est.</strong></span> <span class='ocrx_word' id='word_1_42' title='bbox 1117 584 1269 618; x_wconf 87' lang='lat' dir='ltr'><strong>Undecim</strong></span> <span class='ocrx_word' id='word_1_43' title='bbox 1296 594 1372 619; x_wconf 88' lang='lat' dir='ltr'><strong>vero</strong></span> 
     </span>
     <span class='ocr_line' id='line_1_7' title="bbox 331 643 1371 690; baseline -0.004 -10"><span class='ocrx_word' id='word_1_44' title='bbox 331 650 436 690; x_wconf 84' lang='lat' dir='ltr'><strong>partes</strong></span> <span class='ocrx_word' id='word_1_45' title='bbox 449 647 608 680; x_wconf 79' lang='lat' dir='ltr'><strong>exercitus</strong></span> <span class='ocrx_word' id='word_1_46' title='bbox 625 645 808 677; x_wconf 80' lang='lat' dir='ltr'><strong>dinumerat</strong></span> <span class='ocrx_word' id='word_1_47' title='bbox 821 644 987 675; x_wconf 82' lang='lat' dir='ltr'><strong>hactenus.</strong></span> <span class='ocrx_word' id='word_1_48' title='bbox 1032 643 1175 676; x_wconf 85' lang='lat' dir='ltr'><strong>Primam</strong></span> <span class='ocrx_word' id='word_1_49' title='bbox 1188 668 1197 684; x_wconf 95' lang='lat'><strong>,</strong></span> <span class='ocrx_word' id='word_1_50' title='bbox 1211 644 1371 686; x_wconf 86' lang='lat' dir='ltr'><strong>aplanem,</strong></span> 
     </span>
     <span class='ocr_line' id='line_1_8' title="bbox 330 701 1372 746; baseline -0.003 -8"><span class='ocrx_word' id='word_1_51' title='bbox 330 706 444 738; x_wconf 86' lang='lat' dir='ltr'><strong>deinde</strong></span> <span class='ocrx_word' id='word_1_52' title='bbox 472 707 595 746; x_wconf 83' lang='lat' dir='ltr'><strong>septem</strong></span> <span class='ocrx_word' id='word_1_53' title='bbox 619 704 800 744; x_wconf 89' lang='lat' dir='ltr'><strong>planetum;</strong></span> <span class='ocrx_word' id='word_1_54' title='bbox 820 710 937 734; x_wconf 92' lang='lat' dir='ltr'><strong>nonam</strong></span> <span class='ocrx_word' id='word_1_55' title='bbox 951 725 960 743; x_wconf 93' lang='lat'><strong>,</strong></span> <span class='ocrx_word' id='word_1_56' title='bbox 979 701 1107 735; x_wconf 83' lang='lat' dir='ltr'><strong>aetheris</strong></span> <span class='ocrx_word' id='word_1_57' title='bbox 1132 702 1259 743; x_wconf 89' lang='lat' dir='ltr'><strong>sedem;</strong></span> <span class='ocrx_word' id='word_1_58' title='bbox 1274 711 1372 744; x_wconf 88' lang='lat' dir='ltr'><strong>quam</strong></span> 
     </span>
     <span class='ocr_line' id='line_1_9' title="bbox 329 760 1371 807; baseline -0.004 -9"><span class='ocrx_word' id='word_1_59' title='bbox 329 765 474 798; x_wconf 89' lang='lat' dir='ltr'><strong>incolunt</strong></span> <span class='ocrx_word' id='word_1_60' title='bbox 487 763 615 797; x_wconf 73' lang='lat' dir='ltr'><strong>aetherei</strong></span> <span class='ocrx_word' id='word_1_61' title='bbox 627 762 791 794; x_wconf 83' lang='lat' dir='ltr'><strong>daemones</strong></span> <span class='ocrx_word' id='word_1_62' title='bbox 801 772 809 807; x_wconf 73' lang='lat'>3</span> <span class='ocrx_word' id='word_1_63' title='bbox 821 760 995 801; x_wconf 85' lang='lat' dir='ltr'><strong>decimam,</strong></span> <span class='ocrx_word' id='word_1_64' title='bbox 1005 769 1128 794; x_wconf 85' lang='lat' dir='ltr'><strong>aeream</strong></span> <span class='ocrx_word' id='word_1_65' title='bbox 1138 773 1146 801; x_wconf 73' lang='lat'>3</span> <span class='ocrx_word' id='word_1_66' title='bbox 1157 761 1371 803; x_wconf 86' lang='lat' dir='ltr'><strong>undecimam,</strong></span> 
     </span>
     <span class='ocr_line' id='line_1_10' title="bbox 330 819 1371 861; baseline -0.002 -5"><span class='ocrx_word' id='word_1_67' title='bbox 330 824 489 856; x_wconf 85' lang='lat' dir='ltr'><strong>humectae</strong></span> <span class='ocrx_word' id='word_1_68' title='bbox 511 822 717 861; x_wconf 83' lang='lat' dir='ltr'><strong>substantiae3</strong></span> <span class='ocrx_word' id='word_1_69' title='bbox 737 819 982 859; x_wconf 84' lang='lat' dir='ltr'><strong>duodecimam,</strong></span> <span class='ocrx_word' id='word_1_70' title='bbox 1002 822 1138 860; x_wconf 85' lang='lat' dir='ltr'><strong>terram,</strong></span> <span class='ocrx_word' id='word_1_71' title='bbox 1160 829 1235 861; x_wconf 83' lang='lat' dir='ltr'><strong>quoe</strong></span> <span class='ocrx_word' id='word_1_72' title='bbox 1252 820 1371 854; x_wconf 89' lang='lat' dir='ltr'><strong>immo·</strong></span> 
     </span>
     <span class='ocr_line' id='line_1_11' title="bbox 332 878 1366 915; baseline -0.004 0"><span class='ocrx_word' id='word_1_73' title='bbox 332 882 403 915; x_wconf 91' lang='lat' dir='ltr'><strong>bilis</strong></span> <span class='ocrx_word' id='word_1_74' title='bbox 423 891 461 914; x_wconf 85' lang='lat' dir='ltr'><strong>ex</strong></span> <span class='ocrx_word' id='word_1_75' title='bbox 480 879 688 912; x_wconf 85' lang='lat' dir='ltr'><strong>conversione</strong></span> <span class='ocrx_word' id='word_1_76' title='bbox 709 878 821 911; x_wconf 91' lang='lat' dir='ltr'><strong>mundi</strong></span> <span class='ocrx_word' id='word_1_77' title='bbox 841 879 958 910; x_wconf 83' lang='lat' dir='ltr'><strong>manet.</strong></span> <span class='ocrx_word' id='word_1_78' title='bbox 1003 879 1124 911; x_wconf 86' lang='lat' dir='ltr'><strong>Verum</strong></span> <span class='ocrx_word' id='word_1_79' title='bbox 1142 879 1204 911; x_wconf 86' lang='lat' dir='ltr'><strong>hoc</strong></span> <span class='ocrx_word' id='word_1_80' title='bbox 1220 879 1366 912; x_wconf 79' lang='lat' dir='ltr'><strong>fortassis</strong></span> 
     </span>
     <span class='ocr_line' id='line_1_12' title="bbox 328 937 1370 981; baseline -0.002 -8"><span class='ocrx_word' id='word_1_81' title='bbox 328 942 416 973; x_wconf 82' lang='lat' dir='ltr'><strong>extra</strong></span> <span class='ocrx_word' id='word_1_82' title='bbox 444 938 660 981; x_wconf 82' lang='lat' dir='ltr'><strong>propositum,</strong></span> <span class='ocrx_word' id='word_1_83' title='bbox 679 937 826 978; x_wconf 89' lang='lat' dir='ltr'><strong>quamvis</strong></span> <span class='ocrx_word' id='word_1_84' title='bbox 858 937 1006 969; x_wconf 88' lang='lat' dir='ltr'><strong>instituto</strong></span> <span class='ocrx_word' id='word_1_85' title='bbox 1031 937 1175 970; x_wconf 88' lang='lat' dir='ltr'><strong>sermoni</strong></span> <span class='ocrx_word' id='word_1_86' title='bbox 1199 938 1370 971; x_wconf 83' lang='lat' dir='ltr'><strong>concinat:</strong></span> 
     </span>
     <span class='ocr_line' id='line_1_13' title="bbox 327 995 1371 1040; baseline -0.002 -10"><span class='ocrx_word' id='word_1_87' title='bbox 327 996 412 1040; x_wconf 89' lang='lat' dir='ltr'><strong>quod</strong></span> <span class='ocrx_word' id='word_1_88' title='bbox 437 998 534 1029; x_wconf 76' lang='lat' dir='ltr'><strong>tatum</strong></span> <span class='ocrx_word' id='word_1_89' title='bbox 554 997 622 1028; x_wconf 92' lang='lat' dir='ltr'><strong>sine</strong></span> <span class='ocrx_word' id='word_1_90' title='bbox 642 996 693 1036; x_wconf 87' lang='lat' dir='ltr'><strong>vi,</strong></span> <span class='ocrx_word' id='word_1_91' title='bbox 712 1003 749 1027; x_wconf 89' lang='lat' dir='ltr'><strong>ac</strong></span> <span class='ocrx_word' id='word_1_92' title='bbox 766 995 917 1035; x_wconf 83' lang='lat' dir='ltr'><strong>sineulla</strong></span> <span class='ocrx_word' id='word_1_93' title='bbox 935 995 1127 1028; x_wconf 88' lang='lat' dir='ltr'><strong>necessitate</strong></span> <span class='ocrx_word' id='word_1_94' title='bbox 1143 995 1371 1037; x_wconf 84' lang='lat' dir='ltr'><strong>inextricabili,</strong></span> 
     </span>
     <span class='ocr_line' id='line_1_14' title="bbox 327 1051 1101 1093; baseline -0.004 -7"><span class='ocrx_word' id='word_1_95' title='bbox 327 1055 421 1087; x_wconf 92' lang='lat' dir='ltr'><strong>modo</strong></span> <span class='ocrx_word' id='word_1_96' title='bbox 440 1053 579 1092; x_wconf 89' lang='lat' dir='ltr'><strong>salubri,</strong></span> <span class='ocrx_word' id='word_1_97' title='bbox 600 1055 696 1093; x_wconf 89' lang='lat' dir='ltr'><strong>atque</strong></span> <span class='ocrx_word' id='word_1_98' title='bbox 715 1052 826 1084; x_wconf 81' lang='lat' dir='ltr'><strong>ordine</strong></span> <span class='ocrx_word' id='word_1_99' title='bbox 843 1051 1101 1085; x_wconf 83' lang='lat' dir='ltr'><strong>administretur.</strong></span> 
     </span>
    </p>

    <p class='ocr_par' dir='ltr' id='par_1_3' title="bbox 323 1112 1373 2386">
     <span class='ocr_line' id='line_1_15' title="bbox 367 1112 1373 1155; baseline -0.002 -7"><span class='ocrx_word' id='word_1_100' title='bbox 367 1116 558 1148; x_wconf 88' lang='lat' dir='ltr'>CLXXVII.</span> <span class='ocrx_word' id='word_1_101' title='bbox 589 1116 636 1145; x_wconf 83' lang='lat' dir='ltr'><strong>Ex</strong></span> <span class='ocrx_word' id='word_1_102' title='bbox 654 1114 766 1145; x_wconf 90' lang='lat' dir='ltr'><strong>harum</strong></span> <span class='ocrx_word' id='word_1_103' title='bbox 781 1112 893 1145; x_wconf 86' lang='lat' dir='ltr'><strong>ordine</strong></span> <span class='ocrx_word' id='word_1_104' title='bbox 909 1122 1015 1146; x_wconf 89' lang='lat' dir='ltr'><strong>rerum</strong></span> <span class='ocrx_word' id='word_1_105' title='bbox 1033 1113 1207 1146; x_wconf 89' lang='lat' dir='ltr'><strong>demanant</strong></span> <span class='ocrx_word' id='word_1_106' title='bbox 1220 1113 1285 1155; x_wconf 88' lang='lat' dir='ltr'><strong>illa,</strong></span> <span class='ocrx_word' id='word_1_107' title='bbox 1299 1122 1373 1155; x_wconf 79' lang='lat' dir='ltr'><strong>quae</strong></span> 
     </span>
     <span class='ocr_line' id='line_1_16' title="bbox 329 1171 1371 1214; baseline -0.002 -8"><span class='ocrx_word' id='word_1_108' title='bbox 329 1173 391 1206; x_wconf 86' lang='lat' dir='ltr'><strong>rari</strong></span> <span class='ocrx_word' id='word_1_109' title='bbox 420 1172 559 1213; x_wconf 89' lang='lat' dir='ltr'><strong>exempli</strong></span> <span class='ocrx_word' id='word_1_110' title='bbox 580 1176 679 1212; x_wconf 84' lang='lat' dir='ltr'><strong>sunt3</strong></span> <span class='ocrx_word' id='word_1_111' title='bbox 705 1180 843 1213; x_wconf 87' lang='lat' dir='ltr'><strong>quorum</strong></span> <span class='ocrx_word' id='word_1_112' title='bbox 873 1172 987 1212; x_wconf 87' lang='lat' dir='ltr'><strong>partim</strong></span> <span class='ocrx_word' id='word_1_113' title='bbox 1001 1171 1155 1213; x_wconf 76' lang='lat' dir='ltr'><strong>fortuna</strong></span> <span class='ocrx_word' id='word_1_114' title='bbox 1178 1173 1371 1214; x_wconf 86' lang='lat' dir='ltr'><strong>potestatem</strong></span> 
     </span>
     <span class='ocr_line' id='line_1_17' title="bbox 326 1230 1372 1273; baseline -0.001 -8"><span class='ocrx_word' id='word_1_115' title='bbox 326 1231 423 1265; x_wconf 88' lang='lat' dir='ltr'><strong>habet</strong></span> <span class='ocrx_word' id='word_1_116' title='bbox 450 1245 458 1265; x_wconf 88' lang='lat'>:</span> <span class='ocrx_word' id='word_1_117' title='bbox 491 1231 605 1273; x_wconf 88' lang='lat' dir='ltr'><strong>partim</strong></span> <span class='ocrx_word' id='word_1_118' title='bbox 626 1230 820 1272; x_wconf 84' lang='lat' dir='ltr'><strong>improvisa,</strong></span> <span class='ocrx_word' id='word_1_119' title='bbox 852 1232 884 1263; x_wconf 89' lang='lat' dir='ltr'><strong>et</strong></span> <span class='ocrx_word' id='word_1_120' title='bbox 911 1239 968 1263; x_wconf 89' lang='lat' dir='ltr'><strong>sua</strong></span> <span class='ocrx_word' id='word_1_121' title='bbox 999 1234 1132 1272; x_wconf 90' lang='lat' dir='ltr'><strong>sponte,</strong></span> <span class='ocrx_word' id='word_1_122' title='bbox 1163 1231 1372 1272; x_wconf 90' lang='lat' dir='ltr'><strong>proveniunt,</strong></span> 
     </span>
     <span class='ocr_line' id='line_1_18' title="bbox 325 1289 1373 1331; baseline 0 -9"><span class='ocrx_word' id='word_1_123' title='bbox 325 1290 443 1331; x_wconf 90' lang='lat' dir='ltr'><strong>quibus</strong></span> <span class='ocrx_word' id='word_1_124' title='bbox 461 1289 614 1322; x_wconf 88' lang='lat' dir='ltr'><strong>omnibus</strong></span> <span class='ocrx_word' id='word_1_125' title='bbox 630 1298 728 1322; x_wconf 79' lang='lat' dir='ltr'><strong>casus</strong></span> <span class='ocrx_word' id='word_1_126' title='bbox 747 1289 864 1321; x_wconf 88' lang='lat' dir='ltr'><strong>dicitur</strong></span> <span class='ocrx_word' id='word_1_127' title='bbox 876 1289 1037 1329; x_wconf 88' lang='lat' dir='ltr'><strong>imperare</strong></span> <span class='ocrx_word' id='word_1_128' title='bbox 1057 1299 1065 1321; x_wconf 92' lang='lat'>:</span> <span class='ocrx_word' id='word_1_129' title='bbox 1085 1298 1159 1331; x_wconf 83' lang='lat' dir='ltr'><strong>quae</strong></span> <span class='ocrx_word' id='word_1_130' title='bbox 1179 1289 1286 1322; x_wconf 85' lang='lat' dir='ltr'><strong>satalia</strong></span> <span class='ocrx_word' id='word_1_131' title='bbox 1302 1290 1373 1331; x_wconf 85' lang='lat' dir='ltr'><strong>qui-</strong></span> 
     </span>
     <span class='ocr_line' id='line_1_19' title="bbox 326 1348 1372 1390; baseline 0.002 -10"><span class='ocrx_word' id='word_1_132' title='bbox 326 1349 400 1382; x_wconf 90' lang='lat' dir='ltr'><strong>dem</strong></span> <span class='ocrx_word' id='word_1_133' title='bbox 419 1350 514 1390; x_wconf 88' lang='lat' dir='ltr'><strong>suut,</strong></span> <span class='ocrx_word' id='word_1_134' title='bbox 533 1348 737 1387; x_wconf 85' lang='lat' dir='ltr'><strong>continentur</strong></span> <span class='ocrx_word' id='word_1_135' title='bbox 753 1350 838 1381; x_wconf 92' lang='lat' dir='ltr'><strong>enim</strong></span> <span class='ocrx_word' id='word_1_136' title='bbox 859 1348 975 1381; x_wconf 87' lang='lat' dir='ltr'><strong>edictis</strong></span> <span class='ocrx_word' id='word_1_137' title='bbox 994 1348 1142 1385; x_wconf 81' lang='lat' dir='ltr'><strong>fatalibus</strong></span> <span class='ocrx_word' id='word_1_138' title='bbox 1155 1374 1163 1389; x_wconf 95' lang='lat'><strong>,</strong></span> <span class='ocrx_word' id='word_1_139' title='bbox 1178 1357 1238 1382; x_wconf 86' lang='lat' dir='ltr'><strong>nec</strong></span> <span class='ocrx_word' id='word_1_140' title='bbox 1263 1351 1372 1382; x_wconf 88' lang='lat' dir='ltr'><strong>tamen</strong></span> 
     </span>
     <span class='ocr_line' id='line_1_20' title="bbox 326 1406 1370 1447; baseline 0 -8"><span class='ocrx_word' id='word_1_141' title='bbox 326 1410 402 1439; x_wconf 90' lang='lat' dir='ltr'><strong>sunt</strong></span> <span class='ocrx_word' id='word_1_142' title='bbox 419 1407 609 1440; x_wconf 80' lang='lat' dir='ltr'><strong>necessitate</strong></span> <span class='ocrx_word' id='word_1_143' title='bbox 633 1406 784 1438; x_wconf 88' lang='lat' dir='ltr'><strong>violenta.</strong></span> <span class='ocrx_word' id='word_1_144' title='bbox 832 1406 969 1438; x_wconf 80' lang='lat' dir='ltr'><strong>Perinde</strong></span> <span class='ocrx_word' id='word_1_145' title='bbox 992 1407 1028 1438; x_wconf 93' lang='lat' dir='ltr'><strong>ut</strong></span> <span class='ocrx_word' id='word_1_146' title='bbox 1043 1415 1116 1447; x_wconf 85' lang='lat' dir='ltr'><strong>quae</strong></span> <span class='ocrx_word' id='word_1_147' title='bbox 1132 1414 1151 1438; x_wconf 88' lang='lat' dir='ltr'><strong>a</strong></span> <span class='ocrx_word' id='word_1_148' title='bbox 1168 1406 1258 1438; x_wconf 91' lang='lat' dir='ltr'><strong>nobis</strong></span> <span class='ocrx_word' id='word_1_149' title='bbox 1273 1407 1370 1447; x_wconf 82' lang='lat' dir='ltr'><strong>fiunt,</strong></span> 
     </span>
     <span class='ocr_line' id='line_1_21' title="bbox 326 1464 1371 1506; baseline 0 -8"><span class='ocrx_word' id='word_1_150' title='bbox 326 1465 531 1498; x_wconf 89' lang='lat' dir='ltr'><strong>continentur</strong></span> <span class='ocrx_word' id='word_1_151' title='bbox 555 1465 674 1506; x_wconf 87' lang='lat' dir='ltr'><strong>quippe</strong></span> <span class='ocrx_word' id='word_1_152' title='bbox 690 1464 812 1505; x_wconf 84' lang='lat' dir='ltr'><strong>legibus</strong></span> <span class='ocrx_word' id='word_1_153' title='bbox 834 1466 963 1505; x_wconf 79' lang='lat' dir='ltr'><strong>nostris,</strong></span> <span class='ocrx_word' id='word_1_154' title='bbox 982 1473 1041 1497; x_wconf 88' lang='lat' dir='ltr'><strong>nec</strong></span> <span class='ocrx_word' id='word_1_155' title='bbox 1060 1466 1166 1497; x_wconf 89' lang='lat' dir='ltr'><strong>tamen</strong></span> <span class='ocrx_word' id='word_1_156' title='bbox 1191 1465 1371 1498; x_wconf 91' lang='lat' dir='ltr'><strong>secundum</strong></span> 
     </span>
     <span class='ocr_line' id='line_1_22' title="bbox 326 1523 1372 1565; baseline -0.001 -9"><span class='ocrx_word' id='word_1_157' title='bbox 326 1525 411 1565; x_wconf 84' lang='lat' dir='ltr'><strong>leges</strong></span> <span class='ocrx_word' id='word_1_158' title='bbox 438 1523 648 1565; x_wconf 89' lang='lat' dir='ltr'><strong>proveniunt,</strong></span> <span class='ocrx_word' id='word_1_159' title='bbox 675 1523 794 1564; x_wconf 90' lang='lat' dir='ltr'><strong>quibus</strong></span> <span class='ocrx_word' id='word_1_160' title='bbox 823 1523 955 1555; x_wconf 90' lang='lat' dir='ltr'><strong>utimur.</strong></span> <span class='ocrx_word' id='word_1_161' title='bbox 1003 1524 1046 1555; x_wconf 90' lang='lat' dir='ltr'><strong>Ut</strong></span> <span class='ocrx_word' id='word_1_162' title='bbox 1074 1525 1170 1564; x_wconf 89' lang='lat' dir='ltr'><strong>pnta,</strong></span> <span class='ocrx_word' id='word_1_163' title='bbox 1199 1523 1292 1563; x_wconf 80' lang='lat' dir='ltr'><strong>jubet</strong></span> <span class='ocrx_word' id='word_1_164' title='bbox 1320 1523 1372 1556; x_wconf 81' lang='lat' dir='ltr'><strong>lex</strong></span> 
     </span>
     <span class='ocr_line' id='line_1_23' title="bbox 325 1581 1371 1624; baseline -0.002 -9"><span class='ocrx_word' id='word_1_165' title='bbox 325 1582 457 1615; x_wconf 82' lang='lat' dir='ltr'><strong>interfici</strong></span> <span class='ocrx_word' id='word_1_166' title='bbox 468 1582 578 1624; x_wconf 68' lang='lat' dir='ltr'><strong>patria&gt;</strong></span> <span class='ocrx_word' id='word_1_167' title='bbox 599 1582 811 1623; x_wconf 87' lang='lat' dir='ltr'><strong>proditorem.</strong></span> <span class='ocrx_word' id='word_1_168' title='bbox 857 1581 941 1621; x_wconf 88' lang='lat' dir='ltr'><strong>Quid</strong></span> <span class='ocrx_word' id='word_1_169' title='bbox 957 1584 1057 1622; x_wconf 77' lang='lat' dir='ltr'><strong>ergo?</strong></span> <span class='ocrx_word' id='word_1_170' title='bbox 1072 1582 1156 1620; x_wconf 89' lang='lat' dir='ltr'><strong>Quia</strong></span> <span class='ocrx_word' id='word_1_171' title='bbox 1177 1581 1371 1623; x_wconf 85' lang='lat' dir='ltr'><strong>proditorem</strong></span> 
     </span>
     <span class='ocr_line' id='line_1_24' title="bbox 326 1640 1373 1682; baseline -0.003 -7"><span class='ocrx_word' id='word_1_172' title='bbox 326 1644 420 1675; x_wconf 89' lang='lat' dir='ltr'><strong>vocat</strong></span> <span class='ocrx_word' id='word_1_173' title='bbox 440 1651 514 1674; x_wconf 88' lang='lat' dir='ltr'><strong>eum</strong></span> <span class='ocrx_word' id='word_1_174' title='bbox 527 1666 536 1682; x_wconf 96' lang='lat'><strong>,</strong></span> <span class='ocrx_word' id='word_1_175' title='bbox 554 1641 606 1673; x_wconf 93' lang='lat' dir='ltr'><strong>cui</strong></span> <span class='ocrx_word' id='word_1_176' title='bbox 623 1650 750 1682; x_wconf 76' lang='lat' dir='ltr'><strong>poenam</strong></span> <span class='ocrx_word' id='word_1_177' title='bbox 775 1641 904 1681; x_wconf 80' lang='lat' dir='ltr'><strong>statuit,</strong></span> <span class='ocrx_word' id='word_1_178' title='bbox 923 1649 1052 1673; x_wconf 89' lang='lat' dir='ltr'><strong>necesse</strong></span> <span class='ocrx_word' id='word_1_179' title='bbox 1070 1642 1119 1674; x_wconf 87' lang='lat' dir='ltr'><strong>est</strong></span> <span class='ocrx_word' id='word_1_180' title='bbox 1145 1643 1181 1673; x_wconf 90' lang='lat' dir='ltr'><strong>ut</strong></span> <span class='ocrx_word' id='word_1_181' title='bbox 1201 1640 1253 1673; x_wconf 89' lang='lat' dir='ltr'><strong>lex</strong></span> <span class='ocrx_word' id='word_1_182' title='bbox 1279 1640 1373 1673; x_wconf 81' lang='lat' dir='ltr'><strong>iaciat</strong></span> 
     </span>
     <span class='ocr_line' id='line_1_25' title="bbox 327 1699 1373 1741; baseline 0.001 -10"><span class='ocrx_word' id='word_1_183' title='bbox 327 1699 549 1741; x_wconf 73' lang='lat' dir='ltr'><strong>proditorem?</strong></span> <span class='ocrx_word' id='word_1_184' title='bbox 562 1701 633 1733; x_wconf 87' lang='lat' dir='ltr'><strong>Non</strong></span> <span class='ocrx_word' id='word_1_185' title='bbox 649 1700 774 1741; x_wconf 90' lang='lat' dir='ltr'><strong>opinor.</strong></span> <span class='ocrx_word' id='word_1_186' title='bbox 820 1701 901 1732; x_wconf 86' lang='lat' dir='ltr'><strong>Nam</strong></span> <span class='ocrx_word' id='word_1_187' title='bbox 917 1699 1060 1740; x_wconf 86' lang='lat' dir='ltr'><strong>proditor</strong></span> <span class='ocrx_word' id='word_1_188' title='bbox 1074 1699 1204 1740; x_wconf 90' lang='lat' dir='ltr'><strong>quidem</strong></span> <span class='ocrx_word' id='word_1_189' title='bbox 1218 1708 1275 1732; x_wconf 91' lang='lat' dir='ltr'><strong>sua</strong></span> <span class='ocrx_word' id='word_1_190' title='bbox 1288 1699 1373 1732; x_wconf 86' lang='lat' dir='ltr'><strong>mala</strong></span> 
     </span>
     <span class='ocr_line' id='line_1_26' title="bbox 327 1758 1370 1800; baseline 0 -9"><span class='ocrx_word' id='word_1_191' title='bbox 327 1760 456 1799; x_wconf 90' lang='lat' dir='ltr'><strong>mente,</strong></span> <span class='ocrx_word' id='word_1_192' title='bbox 493 1758 571 1800; x_wconf 90' lang='lat' dir='ltr'><strong>quin</strong></span> <span class='ocrx_word' id='word_1_193' title='bbox 601 1759 709 1799; x_wconf 90' lang='lat' dir='ltr'><strong>potius</strong></span> <span class='ocrx_word' id='word_1_194' title='bbox 736 1759 892 1799; x_wconf 89' lang='lat' dir='ltr'><strong>amentia,</strong></span> <span class='ocrx_word' id='word_1_195' title='bbox 926 1759 1104 1800; x_wconf 83' lang='lat' dir='ltr'><strong>prorumpit</strong></span> <span class='ocrx_word' id='word_1_196' title='bbox 1131 1759 1170 1791; x_wconf 91' lang='lat' dir='ltr'><strong>ad</strong></span> <span class='ocrx_word' id='word_1_197' title='bbox 1217 1758 1338 1791; x_wconf 80' lang='lat' dir='ltr'><strong>facinus</strong></span> <span class='ocrx_word' id='word_1_198' title='bbox 1362 1772 1370 1792; x_wconf 89' lang='lat'>:</span> 
     </span>
     <span class='ocr_line' id='line_1_27' title="bbox 326 1816 1372 1858; baseline 0.002 -10"><span class='ocrx_word' id='word_1_199' title='bbox 326 1816 459 1855; x_wconf 85' lang='lat' dir='ltr'><strong>punitur</strong></span> <span class='ocrx_word' id='word_1_200' title='bbox 479 1825 557 1848; x_wconf 89' lang='lat' dir='ltr'><strong>vero</strong></span> <span class='ocrx_word' id='word_1_201' title='bbox 587 1816 678 1856; x_wconf 82' lang='lat' dir='ltr'><strong>juxta</strong></span> <span class='ocrx_word' id='word_1_202' title='bbox 701 1816 816 1857; x_wconf 78' lang='lat' dir='ltr'><strong>legem.</strong></span> <span class='ocrx_word' id='word_1_203' title='bbox 862 1818 1069 1857; x_wconf 83' lang='lat' dir='ltr'><strong>Rursumque</strong></span> <span class='ocrx_word' id='word_1_204' title='bbox 1087 1817 1137 1849; x_wconf 86' lang='lat' dir='ltr'><strong>lex</strong></span> <span class='ocrx_word' id='word_1_205' title='bbox 1159 1819 1208 1850; x_wconf 89' lang='lat' dir='ltr'><strong>est</strong></span> <span class='ocrx_word' id='word_1_206' title='bbox 1227 1830 1235 1850; x_wconf 89' lang='lat'>:</span> <span class='ocrx_word' id='word_1_207' title='bbox 1265 1818 1372 1858; x_wconf 91' lang='lat' dir='ltr'><strong>utqui</strong></span> 
     </span>
     <span class='ocr_line' id='line_1_28' title="bbox 327 1872 1370 1914; baseline 0.003 -11"><span class='ocrx_word' id='word_1_208' title='bbox 327 1872 453 1904; x_wconf 83' lang='lat' dir='ltr'><strong>lortiter</strong></span> <span class='ocrx_word' id='word_1_209' title='bbox 477 1872 692 1913; x_wconf 86' lang='lat' dir='ltr'><strong>pugnaverit,</strong></span> <span class='ocrx_word' id='word_1_210' title='bbox 712 1873 848 1913; x_wconf 77' lang='lat' dir='ltr'><strong>praemio</strong></span> <span class='ocrx_word' id='word_1_211' title='bbox 881 1873 1049 1905; x_wconf 80' lang='lat' dir='ltr'><strong>afficiatur.</strong></span> <span class='ocrx_word' id='word_1_212' title='bbox 1094 1874 1172 1906; x_wconf 88' lang='lat' dir='ltr'><strong>Haec</strong></span> <span class='ocrx_word' id='word_1_213' title='bbox 1190 1874 1242 1906; x_wconf 90' lang='lat' dir='ltr'><strong>lex</strong></span> <span class='ocrx_word' id='word_1_214' title='bbox 1262 1873 1370 1914; x_wconf 80' lang='lat' dir='ltr'><strong>jubet;</strong></span> 
     </span>
     <span class='ocr_line' id='line_1_29' title="bbox 327 1930 1371 1971; baseline 0.002 -9"><span class='ocrx_word' id='word_1_215' title='bbox 327 1939 392 1962; x_wconf 89' lang='lat' dir='ltr'><strong>non</strong></span> <span class='ocrx_word' id='word_1_216' title='bbox 412 1932 519 1963; x_wconf 87' lang='lat' dir='ltr'><strong>tamen</strong></span> <span class='ocrx_word' id='word_1_217' title='bbox 543 1930 718 1971; x_wconf 90' lang='lat' dir='ltr'><strong>victorem,</strong></span> <span class='ocrx_word' id='word_1_218' title='bbox 733 1932 788 1962; x_wconf 88' lang='lat' dir='ltr'><strong>aut</strong></span> <span class='ocrx_word' id='word_1_219' title='bbox 810 1930 999 1970; x_wconf 88' lang='lat' dir='ltr'><strong>victoriam,</strong></span> <span class='ocrx_word' id='word_1_220' title='bbox 1017 1931 1067 1963; x_wconf 86' lang='lat' dir='ltr'><strong>lex</strong></span> <span class='ocrx_word' id='word_1_221' title='bbox 1085 1931 1160 1964; x_wconf 77' lang='lat' dir='ltr'><strong>tacit</strong></span> <span class='ocrx_word' id='word_1_222' title='bbox 1183 1945 1192 1964; x_wconf 72' lang='lat' dir='ltr'><em>z</em></span> <span class='ocrx_word' id='word_1_223' title='bbox 1215 1933 1371 1964; x_wconf 86' lang='lat' dir='ltr'><strong>ettamen</strong></span> 
     </span>
     <span class='ocr_line' id='line_1_30' title="bbox 326 1991 1372 2033; baseline 0.003 -11"><span class='ocrx_word' id='word_1_224' title='bbox 326 1991 378 2023; x_wconf 88' lang='lat' dir='ltr'><strong>lex</strong></span> <span class='ocrx_word' id='word_1_225' title='bbox 413 1991 580 2031; x_wconf 82' lang='lat' dir='ltr'><strong>praemium</strong></span> <span class='ocrx_word' id='word_1_226' title='bbox 613 1991 679 2023; x_wconf 89' lang='lat' dir='ltr'><strong>dat.</strong></span> <span class='ocrx_word' id='word_1_227' title='bbox 726 1992 965 2032; x_wconf 78' lang='lat' dir='ltr'><strong>proptereaque</strong></span> <span class='ocrx_word' id='word_1_228' title='bbox 999 1991 1051 2024; x_wconf 83' lang='lat' dir='ltr'><strong>lex</strong></span> <span class='ocrx_word' id='word_1_229' title='bbox 1077 1992 1264 2032; x_wconf 85' lang='lat' dir='ltr'><strong>generaliter</strong></span> <span class='ocrx_word' id='word_1_230' title='bbox 1280 1993 1372 2033; x_wconf 72' lang='lat' dir='ltr'><strong>iubet</strong></span> 
     </span>
     <span class='ocr_line' id='line_1_31' title="bbox 325 2049 1371 2091; baseline 0.003 -10"><span class='ocrx_word' id='word_1_231' title='bbox 325 2050 473 2081; x_wconf 85' lang='lat' dir='ltr'><strong>omnibus</strong></span> <span class='ocrx_word' id='word_1_232' title='bbox 491 2058 566 2090; x_wconf 85' lang='lat' dir='ltr'><strong>quae</strong></span> <span class='ocrx_word' id='word_1_233' title='bbox 589 2049 733 2082; x_wconf 83' lang='lat' dir='ltr'><strong>facienda</strong></span> <span class='ocrx_word' id='word_1_234' title='bbox 747 2051 809 2082; x_wconf 89' lang='lat' dir='ltr'><strong>sint</strong></span> <span class='ocrx_word' id='word_1_235' title='bbox 821 2074 829 2088; x_wconf 93' lang='lat'><strong>,</strong></span> <span class='ocrx_word' id='word_1_236' title='bbox 847 2049 1060 2091; x_wconf 86' lang='lat' dir='ltr'><strong>prohibetque</strong></span> <span class='ocrx_word' id='word_1_237' title='bbox 1083 2059 1195 2083; x_wconf 88' lang='lat' dir='ltr'><strong>omnes</strong></span> <span class='ocrx_word' id='word_1_238' title='bbox 1210 2051 1250 2083; x_wconf 92' lang='lat' dir='ltr'><strong>ab</strong></span> <span class='ocrx_word' id='word_1_239' title='bbox 1263 2051 1371 2084; x_wconf 88' lang='lat' dir='ltr'><strong>incon·</strong></span> 
     </span>
     <span class='ocr_line' id='line_1_32' title="bbox 328 2108 1371 2151; baseline 0.003 -11"><span class='ocrx_word' id='word_1_240' title='bbox 328 2108 545 2141; x_wconf 85' lang='lat' dir='ltr'><strong>venientibus.</strong></span> <span class='ocrx_word' id='word_1_241' title='bbox 594 2109 656 2141; x_wconf 85' lang='lat' dir='ltr'><strong>Sed</strong></span> <span class='ocrx_word' id='word_1_242' title='bbox 675 2117 739 2140; x_wconf 92' lang='lat' dir='ltr'><strong>non</strong></span> <span class='ocrx_word' id='word_1_243' title='bbox 765 2117 878 2141; x_wconf 87' lang='lat' dir='ltr'><strong>omnes</strong></span> <span class='ocrx_word' id='word_1_244' title='bbox 907 2108 1152 2151; x_wconf 82' lang='lat' dir='ltr'><strong>obtemperant3</strong></span> <span class='ocrx_word' id='word_1_245' title='bbox 1172 2119 1231 2143; x_wconf 90' lang='lat' dir='ltr'><strong>nec</strong></span> <span class='ocrx_word' id='word_1_246' title='bbox 1258 2120 1371 2144; x_wconf 90' lang='lat' dir='ltr'><strong>omnes</strong></span> 
     </span>
     <span class='ocr_line' id='line_1_33' title="bbox 326 2167 1369 2211; baseline 0.002 -12"><span class='ocrx_word' id='word_1_247' title='bbox 326 2167 467 2206; x_wconf 76' lang='lat' dir='ltr'><strong>iaciunt,</strong></span> <span class='ocrx_word' id='word_1_248' title='bbox 484 2176 556 2208; x_wconf 85' lang='lat' dir='ltr'><strong>quae</strong></span> <span class='ocrx_word' id='word_1_249' title='bbox 570 2167 735 2208; x_wconf 83' lang='lat' dir='ltr'><strong>jubentur.</strong></span> <span class='ocrx_word' id='word_1_250' title='bbox 761 2169 844 2206; x_wconf 76' lang='lat' dir='ltr'><strong>Quae</strong></span> <span class='ocrx_word' id='word_1_251' title='bbox 866 2177 914 2199; x_wconf 90' lang='lat' dir='ltr'><strong>res</strong></span> <span class='ocrx_word' id='word_1_252' title='bbox 934 2167 1100 2208; x_wconf 89' lang='lat' dir='ltr'><strong>ostendit,</strong></span> <span class='ocrx_word' id='word_1_253' title='bbox 1118 2169 1284 2209; x_wconf 85' lang='lat' dir='ltr'><strong>optionem</strong></span> <span class='ocrx_word' id='word_1_254' title='bbox 1304 2170 1369 2211; x_wconf 89' lang='lat' dir='ltr'><strong>qui-</strong></span> 
     </span>
     <span class='ocr_line' id='line_1_34' title="bbox 325 2227 1371 2269; baseline 0.003 -10"><span class='ocrx_word' id='word_1_255' title='bbox 325 2228 397 2259; x_wconf 91' lang='lat' dir='ltr'><strong>dcm</strong></span> <span class='ocrx_word' id='word_1_256' title='bbox 423 2236 494 2260; x_wconf 87' lang='lat' dir='ltr'><strong>esse</strong></span> <span class='ocrx_word' id='word_1_257' title='bbox 520 2227 551 2259; x_wconf 90' lang='lat' dir='ltr'><strong>in</strong></span> <span class='ocrx_word' id='word_1_258' title='bbox 581 2228 791 2269; x_wconf 81' lang='lat' dir='ltr'><strong>hominibus,</strong></span> <span class='ocrx_word' id='word_1_259' title='bbox 819 2236 879 2260; x_wconf 87' lang='lat' dir='ltr'><strong>nec</strong></span> <span class='ocrx_word' id='word_1_260' title='bbox 909 2228 1043 2261; x_wconf 84' lang='lat' dir='ltr'><strong>eandem</strong></span> <span class='ocrx_word' id='word_1_261' title='bbox 1067 2228 1099 2260; x_wconf 90' lang='lat' dir='ltr'><strong>in</strong></span> <span class='ocrx_word' id='word_1_262' title='bbox 1118 2229 1278 2262; x_wconf 89' lang='lat' dir='ltr'><strong>omnibus.</strong></span> <span class='ocrx_word' id='word_1_263' title='bbox 1325 2233 1371 2263; x_wconf 84' lang='lat' dir='ltr'><strong>Ea</strong></span> 
     </span>
     <span class='ocr_line' id='line_1_35' title="bbox 325 2285 1371 2327; baseline 0.002 -10"><span class='ocrx_word' id='word_1_264' title='bbox 325 2294 420 2326; x_wconf 91' lang='lat' dir='ltr'><strong>vero,</strong></span> <span class='ocrx_word' id='word_1_265' title='bbox 439 2294 511 2326; x_wconf 82' lang='lat' dir='ltr'><strong>quae</strong></span> <span class='ocrx_word' id='word_1_266' title='bbox 531 2286 723 2326; x_wconf 89' lang='lat' dir='ltr'><strong>sequuntur,</strong></span> <span class='ocrx_word' id='word_1_267' title='bbox 738 2285 769 2317; x_wconf 91' lang='lat' dir='ltr'><strong>id</strong></span> <span class='ocrx_word' id='word_1_268' title='bbox 793 2287 842 2317; x_wconf 88' lang='lat' dir='ltr'><strong>cst</strong></span> <span class='ocrx_word' id='word_1_269' title='bbox 864 2286 1027 2327; x_wconf 84' lang='lat' dir='ltr'><strong>legitima,</strong></span> <span class='ocrx_word' id='word_1_270' title='bbox 1049 2285 1081 2318; x_wconf 88' lang='lat' dir='ltr'><strong>id</strong></span> <span class='ocrx_word' id='word_1_271' title='bbox 1101 2288 1151 2319; x_wconf 90' lang='lat' dir='ltr'><strong>est</strong></span> <span class='ocrx_word' id='word_1_272' title='bbox 1169 2287 1371 2319; x_wconf 85' lang='lat' dir='ltr'><strong>animadver-</strong></span> 
     </span>
     <span class='ocr_line' id='line_1_36' title="bbox 323 2344 975 2386; baseline 0 -10"><span class='ocrx_word' id='word_1_273' title='bbox 323 2344 447 2384; x_wconf 89' lang='lat' dir='ltr'><strong>siones,</strong></span> <span class='ocrx_word' id='word_1_274' title='bbox 466 2345 519 2376; x_wconf 89' lang='lat' dir='ltr'><strong>vel</strong></span> <span class='ocrx_word' id='word_1_275' title='bbox 535 2344 670 2386; x_wconf 82' lang='lat' dir='ltr'><strong>praemia</strong></span> <span class='ocrx_word' id='word_1_276' title='bbox 683 2368 693 2383; x_wconf 94' lang='lat'><strong>,</strong></span> <span class='ocrx_word' id='word_1_277' title='bbox 710 2353 748 2377; x_wconf 84' lang='lat' dir='ltr'><strong>ex</strong></span> <span class='ocrx_word' id='word_1_278' title='bbox 766 2345 834 2385; x_wconf 86' lang='lat' dir='ltr'><strong>lege</strong></span> <span class='ocrx_word' id='word_1_279' title='bbox 853 2347 975 2377; x_wconf 85' lang='lat' dir='ltr'><strong>sancta.</strong></span> 
     </span>
    </p>

    <p class='ocr_par' dir='ltr' id='par_1_4' title="bbox 323 2404 1370 2920">
     <span class='ocr_line' id='line_1_37' title="bbox 365 2404 1368 2448; baseline 0.004 -14"><span class='ocrx_word' id='word_1_280' title='bbox 365 2404 564 2436; x_wconf 80' lang='lat' dir='ltr'><strong>CLxxvtlt.</strong></span> <span class='ocrx_word' id='word_1_281' title='bbox 589 2404 676 2436; x_wconf 89' lang='lat' dir='ltr'><strong>Talis</strong></span> <span class='ocrx_word' id='word_1_282' title='bbox 703 2408 768 2443; x_wconf 89' lang='lat' dir='ltr'><strong>est,</strong></span> <span class='ocrx_word' id='word_1_283' title='bbox 790 2404 915 2444; x_wconf 86' lang='lat' dir='ltr'><strong>opinor,</strong></span> <span class='ocrx_word' id='word_1_284' title='bbox 932 2404 1031 2436; x_wconf 88' lang='lat' dir='ltr'><strong>etiam</strong></span> <span class='ocrx_word' id='word_1_285' title='bbox 1055 2404 1106 2437; x_wconf 88' lang='lat' dir='ltr'><strong>lex</strong></span> <span class='ocrx_word' id='word_1_286' title='bbox 1131 2405 1184 2437; x_wconf 90' lang='lat' dir='ltr'><strong>illa</strong></span> <span class='ocrx_word' id='word_1_287' title='bbox 1208 2405 1368 2448; x_wconf 85' lang='lat' dir='ltr'><strong>coelestis,</strong></span> 
     </span>
     <span class='ocr_line' id='line_1_38' title="bbox 325 2462 1369 2505; baseline 0.002 -11"><span class='ocrx_word' id='word_1_288' title='bbox 325 2471 400 2502; x_wconf 89' lang='lat' dir='ltr'><strong>quae</strong></span> <span class='ocrx_word' id='word_1_289' title='bbox 424 2462 525 2494; x_wconf 81' lang='lat' dir='ltr'><strong>ratum</strong></span> <span class='ocrx_word' id='word_1_290' title='bbox 543 2466 691 2502; x_wconf 83' lang='lat' dir='ltr'><strong>vocatur,</strong></span> <span class='ocrx_word' id='word_1_291' title='bbox 713 2463 854 2495; x_wconf 88' lang='lat' dir='ltr'><strong>sciscens</strong></span> <span class='ocrx_word' id='word_1_292' title='bbox 874 2463 1061 2495; x_wconf 86' lang='lat' dir='ltr'><strong>hominibus</strong></span> <span class='ocrx_word' id='word_1_293' title='bbox 1088 2464 1239 2505; x_wconf 86' lang='lat' dir='ltr'><strong>honesta,</strong></span> <span class='ocrx_word' id='word_1_294' title='bbox 1262 2465 1369 2505; x_wconf 86' lang='lat' dir='ltr'><strong>prohi-</strong></span> 
     </span>
     <span class='ocr_line' id='line_1_39' title="bbox 325 2520 1370 2564; baseline 0.004 -13"><span class='ocrx_word' id='word_1_295' title='bbox 325 2520 403 2552; x_wconf 88' lang='lat' dir='ltr'><strong>bens</strong></span> <span class='ocrx_word' id='word_1_296' title='bbox 420 2520 592 2553; x_wconf 86' lang='lat' dir='ltr'><strong>contraria.</strong></span> <span class='ocrx_word' id='word_1_297' title='bbox 641 2522 736 2562; x_wconf 90' lang='lat' dir='ltr'><strong>Sequi</strong></span> <span class='ocrx_word' id='word_1_298' title='bbox 760 2530 858 2562; x_wconf 90' lang='lat' dir='ltr'><strong>porro</strong></span> <span class='ocrx_word' id='word_1_299' title='bbox 881 2523 1029 2554; x_wconf 84' lang='lat' dir='ltr'><strong>nostrum</strong></span> <span class='ocrx_word' id='word_1_300' title='bbox 1045 2523 1112 2563; x_wconf 90' lang='lat' dir='ltr'><strong>est,</strong></span> <span class='ocrx_word' id='word_1_301' title='bbox 1133 2525 1164 2555; x_wconf 91' lang='lat' dir='ltr'><strong>et</strong></span> <span class='ocrx_word' id='word_1_302' title='bbox 1182 2531 1201 2555; x_wconf 89' lang='lat' dir='ltr'><strong>a</strong></span> <span class='ocrx_word' id='word_1_303' title='bbox 1218 2523 1272 2555; x_wconf 82' lang='lat' dir='ltr'><strong>fati</strong></span> <span class='ocrx_word' id='word_1_304' title='bbox 1294 2525 1370 2564; x_wconf 79' lang='lat' dir='ltr'><strong>Jugo</strong></span> 
     </span>
     <span class='ocr_line' id='line_1_40' title="bbox 325 2580 1369 2625; baseline 0.004 -14"><span class='ocrx_word' id='word_1_305' title='bbox 325 2581 459 2612; x_wconf 89' lang='lat' dir='ltr'><strong>liberum</strong></span> <span class='ocrx_word' id='word_1_306' title='bbox 478 2593 487 2614; x_wconf 74' lang='grc' dir='ltr'>ε</span> <span class='ocrx_word' id='word_1_307' title='bbox 506 2580 627 2613; x_wconf 89' lang='lat' dir='ltr'><strong>laudari</strong></span> <span class='ocrx_word' id='word_1_308' title='bbox 647 2589 727 2613; x_wconf 79' lang='lat' dir='ltr'><strong>vero</strong></span> <span class='ocrx_word' id='word_1_309' title='bbox 755 2583 904 2622; x_wconf 86' lang='lat' dir='ltr'><strong>agentem</strong></span> <span class='ocrx_word' id='word_1_310' title='bbox 924 2582 1023 2622; x_wconf 90' lang='lat' dir='ltr'><strong>bene,</strong></span> <span class='ocrx_word' id='word_1_311' title='bbox 1041 2583 1110 2614; x_wconf 87' lang='lat' dir='ltr'><strong>tarn</strong></span> <span class='ocrx_word' id='word_1_312' title='bbox 1135 2583 1225 2623; x_wconf 86' lang='lat' dir='ltr'><strong>juxta</strong></span> <span class='ocrx_word' id='word_1_313' title='bbox 1245 2583 1346 2623; x_wconf 85' lang='lat' dir='ltr'><strong>legem</strong></span> <span class='ocrx_word' id='word_1_314' title='bbox 1359 2609 1369 2625; x_wconf 93' lang='lat'><strong>,</strong></span> 
     </span>
     <span class='ocr_line' id='line_1_41' title="bbox 325 2639 1369 2683; baseline 0.005 -13"><span class='ocrx_word' id='word_1_315' title='bbox 325 2648 421 2679; x_wconf 90' lang='lat' dir='ltr'><strong>qnam</strong></span> <span class='ocrx_word' id='word_1_316' title='bbox 449 2639 542 2679; x_wconf 74' lang='lat' dir='ltr'><strong>Juxta</strong></span> <span class='ocrx_word' id='word_1_317' title='bbox 572 2647 744 2672; x_wconf 90' lang='lat' dir='ltr'><strong>commune</strong></span> <span class='ocrx_word' id='word_1_318' title='bbox 772 2639 943 2680; x_wconf 85' lang='lat' dir='ltr'><strong>judicium.</strong></span> <span class='ocrx_word' id='word_1_319' title='bbox 988 2641 1139 2673; x_wconf 90' lang='lat' dir='ltr'><strong>Similiter</strong></span> <span class='ocrx_word' id='word_1_320' title='bbox 1169 2650 1245 2683; x_wconf 84' lang='lat' dir='ltr'><strong>ergo</strong></span> <span class='ocrx_word' id='word_1_321' title='bbox 1272 2643 1369 2675; x_wconf 87' lang='lat' dir='ltr'><strong>etiam</strong></span> 
     </span>
     <span class='ocr_line' id='line_1_42' title="bbox 323 2697 1367 2742; baseline 0.005 -13"><span class='ocrx_word' id='word_1_322' title='bbox 323 2697 500 2737; x_wconf 84' lang='lat' dir='ltr'><strong>contraria,</strong></span> <span class='ocrx_word' id='word_1_323' title='bbox 519 2698 649 2730; x_wconf 88' lang='lat' dir='ltr'><strong>mentiri</strong></span> <span class='ocrx_word' id='word_1_324' title='bbox 673 2698 803 2739; x_wconf 87' lang='lat' dir='ltr'><strong>quidem</strong></span> <span class='ocrx_word' id='word_1_325' title='bbox 821 2702 853 2730; x_wconf 88' lang='lat' dir='ltr'><strong>et</strong></span> <span class='ocrx_word' id='word_1_326' title='bbox 877 2700 1013 2740; x_wconf 85' lang='lat' dir='ltr'><strong>pessime</strong></span> <span class='ocrx_word' id='word_1_327' title='bbox 1035 2709 1128 2741; x_wconf 86' lang='lat' dir='ltr'><strong>agere</strong></span> <span class='ocrx_word' id='word_1_328' title='bbox 1147 2701 1247 2734; x_wconf 84' lang='lat' dir='ltr'><strong>vitam</strong></span> <span class='ocrx_word' id='word_1_329' title='bbox 1262 2726 1271 2742; x_wconf 95' lang='lat'>‚</span> <span class='ocrx_word' id='word_1_330' title='bbox 1289 2710 1367 2734; x_wconf 89' lang='lat' dir='ltr'><strong>con·</strong></span> 
     </span>
     <span class='ocr_line' id='line_1_43' title="bbox 324 2755 1367 2801; baseline 0.006 -14"><span class='ocrx_word' id='word_1_331' title='bbox 324 2756 445 2788; x_wconf 92' lang='lat' dir='ltr'><strong>tinetur</strong></span> <span class='ocrx_word' id='word_1_332' title='bbox 459 2755 564 2788; x_wconf 91' lang='lat' dir='ltr'><strong>edicto</strong></span> <span class='ocrx_word' id='word_1_333' title='bbox 583 2767 591 2786; x_wconf 91' lang='lat'>:</span> <span class='ocrx_word' id='word_1_334' title='bbox 610 2757 642 2788; x_wconf 87' lang='lat' dir='ltr'><strong>et</strong></span> <span class='ocrx_word' id='word_1_335' title='bbox 659 2760 707 2789; x_wconf 88' lang='lat' dir='ltr'><strong>est</strong></span> <span class='ocrx_word' id='word_1_336' title='bbox 722 2757 756 2789; x_wconf 91' lang='lat' dir='ltr'><strong>in</strong></span> <span class='ocrx_word' id='word_1_337' title='bbox 777 2757 916 2789; x_wconf 84' lang='lat' dir='ltr'><strong>hominis</strong></span> <span class='ocrx_word' id='word_1_338' title='bbox 933 2758 1068 2791; x_wconf 89' lang='lat' dir='ltr'><strong>arbitrio</strong></span> <span class='ocrx_word' id='word_1_339' title='bbox 1083 2783 1093 2798; x_wconf 94' lang='lat'>‚</span> <span class='ocrx_word' id='word_1_340' title='bbox 1110 2762 1146 2792; x_wconf 91' lang='lat' dir='ltr'><strong>ut</strong></span> <span class='ocrx_word' id='word_1_341' title='bbox 1169 2761 1367 2801; x_wconf 57' lang='lat' dir='ltr'><strong>prsecedens.</strong></span> 
     </span>
     <span class='ocr_line' id='line_1_44' title="bbox 324 2815 1369 2865; baseline 0.005 -17"><span class='ocrx_word' id='word_1_342' title='bbox 324 2815 407 2848; x_wconf 89' lang='lat' dir='ltr'><strong>Male</strong></span> <span class='ocrx_word' id='word_1_343' title='bbox 426 2823 522 2865; x_wconf 82' lang='lat' dir='ltr'><strong>porro</strong></span> <span class='ocrx_word' id='word_1_344' title='bbox 546 2815 645 2848; x_wconf 87' lang='lat' dir='ltr'><strong>vitam</strong></span> <span class='ocrx_word' id='word_1_345' title='bbox 663 2816 848 2857; x_wconf 81' lang='lat' dir='ltr'><strong>disponere,</strong></span> <span class='ocrx_word' id='word_1_346' title='bbox 868 2818 1030 2859; x_wconf 89' lang='lat' dir='ltr'><strong>proprium</strong></span> <span class='ocrx_word' id='word_1_347' title='bbox 1047 2822 1097 2851; x_wconf 89' lang='lat' dir='ltr'><strong>est</strong></span> <span class='ocrx_word' id='word_1_348' title='bbox 1113 2820 1272 2860; x_wconf 87' lang='lat' dir='ltr'><strong>hominis,</strong></span> <span class='ocrx_word' id='word_1_349' title='bbox 1298 2830 1369 2862; x_wconf 90' lang='lat' dir='ltr'><strong>pro-</strong></span> 
     </span>
     <span class='ocr_line' id='line_1_45' title="bbox 326 2874 1369 2920; baseline 0.008 -16"><span class='ocrx_word' id='word_1_350' title='bbox 326 2876 495 2915; x_wconf 86' lang='lat' dir='ltr'><strong>ptereaque</strong></span> <span class='ocrx_word' id='word_1_351' title='bbox 517 2874 623 2915; x_wconf 90' lang='lat' dir='ltr'><strong>puniri</strong></span> <span class='ocrx_word' id='word_1_352' title='bbox 643 2874 734 2915; x_wconf 87' lang='lat' dir='ltr'><strong>plane</strong></span> <span class='ocrx_word' id='word_1_353' title='bbox 763 2876 812 2907; x_wconf 90' lang='lat' dir='ltr'><strong>est</strong></span> <span class='ocrx_word' id='word_1_354' title='bbox 837 2884 876 2908; x_wconf 88' lang='lat' dir='ltr'><strong>ex</strong></span> <span class='ocrx_word' id='word_1_355' title='bbox 908 2877 1098 2910; x_wconf 87' lang='lat' dir='ltr'><strong>necessitate</strong></span> <span class='ocrx_word' id='word_1_356' title='bbox 1130 2878 1235 2919; x_wconf 80' lang='lat' dir='ltr'><strong>tatali3</strong></span> <span class='ocrx_word' id='word_1_357' title='bbox 1261 2881 1369 2920; x_wconf 90' lang='lat' dir='ltr'><strong>utpote</strong></span> 
     </span>
    </p>
   </div>
   <div class='ocr_carea' id='block_1_3' title="bbox 324 2931 1369 3031">
    <p class='ocr_par' dir='ltr' id='par_1_5' title="bbox 324 2931 1369 3031">
     <span class='ocr_line' id='line_1_46' title="bbox 324 2931 1369 2974; baseline 0.008 -11"><span class='ocrx_word' id='word_1_358' title='bbox 324 2932 411 2973; x_wconf 88' lang='lat' dir='ltr'><strong>quod</strong></span> <span class='ocrx_word' id='word_1_359' title='bbox 426 2931 527 2972; x_wconf 86' lang='lat' dir='ltr'><strong>legem</strong></span> <span class='ocrx_word' id='word_1_360' title='bbox 554 2934 717 2973; x_wconf 89' lang='lat' dir='ltr'><strong>sequatur.</strong></span> <span class='ocrx_word' id='word_1_361' title='bbox 765 2934 843 2966; x_wconf 78' lang='lat' dir='ltr'><strong>Haec</strong></span> <span class='ocrx_word' id='word_1_362' title='bbox 866 2943 959 2974; x_wconf 88' lang='lat' dir='ltr'><strong>porro</strong></span> <span class='ocrx_word' id='word_1_363' title='bbox 983 2937 1093 2968; x_wconf 88' lang='lat' dir='ltr'><strong>omnia</strong></span> <span class='ocrx_word' id='word_1_364' title='bbox 1121 2938 1228 2969; x_wconf 91' lang='lat' dir='ltr'><strong>sedem</strong></span> <span class='ocrx_word' id='word_1_365' title='bbox 1252 2938 1369 2972; x_wconf 88' lang='lat' dir='ltr'><strong>habent</strong></span> 
     </span>
     <span class='ocr_line' id='line_1_47' title="bbox 324 2984 1367 3031; baseline 0.009 -16"><span class='ocrx_word' id='word_1_366' title='bbox 324 2984 473 3016; x_wconf 89' lang='lat' dir='ltr'><strong>inanimis</strong></span> <span class='ocrx_word' id='word_1_367' title='bbox 503 2984 688 3025; x_wconf 86' lang='lat' dir='ltr'><strong>hominum;</strong></span> <span class='ocrx_word' id='word_1_368' title='bbox 721 2994 794 3026; x_wconf 85' lang='lat' dir='ltr'><strong>quae</strong></span> <span class='ocrx_word' id='word_1_369' title='bbox 824 2987 930 3018; x_wconf 87' lang='lat' dir='ltr'><strong>anima</strong></span> <span class='ocrx_word' id='word_1_370' title='bbox 963 2987 1061 3020; x_wconf 87' lang='lat' dir='ltr'><strong>libera</strong></span> <span class='ocrx_word' id='word_1_371' title='bbox 1084 2991 1152 3031; x_wconf 90' lang='lat' dir='ltr'><strong>est,</strong></span> <span class='ocrx_word' id='word_1_372' title='bbox 1179 2994 1211 3022; x_wconf 89' lang='lat' dir='ltr'><strong>et</strong></span> <span class='ocrx_word' id='word_1_373' title='bbox 1236 2991 1302 3031; x_wconf 88' lang='lat' dir='ltr'><strong>agit</strong></span> <span class='ocrx_word' id='word_1_374' title='bbox 1330 3001 1367 3023; x_wconf 89' lang='lat' dir='ltr'><strong>ex</strong></span> 
     </span>
    </p>
   </div>
   <div class='ocr_carea' id='block_1_4' title="bbox 323 3044 1368 3498">
    <p class='ocr_par' dir='ltr' id='par_1_6' title="bbox 323 3044 1368 3312">
     <span class='ocr_line' id='line_1_48' title="bbox 323 3044 1366 3091; baseline 0.007 -15"><span class='ocrx_word' id='word_1_375' title='bbox 323 3044 456 3076; x_wconf 90' lang='lat' dir='ltr'><strong>arbitrio</strong></span> <span class='ocrx_word' id='word_1_376' title='bbox 475 3053 544 3077; x_wconf 89' lang='lat' dir='ltr'><strong>suo.</strong></span> <span class='ocrx_word' id='word_1_377' title='bbox 591 3044 719 3084; x_wconf 90' lang='lat' dir='ltr'><strong>Optima</strong></span> <span class='ocrx_word' id='word_1_378' title='bbox 736 3054 830 3086; x_wconf 91' lang='lat' dir='ltr'><strong>porro</strong></span> <span class='ocrx_word' id='word_1_379' title='bbox 847 3055 918 3085; x_wconf 86' lang='lat' dir='ltr'><strong>pars</strong></span> <span class='ocrx_word' id='word_1_380' title='bbox 934 3047 1050 3080; x_wconf 89' lang='lat' dir='ltr'><strong>animae</strong></span> <span class='ocrx_word' id='word_1_381' title='bbox 1066 3057 1103 3080; x_wconf 90' lang='lat' dir='ltr'><strong>ea</strong></span> <span class='ocrx_word' id='word_1_382' title='bbox 1118 3051 1184 3090; x_wconf 86' lang='lat' dir='ltr'><strong>est,</strong></span> <span class='ocrx_word' id='word_1_383' title='bbox 1199 3059 1296 3091; x_wconf 90' lang='lat' dir='ltr'><strong>quam</strong></span> <span class='ocrx_word' id='word_1_384' title='bbox 1310 3051 1366 3083; x_wconf 89' lang='lat' dir='ltr'><strong>de-</strong></span> 
     </span>
     <span class='ocr_line' id='line_1_49' title="bbox 323 3103 1368 3148; baseline 0.008 -14"><span class='ocrx_word' id='word_1_385' title='bbox 323 3103 451 3143; x_wconf 86' lang='lat' dir='ltr'><strong>scripsit</strong></span> <span class='ocrx_word' id='word_1_386' title='bbox 470 3103 557 3135; x_wconf 85' lang='lat' dir='ltr'><strong>Plato</strong></span> <span class='ocrx_word' id='word_1_387' title='bbox 577 3103 740 3144; x_wconf 83' lang='lat' dir='ltr'><strong>duplicem</strong></span> <span class='ocrx_word' id='word_1_388' title='bbox 760 3103 876 3136; x_wconf 88' lang='lat' dir='ltr'><strong>habere</strong></span> <span class='ocrx_word' id='word_1_389' title='bbox 901 3105 1054 3137; x_wconf 88' lang='lat' dir='ltr'><strong>virtutem</strong></span> <span class='ocrx_word' id='word_1_390' title='bbox 1072 3119 1080 3139; x_wconf 93' lang='lat'>:</span> <span class='ocrx_word' id='word_1_391' title='bbox 1102 3116 1218 3148; x_wconf 90' lang='lat' dir='ltr'><strong>unam,</strong></span> <span class='ocrx_word' id='word_1_392' title='bbox 1235 3109 1368 3142; x_wconf 83' lang='lat' dir='ltr'><strong>incom-</strong></span> 
     </span>
     <span class='ocr_line' id='line_1_50' title="bbox 326 3162 1366 3206; baseline 0.008 -12"><span class='ocrx_word' id='word_1_393' title='bbox 326 3162 536 3202; x_wconf 86' lang='lat' dir='ltr'><strong>prehensione</strong></span> <span class='ocrx_word' id='word_1_394' title='bbox 549 3162 732 3195; x_wconf 90' lang='lat' dir='ltr'><strong>divinarum</strong></span> <span class='ocrx_word' id='word_1_395' title='bbox 753 3172 860 3195; x_wconf 91' lang='lat' dir='ltr'><strong>rerum</strong></span> <span class='ocrx_word' id='word_1_396' title='bbox 872 3187 880 3202; x_wconf 92' lang='lat'><strong>,</strong></span> <span class='ocrx_word' id='word_1_397' title='bbox 900 3173 972 3205; x_wconf 85' lang='lat' dir='ltr'><strong>quae</strong></span> <span class='ocrx_word' id='word_1_398' title='bbox 994 3168 1168 3206; x_wconf 79' lang='lat' dir='ltr'><strong>sapientia</strong></span> <span class='ocrx_word' id='word_1_399' title='bbox 1186 3171 1235 3200; x_wconf 89' lang='lat' dir='ltr'><strong>est</strong></span> <span class='ocrx_word' id='word_1_400' title='bbox 1253 3181 1260 3201; x_wconf 73' lang='lat' dir='ltr'><strong><em>z</em></strong></span> <span class='ocrx_word' id='word_1_401' title='bbox 1286 3170 1366 3202; x_wconf 88' lang='lat' dir='ltr'><strong>alte-</strong></span> 
     </span>
     <span class='ocr_line' id='line_1_51' title="bbox 324 3220 1366 3267; baseline 0.008 -15"><span class='ocrx_word' id='word_1_402' title='bbox 324 3229 393 3252; x_wconf 89' lang='lat' dir='ltr'><strong>ram</strong></span> <span class='ocrx_word' id='word_1_403' title='bbox 408 3246 416 3259; x_wconf 88' lang='lat'><strong>,</strong></span> <span class='ocrx_word' id='word_1_404' title='bbox 434 3220 466 3253; x_wconf 90' lang='lat' dir='ltr'><strong>in</strong></span> <span class='ocrx_word' id='word_1_405' title='bbox 488 3221 697 3262; x_wconf 87' lang='lat' dir='ltr'><strong>dispositione</strong></span> <span class='ocrx_word' id='word_1_406' title='bbox 721 3222 907 3254; x_wconf 88' lang='lat' dir='ltr'><strong>mortalium</strong></span> <span class='ocrx_word' id='word_1_407' title='bbox 931 3232 1059 3264; x_wconf 89' lang='lat' dir='ltr'><strong>rerum,</strong></span> <span class='ocrx_word' id='word_1_408' title='bbox 1078 3233 1151 3265; x_wconf 84' lang='lat' dir='ltr'><strong>quae</strong></span> <span class='ocrx_word' id='word_1_409' title='bbox 1172 3226 1366 3267; x_wconf 81' lang='lat' dir='ltr'><strong>prudentia</strong></span> 
     </span>
     <span class='ocr_line' id='line_1_52' title="bbox 325 3280 517 3312; baseline 0.01 -2"><span class='ocrx_word' id='word_1_410' title='bbox 325 3280 517 3312; x_wconf 85' lang='lat' dir='ltr'><strong>nominatur.</strong></span> 
     </span>
    </p>

    <p class='ocr_par' dir='ltr' id='par_1_7' title="bbox 326 3339 1366 3498">
     <span class='ocr_line' id='line_1_53' title="bbox 366 3339 1366 3383; baseline 0.008 -14"><span class='ocrx_word' id='word_1_411' title='bbox 366 3340 536 3372; x_wconf 84' lang='lat' dir='ltr'><strong>CLXXiX.</strong></span> <span class='ocrx_word' id='word_1_412' title='bbox 562 3339 685 3376; x_wconf 89' lang='lat' dir='ltr'><strong>Quodsi</strong></span> <span class='ocrx_word' id='word_1_413' title='bbox 714 3341 787 3380; x_wconf 90' lang='lat' dir='ltr'><strong>quis</strong></span> <span class='ocrx_word' id='word_1_414' title='bbox 812 3339 851 3371; x_wconf 91' lang='lat' dir='ltr'><strong>ad</strong></span> <span class='ocrx_word' id='word_1_415' title='bbox 880 3339 1031 3372; x_wconf 85' lang='lat' dir='ltr'><strong>humores</strong></span> <span class='ocrx_word' id='word_1_416' title='bbox 1051 3343 1216 3383; x_wconf 90' lang='lat' dir='ltr'><strong>corporis,</strong></span> <span class='ocrx_word' id='word_1_417' title='bbox 1237 3346 1366 3377; x_wconf 83' lang='lat' dir='ltr'><strong>natura-</strong></span> 
     </span>
     <span class='ocr_line' id='line_1_54' title="bbox 326 3394 1363 3442; baseline 0.01 -17"><span class='ocrx_word' id='word_1_418' title='bbox 326 3394 452 3436; x_wconf 75' lang='lat' dir='ltr'><strong>lemque</strong></span> <span class='ocrx_word' id='word_1_419' title='bbox 472 3397 556 3429; x_wconf 84' lang='lat' dir='ltr'><strong>illam</strong></span> <span class='ocrx_word' id='word_1_420' title='bbox 584 3398 822 3433; x_wconf 80' lang='lat' dir='ltr'><strong>concretionem</strong></span> <span class='ocrx_word' id='word_1_421' title='bbox 852 3398 1044 3440; x_wconf 83' lang='lat' dir='ltr'><strong>respiciens,</strong></span> <span class='ocrx_word' id='word_1_422' title='bbox 1062 3400 1231 3442; x_wconf 86' lang='lat' dir='ltr'><strong>plerosque</strong></span> <span class='ocrx_word' id='word_1_423' title='bbox 1250 3403 1363 3435; x_wconf 87' lang='lat' dir='ltr'><strong>intem-</strong></span> 
     </span>
     <span class='ocr_line' id='line_1_55' title="bbox 326 3457 1364 3498; baseline 0.009 -13"><span class='ocrx_word' id='word_1_424' title='bbox 326 3458 483 3496; x_wconf 73' lang='lat' dir='ltr'><strong>perantes,</strong></span> <span class='ocrx_word' id='word_1_425' title='bbox 506 3457 584 3489; x_wconf 90' lang='lat' dir='ltr'><strong>alios</strong></span> <span class='ocrx_word' id='word_1_426' title='bbox 616 3466 711 3498; x_wconf 90' lang='lat' dir='ltr'><strong>porro</strong></span> <span class='ocrx_word' id='word_1_427' title='bbox 736 3457 922 3490; x_wconf 87' lang='lat' dir='ltr'><strong>moderatos</strong></span> <span class='ocrx_word' id='word_1_428' title='bbox 951 3459 1095 3492; x_wconf 90' lang='lat' dir='ltr'><strong>homines</strong></span> <span class='ocrx_word' id='word_1_429' title='bbox 1121 3469 1191 3493; x_wconf 86' lang='lat' dir='ltr'><strong>esse</strong></span> <span class='ocrx_word' id='word_1_430' title='bbox 1210 3470 1272 3493; x_wconf 89' lang='lat' dir='ltr'><strong>non</strong></span> <span class='ocrx_word' id='word_1_431' title='bbox 1297 3462 1364 3494; x_wconf 87' lang='lat' dir='ltr'><strong>sine</strong></span> 
     </span>
    </p>
   </div>
   <div class='ocr_carea' id='block_1_5' title="bbox 1432 343 2483 1338">
    <p class='ocr_par' dir='ltr' id='par_1_8' title="bbox 1432 343 2483 1157">
     <span class='ocr_line' id='line_1_56' title="bbox 1432 343 2475 392; baseline -0.007 -7"><span class='ocrx_word' id='word_1_432' title='bbox 1432 351 1497 385; x_wconf 78' lang='lat' dir='ltr'><strong>tato</strong></span> <span class='ocrx_word' id='word_1_433' title='bbox 1521 352 1613 392; x_wconf 86' lang='lat' dir='ltr'><strong>putat</strong></span> <span class='ocrx_word' id='word_1_434' title='bbox 1632 364 1641 385; x_wconf 66' lang='grc' dir='ltr'><strong><em>ι</em></strong></span> <span class='ocrx_word' id='word_1_435' title='bbox 1659 351 1692 383; x_wconf 88' lang='lat' dir='ltr'><strong>et</strong></span> <span class='ocrx_word' id='word_1_436' title='bbox 1708 348 1956 390; x_wconf 77' lang='lat' dir='ltr'><strong>intemperantes</strong></span> <span class='ocrx_word' id='word_1_437' title='bbox 1968 345 2099 389; x_wconf 86' lang='lat' dir='ltr'><strong>quidem</strong></span> <span class='ocrx_word' id='word_1_438' title='bbox 2117 354 2156 379; x_wconf 77' lang='lat' dir='ltr'><strong>ex</strong></span> <span class='ocrx_word' id='word_1_439' title='bbox 2173 345 2348 379; x_wconf 85' lang='lat' dir='ltr'><strong>humorum</strong></span> <span class='ocrx_word' id='word_1_440' title='bbox 2360 343 2475 378; x_wconf 80' lang='lat' dir='ltr'><strong>intem-</strong></span> 
     </span>
     <span class='ocr_line' id='line_1_57' title="bbox 1433 403 2472 453; baseline -0.009 -9"><span class='ocrx_word' id='word_1_441' title='bbox 1433 410 1518 453; x_wconf 84' lang='lat' dir='ltr'><strong>perie</strong></span> <span class='ocrx_word' id='word_1_442' title='bbox 1538 407 1912 451; x_wconf 72' lang='lat' dir='ltr'><strong>laborare3&#39;moderatos</strong></span> <span class='ocrx_word' id='word_1_443' title='bbox 1932 407 2041 438; x_wconf 86' lang='lat' dir='ltr'><strong>autem</strong></span> <span class='ocrx_word' id='word_1_444' title='bbox 2066 414 2108 438; x_wconf 80' lang='lat' dir='ltr'><strong>ex</strong></span> <span class='ocrx_word' id='word_1_445' title='bbox 2129 403 2278 437; x_wconf 66' lang='lat' dir='ltr'><strong>felicitate</strong></span> <span class='ocrx_word' id='word_1_446' title='bbox 2296 403 2472 436; x_wconf 84' lang='lat' dir='ltr'><strong>concretio-</strong></span> 
     </span>
     <span class='ocr_line' id='line_1_58' title="bbox 1432 459 2483 510; baseline -0.009 -7"><span class='ocrx_word' id='word_1_447' title='bbox 1432 469 1480 503; x_wconf 70' lang='lat' dir='ltr'><strong>nis</strong></span> <span class='ocrx_word' id='word_1_448' title='bbox 1505 469 1603 503; x_wconf 86' lang='lat' dir='ltr'><strong>levari</strong></span> <span class='ocrx_word' id='word_1_449' title='bbox 1634 476 1736 510; x_wconf 89' lang='lat' dir='ltr'><strong>eaque</strong></span> <span class='ocrx_word' id='word_1_450' title='bbox 1757 466 1867 500; x_wconf 88' lang='lat' dir='ltr'><strong>omnia</strong></span> <span class='ocrx_word' id='word_1_451' title='bbox 1898 464 2030 497; x_wconf 84' lang='lat' dir='ltr'><strong>decreto</strong></span> <span class='ocrx_word' id='word_1_452' title='bbox 2056 463 2123 496; x_wconf 80' lang='lat' dir='ltr'><strong>sieri</strong></span> <span class='ocrx_word' id='word_1_453' title='bbox 2149 476 2157 496; x_wconf 90' lang='lat'><strong>:</strong></span> <span class='ocrx_word' id='word_1_454' title='bbox 2179 471 2258 496; x_wconf 85' lang='lat' dir='ltr'><strong>vera</strong></span> <span class='ocrx_word' id='word_1_455' title='bbox 2278 461 2376 495; x_wconf 79' lang='lat' dir='ltr'><strong>sentit</strong></span> <span class='ocrx_word' id='word_1_456' title='bbox 2401 459 2483 504; x_wconf 80' lang='lat' dir='ltr'><strong>qui·‘</strong></span> 
     </span>
     <span class='ocr_line' id='line_1_59' title="bbox 1433 519 2476 562; baseline -0.009 -1"><span class='ocrx_word' id='word_1_457' title='bbox 1433 527 1508 561; x_wconf 90' lang='lat' dir='ltr'><strong>dem</strong></span> <span class='ocrx_word' id='word_1_458' title='bbox 1537 539 1546 561; x_wconf 76' lang='grc' dir='ltr'><strong><em>ε</em></strong></span> <span class='ocrx_word' id='word_1_459' title='bbox 1575 529 1623 560; x_wconf 85' lang='lat' dir='ltr'><strong>est</strong></span> <span class='ocrx_word' id='word_1_460' title='bbox 1641 525 1728 559; x_wconf 83' lang='lat' dir='ltr'><strong>enirn</strong></span> <span class='ocrx_word' id='word_1_461' title='bbox 1747 526 1859 557; x_wconf 89' lang='lat' dir='ltr'><strong>natura</strong></span> <span class='ocrx_word' id='word_1_462' title='bbox 1879 523 2056 562; x_wconf 86' lang='lat' dir='ltr'><strong>tributum,</strong></span> <span class='ocrx_word' id='word_1_463' title='bbox 2077 522 2114 554; x_wconf 83' lang='lat' dir='ltr'><strong>ut</strong></span> <span class='ocrx_word' id='word_1_464' title='bbox 2133 521 2289 554; x_wconf 85' lang='lat' dir='ltr'><strong>imbecilla</strong></span> <span class='ocrx_word' id='word_1_465' title='bbox 2308 519 2476 553; x_wconf 87' lang='lat' dir='ltr'><strong>hominum</strong></span> 
     </span>
     <span class='ocr_line' id='line_1_60' title="bbox 1432 579 2477 625; baseline -0.009 -5"><span class='ocrx_word' id='word_1_466' title='bbox 1432 587 1518 620; x_wconf 90' lang='lat' dir='ltr'><strong>natio</strong></span> <span class='ocrx_word' id='word_1_467' title='bbox 1540 586 1591 619; x_wconf 86' lang='lat' dir='ltr'><strong>vel</strong></span> <span class='ocrx_word' id='word_1_468' title='bbox 1622 585 1745 618; x_wconf 85' lang='lat' dir='ltr'><strong>laboret</strong></span> <span class='ocrx_word' id='word_1_469' title='bbox 1775 584 1975 625; x_wconf 82' lang='lat' dir='ltr'><strong>improspere</strong></span> <span class='ocrx_word' id='word_1_470' title='bbox 1993 581 2212 621; x_wconf 86' lang='lat' dir='ltr'><strong>concretione,</strong></span> <span class='ocrx_word' id='word_1_471' title='bbox 2228 580 2280 613; x_wconf 86' lang='lat' dir='ltr'><strong>vel</strong></span> <span class='ocrx_word' id='word_1_472' title='bbox 2306 579 2477 620; x_wconf 78' lang='lat' dir='ltr'><strong>adjuvetur</strong></span> 
     </span>
     <span class='ocr_line' id='line_1_61' title="bbox 1433 636 2476 685; baseline -0.009 -6"><span class='ocrx_word' id='word_1_473' title='bbox 1433 645 1615 685; x_wconf 88' lang='lat' dir='ltr'><strong>moderata,</strong></span> <span class='ocrx_word' id='word_1_474' title='bbox 1647 644 1680 677; x_wconf 90' lang='lat' dir='ltr'><strong>in</strong></span> <span class='ocrx_word' id='word_1_475' title='bbox 1708 643 1866 685; x_wconf 87' lang='lat' dir='ltr'><strong>proventu</strong></span> <span class='ocrx_word' id='word_1_476' title='bbox 1895 639 2084 673; x_wconf 88' lang='lat' dir='ltr'><strong>honestatis.</strong></span> <span class='ocrx_word' id='word_1_477' title='bbox 2129 638 2273 680; x_wconf 85' lang='lat' dir='ltr'><strong>Ideoque</strong></span> <span class='ocrx_word' id='word_1_478' title='bbox 2301 636 2476 671; x_wconf 77' lang='lat' dir='ltr'><strong>adversum</strong></span> 
     </span>
     <span class='ocr_line' id='line_1_62' title="bbox 1434 695 2476 746; baseline -0.009 -8"><span class='ocrx_word' id='word_1_479' title='bbox 1434 703 1617 746; x_wconf 76' lang='lat' dir='ltr'><strong>huiusmodi</strong></span> <span class='ocrx_word' id='word_1_480' title='bbox 1635 703 1713 736; x_wconf 75' lang='lat' dir='ltr'><strong>vitia</strong></span> <span class='ocrx_word' id='word_1_481' title='bbox 1728 702 1862 735; x_wconf 83' lang='lat' dir='ltr'><strong>rationis</strong></span> <span class='ocrx_word' id='word_1_482' title='bbox 1880 700 2069 741; x_wconf 86' lang='lat' dir='ltr'><strong>consiliique</strong></span> <span class='ocrx_word' id='word_1_483' title='bbox 2082 697 2254 731; x_wconf 74' lang='lat' dir='ltr'><strong>salubritas</strong></span> <span class='ocrx_word' id='word_1_484' title='bbox 2265 695 2412 739; x_wconf 85' lang='lat' dir='ltr'><strong>opposita</strong></span> <span class='ocrx_word' id='word_1_485' title='bbox 2424 697 2476 730; x_wconf 83' lang='lat' dir='ltr'><strong>est</strong></span> 
     </span>
     <span class='ocr_line' id='line_1_63' title="bbox 1433 755 2476 806; baseline -0.005 -10"><span class='ocrx_word' id='word_1_486' title='bbox 1433 763 1642 806; x_wconf 80' lang='lat' dir='ltr'><strong>providentiae</strong></span> <span class='ocrx_word' id='word_1_487' title='bbox 1659 763 1737 804; x_wconf 78' lang='lat' dir='ltr'><strong>tege.</strong></span> <span class='ocrx_word' id='word_1_488' title='bbox 1780 760 1950 803; x_wconf 88' lang='lat' dir='ltr'><strong>Siquidem</strong></span> <span class='ocrx_word' id='word_1_489' title='bbox 1974 759 2120 799; x_wconf 87' lang='lat' dir='ltr'><strong>avaritia,</strong></span> <span class='ocrx_word' id='word_1_490' title='bbox 2146 756 2257 797; x_wconf 86' lang='lat' dir='ltr'><strong>libido,</strong></span> <span class='ocrx_word' id='word_1_491' title='bbox 2281 755 2476 798; x_wconf 77' lang='lat' dir='ltr'><strong>erudelitas,</strong></span> 
     </span>
     <span class='ocr_line' id='line_1_64' title="bbox 1433 814 2478 864; baseline -0.009 -8"><span class='ocrx_word' id='word_1_492' title='bbox 1433 825 1623 864; x_wconf 65' lang='lat' dir='ltr'><strong>caeteraeque</strong></span> <span class='ocrx_word' id='word_1_493' title='bbox 1639 820 1825 862; x_wconf 83' lang='lat' dir='ltr'><strong>hujusmodi</strong></span> <span class='ocrx_word' id='word_1_494' title='bbox 1850 820 1967 862; x_wconf 81' lang='lat' dir='ltr'><strong>pestes,</strong></span> <span class='ocrx_word' id='word_1_495' title='bbox 1984 818 2063 851; x_wconf 83' lang='lat' dir='ltr'><strong>nihil</strong></span> <span class='ocrx_word' id='word_1_496' title='bbox 2079 818 2112 850; x_wconf 92' lang='lat' dir='ltr'><strong>in</strong></span> <span class='ocrx_word' id='word_1_497' title='bbox 2131 816 2270 859; x_wconf 85' lang='lat' dir='ltr'><strong>pueritia</strong></span> <span class='ocrx_word' id='word_1_498' title='bbox 2284 815 2403 858; x_wconf 82' lang='lat' dir='ltr'><strong>grande</strong></span> <span class='ocrx_word' id='word_1_499' title='bbox 2420 814 2478 853; x_wconf 84' lang='lat' dir='ltr'><strong>de·</strong></span> 
     </span>
     <span class='ocr_line' id='line_1_65' title="bbox 1432 876 2477 924; baseline -0.01 -7"><span class='ocrx_word' id='word_1_500' title='bbox 1432 884 1579 924; x_wconf 79' lang='lat' dir='ltr'><strong>signent3</strong></span> <span class='ocrx_word' id='word_1_501' title='bbox 1612 882 1667 916; x_wconf 90' lang='lat' dir='ltr'><strong>sed</strong></span> <span class='ocrx_word' id='word_1_502' title='bbox 1697 882 1760 914; x_wconf 89' lang='lat' dir='ltr'><strong>sint</strong></span> <span class='ocrx_word' id='word_1_503' title='bbox 1792 880 1982 913; x_wconf 80' lang='lat' dir='ltr'><strong>confirmata</strong></span> <span class='ocrx_word' id='word_1_504' title='bbox 2004 878 2070 920; x_wconf 76' lang='lat' dir='ltr'><strong>iam</strong></span> <span class='ocrx_word' id='word_1_505' title='bbox 2099 878 2216 919; x_wconf 76' lang='lat' dir='ltr'><strong>aetate,</strong></span> <span class='ocrx_word' id='word_1_506' title='bbox 2233 876 2330 909; x_wconf 82' lang='lat' dir='ltr'><strong>noxia</strong></span> <span class='ocrx_word' id='word_1_507' title='bbox 2352 888 2361 908; x_wconf 72' lang='grc' dir='ltr'><strong>ι</strong></span> <span class='ocrx_word' id='word_1_508' title='bbox 2382 878 2477 915; x_wconf 87' lang='lat' dir='ltr'><strong>tunc,</strong></span> 
     </span>
     <span class='ocr_line' id='line_1_66' title="bbox 1432 928 2476 985; baseline -0.008 -10"><span class='ocrx_word' id='word_1_509' title='bbox 1432 943 1556 985; x_wconf 89' lang='lat' dir='ltr'><strong>opinor,</strong></span> <span class='ocrx_word' id='word_1_510' title='bbox 1573 950 1648 974; x_wconf 91' lang='lat' dir='ltr'><strong>cum</strong></span> <span class='ocrx_word' id='word_1_511' title='bbox 1676 941 1775 974; x_wconf 90' lang='lat' dir='ltr'><strong>etiam</strong></span> <span class='ocrx_word' id='word_1_512' title='bbox 1800 939 1972 972; x_wconf 82' lang='lat' dir='ltr'><strong>salubritas</strong></span> <span class='ocrx_word' id='word_1_513' title='bbox 1989 937 2113 970; x_wconf 90' lang='lat' dir='ltr'><strong>consilii</strong></span> <span class='ocrx_word' id='word_1_514' title='bbox 2137 928 2364 969; x_wconf 73' lang='lat' dir='ltr'><strong>confirmatur.</strong></span> <span class='ocrx_word' id='word_1_515' title='bbox 2413 934 2476 967; x_wconf 88' lang='lat' dir='ltr'><strong>Cui</strong></span> 
     </span>
     <span class='ocr_line' id='line_1_67' title="bbox 1433 991 2480 1036; baseline -0.009 -3"><span class='ocrx_word' id='word_1_516' title='bbox 1433 1000 1606 1033; x_wconf 88' lang='lat' dir='ltr'><strong>auxiliatur</strong></span> <span class='ocrx_word' id='word_1_517' title='bbox 1619 999 1716 1032; x_wconf 88' lang='lat' dir='ltr'><strong>decus</strong></span> <span class='ocrx_word' id='word_1_518' title='bbox 1733 997 1914 1031; x_wconf 89' lang='lat' dir='ltr'><strong>studiorum</strong></span> <span class='ocrx_word' id='word_1_519' title='bbox 1934 996 2156 1028; x_wconf 80' lang='lat' dir='ltr'><strong>honestiorum</strong></span> <span class='ocrx_word' id='word_1_520' title='bbox 2170 1019 2180 1035; x_wconf 91' lang='lat'><strong>,</strong></span> <span class='ocrx_word' id='word_1_521' title='bbox 2199 993 2330 1036; x_wconf 81' lang='lat' dir='ltr'><strong>prodest</strong></span> <span class='ocrx_word' id='word_1_522' title='bbox 2346 991 2480 1025; x_wconf 84' lang='lat' dir='ltr'><strong>benivo-</strong></span> 
     </span>
     <span class='ocr_line' id='line_1_68' title="bbox 1433 1053 2474 1101; baseline -0.009 -7"><span class='ocrx_word' id='word_1_523' title='bbox 1433 1061 1537 1094; x_wconf 91' lang='lat' dir='ltr'><strong>lorum</strong></span> <span class='ocrx_word' id='word_1_524' title='bbox 1567 1059 1793 1101; x_wconf 86' lang='lat' dir='ltr'><strong>reprehensio,</strong></span> <span class='ocrx_word' id='word_1_525' title='bbox 1823 1057 1968 1090; x_wconf 89' lang='lat' dir='ltr'><strong>medetur</strong></span> <span class='ocrx_word' id='word_1_526' title='bbox 1993 1054 2242 1088; x_wconf 86' lang='lat' dir='ltr'><strong>animadversio.</strong></span> <span class='ocrx_word' id='word_1_527' title='bbox 2287 1053 2474 1094; x_wconf 85' lang='lat' dir='ltr'><strong>Contraque</strong></span> 
     </span>
     <span class='ocr_line' id='line_1_69' title="bbox 1433 1110 2478 1157; baseline -0.009 -5"><span class='ocrx_word' id='word_1_528' title='bbox 1433 1119 1576 1152; x_wconf 88' lang='lat' dir='ltr'><strong>adversis</strong></span> <span class='ocrx_word' id='word_1_529' title='bbox 1594 1118 1688 1151; x_wconf 90' lang='lat' dir='ltr'><strong>rebus</strong></span> <span class='ocrx_word' id='word_1_530' title='bbox 1705 1116 1897 1150; x_wconf 88' lang='lat' dir='ltr'><strong>obtunditur</strong></span> <span class='ocrx_word' id='word_1_531' title='bbox 1907 1115 2050 1157; x_wconf 86' lang='lat' dir='ltr'><strong>pravitas</strong></span> <span class='ocrx_word' id='word_1_532' title='bbox 2064 1113 2182 1147; x_wconf 86' lang='lat' dir='ltr'><strong>mentis</strong></span> <span class='ocrx_word' id='word_1_533' title='bbox 2192 1116 2292 1154; x_wconf 83' lang='lat' dir='ltr'><strong>atque</strong></span> <span class='ocrx_word' id='word_1_534' title='bbox 2305 1110 2478 1144; x_wconf 85' lang='lat' dir='ltr'><strong>insolescit.</strong></span> 
     </span>
    </p>

    <p class='ocr_par' dir='ltr' id='par_1_9' title="bbox 1434 1170 2481 1338">
     <span class='ocr_line' id='line_1_70' title="bbox 1475 1170 2480 1218; baseline -0.009 -6"><span class='ocrx_word' id='word_1_535' title='bbox 1475 1179 1628 1212; x_wconf 87' lang='lat' dir='ltr'>CLXXX.</span> <span class='ocrx_word' id='word_1_536' title='bbox 1652 1177 1793 1218; x_wconf 87' lang='lat' dir='ltr'><strong>Ideoque</strong></span> <span class='ocrx_word' id='word_1_537' title='bbox 1817 1176 1859 1208; x_wconf 93' lang='lat' dir='ltr'><strong>ob</strong></span> <span class='ocrx_word' id='word_1_538' title='bbox 1877 1175 2075 1208; x_wconf 87' lang='lat' dir='ltr'><strong>consortium</strong></span> <span class='ocrx_word' id='word_1_539' title='bbox 2100 1172 2243 1214; x_wconf 85' lang='lat' dir='ltr'><strong>corporis</strong></span> <span class='ocrx_word' id='word_1_540' title='bbox 2259 1171 2405 1207; x_wconf 79' lang='lat' dir='ltr'><strong>esttnter</strong></span> <span class='ocrx_word' id='word_1_541' title='bbox 2420 1170 2480 1204; x_wconf 86' lang='lat' dir='ltr'><strong>lio·</strong></span> 
     </span>
     <span class='ocr_line' id='line_1_71' title="bbox 1434 1230 2481 1278; baseline -0.008 -7"><span class='ocrx_word' id='word_1_542' title='bbox 1434 1238 1553 1278; x_wconf 89' lang='lat' dir='ltr'><strong>mines,</strong></span> <span class='ocrx_word' id='word_1_543' title='bbox 1572 1237 1759 1278; x_wconf 87' lang='lat' dir='ltr'><strong>bestiasque</strong></span> <span class='ocrx_word' id='word_1_544' title='bbox 1784 1238 1817 1268; x_wconf 86' lang='lat' dir='ltr'><strong>et</strong></span> <span class='ocrx_word' id='word_1_545' title='bbox 1840 1237 1956 1267; x_wconf 84' lang='lat' dir='ltr'><strong>caetera</strong></span> <span class='ocrx_word' id='word_1_546' title='bbox 1978 1233 2044 1266; x_wconf 92' lang='lat' dir='ltr'><strong>vita</strong></span> <span class='ocrx_word' id='word_1_547' title='bbox 2069 1232 2209 1265; x_wconf 84' lang='lat' dir='ltr'><strong>carentia</strong></span> <span class='ocrx_word' id='word_1_548' title='bbox 2238 1230 2374 1264; x_wconf 84' lang='lat' dir='ltr'><strong>societas</strong></span> <span class='ocrx_word' id='word_1_549' title='bbox 2394 1238 2481 1263; x_wconf 87' lang='lat' dir='ltr'><strong>com·</strong></span> 
     </span>
     <span class='ocr_line' id='line_1_72' title="bbox 1435 1289 2480 1338; baseline -0.007 -9"><span class='ocrx_word' id='word_1_550' title='bbox 1435 1297 1611 1338; x_wconf 88' lang='lat' dir='ltr'><strong>munioque</strong></span> <span class='ocrx_word' id='word_1_551' title='bbox 1627 1303 1851 1336; x_wconf 88' lang='lat' dir='ltr'><strong>corporeorum</strong></span> <span class='ocrx_word' id='word_1_552' title='bbox 1872 1296 2101 1335; x_wconf 87' lang='lat' dir='ltr'><strong>proventuum.</strong></span> <span class='ocrx_word' id='word_1_553' title='bbox 2122 1290 2287 1333; x_wconf 89' lang='lat' dir='ltr'><strong>Siquidem</strong></span> <span class='ocrx_word' id='word_1_554' title='bbox 2303 1289 2402 1330; x_wconf 74' lang='lat' dir='ltr'><strong>nasci,</strong></span> <span class='ocrx_word' id='word_1_555' title='bbox 2417 1298 2480 1322; x_wconf 88' lang='lat' dir='ltr'><strong>nu·</strong></span> 
     </span>
    </p>
   </div>
   <div class='ocr_carea' id='block_1_6' title="bbox 1433 1347 2490 1395">
    <p class='ocr_par' dir='ltr' id='par_1_10' title="bbox 1433 1347 2490 1395">
     <span class='ocr_line' id='line_1_73' title="bbox 1433 1347 2490 1395; baseline -0.008 -7"><span class='ocrx_word' id='word_1_556' title='bbox 1433 1355 1521 1395; x_wconf 89' lang='lat' dir='ltr'><strong>triri,</strong></span> <span class='ocrx_word' id='word_1_557' title='bbox 1550 1362 1714 1394; x_wconf 85' lang='lat' dir='ltr'><strong>crescere,</strong></span> <span class='ocrx_word' id='word_1_558' title='bbox 1741 1360 1912 1385; x_wconf 89' lang='lat' dir='ltr'><strong>commune</strong></span> <span class='ocrx_word' id='word_1_559' title='bbox 1939 1353 1989 1383; x_wconf 89' lang='lat' dir='ltr'><strong>est</strong></span> <span class='ocrx_word' id='word_1_560' title='bbox 2018 1349 2202 1383; x_wconf 85' lang='lat' dir='ltr'><strong>hominibus</strong></span> <span class='ocrx_word' id='word_1_561' title='bbox 2229 1357 2304 1382; x_wconf 88' lang='lat' dir='ltr'><strong>cum</strong></span> <span class='ocrx_word' id='word_1_562' title='bbox 2333 1347 2490 1393; x_wconf 51' lang='lat' dir='ltr'><strong>caeteris,</strong></span> 
     </span>
    </p>
   </div>
   <div class='ocr_carea' id='block_1_7' title="bbox 1432 1406 2482 1510">
    <p class='ocr_par' dir='ltr' id='par_1_11' title="bbox 1432 1406 2482 1510">
     <span class='ocr_line' id='line_1_74' title="bbox 1432 1406 2482 1453; baseline -0.007 -7"><span class='ocrx_word' id='word_1_563' title='bbox 1432 1414 1550 1446; x_wconf 90' lang='lat' dir='ltr'><strong>sentire</strong></span> <span class='ocrx_word' id='word_1_564' title='bbox 1565 1421 1640 1445; x_wconf 91' lang='lat' dir='ltr'><strong>vero</strong></span> <span class='ocrx_word' id='word_1_565' title='bbox 1650 1435 1659 1453; x_wconf 92' lang='lat'><strong>,</strong></span> <span class='ocrx_word' id='word_1_566' title='bbox 1674 1414 1706 1445; x_wconf 88' lang='lat' dir='ltr'><strong>et</strong></span> <span class='ocrx_word' id='word_1_567' title='bbox 1719 1413 1885 1452; x_wconf 89' lang='lat' dir='ltr'><strong>appetere,</strong></span> <span class='ocrx_word' id='word_1_568' title='bbox 1900 1418 2071 1442; x_wconf 89' lang='lat' dir='ltr'><strong>commune</strong></span> <span class='ocrx_word' id='word_1_569' title='bbox 2083 1409 2215 1441; x_wconf 89' lang='lat' dir='ltr'><strong>demum</strong></span> <span class='ocrx_word' id='word_1_570' title='bbox 2232 1406 2432 1447; x_wconf 80' lang='lat' dir='ltr'><strong>hominibus,</strong></span> <span class='ocrx_word' id='word_1_571' title='bbox 2448 1407 2482 1440; x_wconf 82' lang='lat' dir='ltr'><strong>et</strong></span> 
     </span>
     <span class='ocr_line' id='line_1_75' title="bbox 1433 1465 2481 1510; baseline -0.007 -6"><span class='ocrx_word' id='word_1_572' title='bbox 1433 1472 1533 1504; x_wconf 89' lang='lat' dir='ltr'><strong>mutis</strong></span> <span class='ocrx_word' id='word_1_573' title='bbox 1562 1474 1707 1510; x_wconf 84' lang='lat' dir='ltr'><strong>tantum,</strong></span> <span class='ocrx_word' id='word_1_574' title='bbox 1729 1478 1766 1502; x_wconf 93' lang='lat' dir='ltr'><strong>ac</strong></span> <span class='ocrx_word' id='word_1_575' title='bbox 1783 1469 1907 1501; x_wconf 85' lang='lat' dir='ltr'><strong>ratione</strong></span> <span class='ocrx_word' id='word_1_576' title='bbox 1927 1467 2109 1501; x_wconf 84' lang='lat' dir='ltr'><strong>carentibus</strong></span> <span class='ocrx_word' id='word_1_577' title='bbox 2133 1465 2337 1499; x_wconf 86' lang='lat' dir='ltr'><strong>animalibus.</strong></span> <span class='ocrx_word' id='word_1_578' title='bbox 2379 1465 2481 1507; x_wconf 84' lang='lat' dir='ltr'><strong>cupi-</strong></span> 
     </span>
    </p>
   </div>
   <div class='ocr_carea' id='block_1_8' title="bbox 1433 1524 2505 1570">
    <p class='ocr_par' dir='ltr' id='par_1_12' title="bbox 1433 1524 2505 1570">
     <span class='ocr_line' id='line_1_76' title="bbox 1433 1524 2505 1570; baseline -0.005 -8"><span class='ocrx_word' id='word_1_579' title='bbox 1433 1530 1516 1562; x_wconf 88' lang='lat' dir='ltr'><strong>ditas</strong></span> <span class='ocrx_word' id='word_1_580' title='bbox 1533 1538 1629 1570; x_wconf 91' lang='lat' dir='ltr'><strong>porro</strong></span> <span class='ocrx_word' id='word_1_581' title='bbox 1647 1530 1745 1570; x_wconf 86' lang='lat' dir='ltr'><strong>atque</strong></span> <span class='ocrx_word' id='word_1_582' title='bbox 1771 1527 1953 1567; x_wconf 88' lang='lat' dir='ltr'><strong>iracundia,</strong></span> <span class='ocrx_word' id='word_1_583' title='bbox 1971 1527 2021 1559; x_wconf 88' lang='lat' dir='ltr'><strong>vel</strong></span> <span class='ocrx_word' id='word_1_584' title='bbox 2039 1526 2228 1567; x_wconf 74' lang='lat' dir='ltr'><strong>agrestium,</strong></span> <span class='ocrx_word' id='word_1_585' title='bbox 2245 1524 2296 1558; x_wconf 83' lang='lat' dir='ltr'><strong>vel</strong></span> <span class='ocrx_word' id='word_1_586' title='bbox 2325 1532 2478 1558; x_wconf 88' lang='lat' dir='ltr'><strong>mansue·</strong></span> <span class='ocrx_word' id='word_1_587' title='bbox 2499 1531 2505 1538; x_wconf 89' lang='grc'><strong><em>’</em></strong></span> 
     </span>
    </p>
   </div>
   <div class='ocr_carea' id='block_1_9' title="bbox 1430 1579 2482 2460">
    <p class='ocr_par' dir='ltr' id='par_1_13' title="bbox 1432 1579 2482 2032">
     <span class='ocr_line' id='line_1_77' title="bbox 1433 1579 2482 1626; baseline -0.004 -8"><span class='ocrx_word' id='word_1_588' title='bbox 1433 1588 1553 1626; x_wconf 79' lang='lat' dir='ltr'><strong>torum,</strong></span> <span class='ocrx_word' id='word_1_589' title='bbox 1572 1584 1734 1626; x_wconf 88' lang='lat' dir='ltr'><strong>appetitus</strong></span> <span class='ocrx_word' id='word_1_590' title='bbox 1753 1583 1978 1616; x_wconf 87' lang='lat' dir='ltr'><strong>irrationabilis</strong></span> <span class='ocrx_word' id='word_1_591' title='bbox 1994 1585 2058 1615; x_wconf 87' lang='lat' dir='ltr'><strong>est.</strong></span> <span class='ocrx_word' id='word_1_592' title='bbox 2103 1582 2254 1614; x_wconf 85' lang='lat' dir='ltr'><strong>Hominis</strong></span> <span class='ocrx_word' id='word_1_593' title='bbox 2271 1590 2369 1622; x_wconf 83' lang='lat' dir='ltr'><strong>vero,</strong></span> <span class='ocrx_word' id='word_1_594' title='bbox 2387 1579 2482 1622; x_wconf 79' lang='lat' dir='ltr'><strong>cujus</strong></span> 
     </span>
     <span class='ocr_line' id='line_1_78' title="bbox 1433 1638 2479 1685; baseline -0.003 -9"><span class='ocrx_word' id='word_1_595' title='bbox 1433 1645 1481 1677; x_wconf 89' lang='lat' dir='ltr'><strong>est</strong></span> <span class='ocrx_word' id='word_1_596' title='bbox 1519 1643 1704 1685; x_wconf 87' lang='lat' dir='ltr'><strong>proprium,</strong></span> <span class='ocrx_word' id='word_1_597' title='bbox 1731 1641 1845 1674; x_wconf 90' lang='lat' dir='ltr'><strong>rationi</strong></span> <span class='ocrx_word' id='word_1_598' title='bbox 1887 1642 2027 1674; x_wconf 88' lang='lat' dir='ltr'><strong>mentem</strong></span> <span class='ocrx_word' id='word_1_599' title='bbox 2061 1640 2240 1682; x_wconf 79' lang='lat' dir='ltr'><strong>applicare,</strong></span> <span class='ocrx_word' id='word_1_600' title='bbox 2272 1638 2479 1673; x_wconf 77' lang='lat' dir='ltr'><strong>rationabilis.</strong></span> 
     </span>
     <span class='ocr_line' id='line_1_79' title="bbox 1434 1698 2481 1741; baseline -0.003 -6"><span class='ocrx_word' id='word_1_601' title='bbox 1434 1701 1656 1736; x_wconf 88' lang='lat' dir='ltr'><strong>Ratiocinandi</strong></span> <span class='ocrx_word' id='word_1_602' title='bbox 1683 1700 1788 1740; x_wconf 88' lang='lat' dir='ltr'><strong>enim,</strong></span> <span class='ocrx_word' id='word_1_603' title='bbox 1804 1702 1899 1741; x_wconf 90' lang='lat' dir='ltr'><strong>atque</strong></span> <span class='ocrx_word' id='word_1_604' title='bbox 1913 1699 2128 1739; x_wconf 82' lang='lat' dir='ltr'><strong>intelligendi,</strong></span> <span class='ocrx_word' id='word_1_605' title='bbox 2145 1698 2331 1741; x_wconf 89' lang='lat' dir='ltr'><strong>sciendique</strong></span> <span class='ocrx_word' id='word_1_606' title='bbox 2348 1706 2481 1741; x_wconf 83' lang='lat' dir='ltr'><strong>verum,</strong></span> 
     </span>
     <span class='ocr_line' id='line_1_80' title="bbox 1433 1757 2481 1804; baseline -0.005 -9"><span class='ocrx_word' id='word_1_607' title='bbox 1433 1762 1592 1804; x_wconf 87' lang='lat' dir='ltr'><strong>appetitus</strong></span> <span class='ocrx_word' id='word_1_608' title='bbox 1619 1760 1769 1802; x_wconf 90' lang='lat' dir='ltr'><strong>proprius</strong></span> <span class='ocrx_word' id='word_1_609' title='bbox 1797 1760 1848 1792; x_wconf 88' lang='lat' dir='ltr'><strong>est</strong></span> <span class='ocrx_word' id='word_1_610' title='bbox 1873 1758 2030 1798; x_wconf 78' lang='lat' dir='ltr'><strong>hominis,</strong></span> <span class='ocrx_word' id='word_1_611' title='bbox 2047 1759 2102 1800; x_wconf 83' lang='lat' dir='ltr'><strong>qui</strong></span> <span class='ocrx_word' id='word_1_612' title='bbox 2127 1767 2146 1791; x_wconf 86' lang='lat' dir='ltr'><strong>a</strong></span> <span class='ocrx_word' id='word_1_613' title='bbox 2170 1757 2364 1800; x_wconf 87' lang='lat' dir='ltr'><strong>cupiditate,</strong></span> <span class='ocrx_word' id='word_1_614' title='bbox 2384 1759 2481 1799; x_wconf 85' lang='lat' dir='ltr'><strong>atque</strong></span> 
     </span>
     <span class='ocr_line' id='line_1_81' title="bbox 1434 1806 2482 1861; baseline -0.004 -7"><span class='ocrx_word' id='word_1_615' title='bbox 1434 1820 1616 1860; x_wconf 88' lang='lat' dir='ltr'><strong>iracundia,</strong></span> <span class='ocrx_word' id='word_1_616' title='bbox 1634 1806 1806 1861; x_wconf 89' lang='lat' dir='ltr'><strong>plurimum</strong></span> <span class='ocrx_word' id='word_1_617' title='bbox 1833 1819 1941 1851; x_wconf 91' lang='lat' dir='ltr'><strong>distat.</strong></span> <span class='ocrx_word' id='word_1_618' title='bbox 1985 1818 2043 1850; x_wconf 89' lang='lat' dir='ltr'><strong>Illa</strong></span> <span class='ocrx_word' id='word_1_619' title='bbox 2072 1818 2194 1860; x_wconf 88' lang='lat' dir='ltr'><strong>quippe</strong></span> <span class='ocrx_word' id='word_1_620' title='bbox 2210 1817 2307 1850; x_wconf 88' lang='lat' dir='ltr'><strong>etiam</strong></span> <span class='ocrx_word' id='word_1_621' title='bbox 2324 1817 2358 1850; x_wconf 87' lang='lat' dir='ltr'><strong>in</strong></span> <span class='ocrx_word' id='word_1_622' title='bbox 2381 1817 2482 1851; x_wconf 79' lang='lat' dir='ltr'><strong>mutis</strong></span> 
     </span>
     <span class='ocr_line' id='line_1_82' title="bbox 1433 1876 2479 1919; baseline -0.003 -6"><span class='ocrx_word' id='word_1_623' title='bbox 1433 1880 1642 1918; x_wconf 86' lang='lat' dir='ltr'><strong>animalibus,</strong></span> <span class='ocrx_word' id='word_1_624' title='bbox 1658 1880 1691 1911; x_wconf 89' lang='lat' dir='ltr'><strong>et</strong></span> <span class='ocrx_word' id='word_1_625' title='bbox 1706 1878 1810 1911; x_wconf 89' lang='lat' dir='ltr'><strong>multo</strong></span> <span class='ocrx_word' id='word_1_626' title='bbox 1820 1878 1950 1919; x_wconf 88' lang='lat' dir='ltr'><strong>quidem</strong></span> <span class='ocrx_word' id='word_1_627' title='bbox 1961 1877 2086 1910; x_wconf 85' lang='lat' dir='ltr'><strong>acriora</strong></span> <span class='ocrx_word' id='word_1_628' title='bbox 2102 1878 2287 1910; x_wconf 88' lang='lat' dir='ltr'><strong>cernuntur.</strong></span> <span class='ocrx_word' id='word_1_629' title='bbox 2331 1876 2479 1910; x_wconf 81' lang='lat' dir='ltr'><strong>Rationis</strong></span> 
     </span>
     <span class='ocr_line' id='line_1_83' title="bbox 1432 1935 2481 1981; baseline -0.004 -9"><span class='ocrx_word' id='word_1_630' title='bbox 1432 1942 1540 1972; x_wconf 89' lang='lat' dir='ltr'><strong>autem</strong></span> <span class='ocrx_word' id='word_1_631' title='bbox 1567 1938 1738 1981; x_wconf 79' lang='lat' dir='ltr'><strong>perfectio,</strong></span> <span class='ocrx_word' id='word_1_632' title='bbox 1755 1939 1788 1970; x_wconf 91' lang='lat' dir='ltr'><strong>et</strong></span> <span class='ocrx_word' id='word_1_633' title='bbox 1812 1938 2014 1977; x_wconf 86' lang='lat' dir='ltr'><strong>intellectus,</strong></span> <span class='ocrx_word' id='word_1_634' title='bbox 2032 1935 2162 1979; x_wconf 87' lang='lat' dir='ltr'><strong>propria</strong></span> <span class='ocrx_word' id='word_1_635' title='bbox 2185 1935 2261 1977; x_wconf 89' lang='lat' dir='ltr'><strong>Dei,</strong></span> <span class='ocrx_word' id='word_1_636' title='bbox 2283 1937 2316 1970; x_wconf 86' lang='lat' dir='ltr'><strong>et</strong></span> <span class='ocrx_word' id='word_1_637' title='bbox 2343 1935 2481 1969; x_wconf 84' lang='lat' dir='ltr'><strong>bominis</strong></span> 
     </span>
     <span class='ocr_line' id='line_1_84' title="bbox 1433 2001 1568 2032; baseline 0 -1"><span class='ocrx_word' id='word_1_638' title='bbox 1433 2001 1568 2032; x_wconf 89' lang='lat' dir='ltr'><strong>tantum.</strong></span> 
     </span>
    </p>

    <p class='ocr_par' dir='ltr' id='par_1_14' title="bbox 1430 2051 2481 2332">
     <span class='ocr_line' id='line_1_85' title="bbox 1474 2051 2478 2097; baseline -0.001 -7"><span class='ocrx_word' id='word_1_639' title='bbox 1474 2058 1645 2090; x_wconf 87' lang='lat' dir='ltr'>CLXXXI.</span> <span class='ocrx_word' id='word_1_640' title='bbox 1684 2057 1788 2097; x_wconf 86' lang='lat' dir='ltr'><strong>Atque</strong></span> <span class='ocrx_word' id='word_1_641' title='bbox 1819 2055 1901 2088; x_wconf 89' lang='lat' dir='ltr'><strong>inter</strong></span> <span class='ocrx_word' id='word_1_642' title='bbox 1926 2055 2014 2097; x_wconf 90' lang='lat' dir='ltr'><strong>ipsos</strong></span> <span class='ocrx_word' id='word_1_643' title='bbox 2043 2054 2189 2087; x_wconf 87' lang='lat' dir='ltr'><strong>homines</strong></span> <span class='ocrx_word' id='word_1_644' title='bbox 2221 2063 2287 2087; x_wconf 91' lang='lat' dir='ltr'><strong>non</strong></span> <span class='ocrx_word' id='word_1_645' title='bbox 2318 2051 2478 2096; x_wconf 67' lang='lat' dir='ltr'><strong>peraeque.</strong></span> 
     </span>
     <span class='ocr_line' id='line_1_86' title="bbox 1433 2113 2481 2158; baseline -0.003 -9"><span class='ocrx_word' id='word_1_646' title='bbox 1433 2116 1658 2158; x_wconf 86' lang='lat' dir='ltr'><strong>Compugnant</strong></span> <span class='ocrx_word' id='word_1_647' title='bbox 1679 2114 1796 2156; x_wconf 89' lang='lat' dir='ltr'><strong>quippe</strong></span> <span class='ocrx_word' id='word_1_648' title='bbox 1817 2114 1851 2146; x_wconf 88' lang='lat' dir='ltr'><strong>in</strong></span> <span class='ocrx_word' id='word_1_649' title='bbox 1867 2113 2032 2146; x_wconf 84' lang='lat' dir='ltr'><strong>hominum</strong></span> <span class='ocrx_word' id='word_1_650' title='bbox 2051 2113 2322 2146; x_wconf 81' lang='lat' dir='ltr'><strong>commotionibus</strong></span> <span class='ocrx_word' id='word_1_651' title='bbox 2341 2113 2481 2146; x_wconf 86' lang='lat' dir='ltr'><strong>invicem</strong></span> 
     </span>
     <span class='ocr_line' id='line_1_87' title="bbox 1433 2170 2479 2215; baseline -0.002 -9"><span class='ocrx_word' id='word_1_652' title='bbox 1433 2173 1600 2215; x_wconf 88' lang='lat' dir='ltr'><strong>cupiditas,</strong></span> <span class='ocrx_word' id='word_1_653' title='bbox 1614 2172 1854 2213; x_wconf 86' lang='lat' dir='ltr'><strong>iracundiaque,</strong></span> <span class='ocrx_word' id='word_1_654' title='bbox 1869 2173 1901 2204; x_wconf 87' lang='lat' dir='ltr'><strong>et</strong></span> <span class='ocrx_word' id='word_1_655' title='bbox 1913 2172 1988 2204; x_wconf 88' lang='lat' dir='ltr'><strong>item</strong></span> <span class='ocrx_word' id='word_1_656' title='bbox 2004 2171 2097 2210; x_wconf 90' lang='lat' dir='ltr'><strong>ratio,</strong></span> <span class='ocrx_word' id='word_1_657' title='bbox 2109 2171 2295 2213; x_wconf 89' lang='lat' dir='ltr'><strong>obtinetque</strong></span> <span class='ocrx_word' id='word_1_658' title='bbox 2307 2170 2479 2204; x_wconf 83' lang='lat' dir='ltr'><strong>adversum</strong></span> 
     </span>
     <span class='ocr_line' id='line_1_88' title="bbox 1432 2229 2480 2278; baseline -0.001 -14"><span class='ocrx_word' id='word_1_659' title='bbox 1432 2241 1466 2264; x_wconf 92' lang='lat' dir='ltr'><strong>se</strong></span> <span class='ocrx_word' id='word_1_660' title='bbox 1493 2231 1649 2264; x_wconf 89' lang='lat' dir='ltr'><strong>vicissim.</strong></span> <span class='ocrx_word' id='word_1_661' title='bbox 1694 2231 1807 2271; x_wconf 86' lang='lat' dir='ltr'><strong>Ratio,</strong></span> <span class='ocrx_word' id='word_1_662' title='bbox 1832 2232 1868 2263; x_wconf 87' lang='lat' dir='ltr'><strong>ut</strong></span> <span class='ocrx_word' id='word_1_663' title='bbox 1895 2229 1981 2272; x_wconf 90' lang='lat' dir='ltr'><strong>apud</strong></span> <span class='ocrx_word' id='word_1_664' title='bbox 2010 2231 2206 2271; x_wconf 84' lang='lat' dir='ltr'><strong>Homerum,</strong></span> <span class='ocrx_word' id='word_1_665' title='bbox 2234 2238 2310 2263; x_wconf 91' lang='lat' dir='ltr'><strong>cum</strong></span> <span class='ocrx_word' id='word_1_666' title='bbox 2332 2230 2480 2278; x_wconf 81' lang='lat' dir='ltr'><strong>Laertius</strong></span> 
     </span>
     <span class='ocr_line' id='line_1_89' title="bbox 1430 2291 1556 2332; baseline -0.008 -9"><span class='ocrx_word' id='word_1_667' title='bbox 1430 2291 1556 2332; x_wconf 87' lang='lat' dir='ltr'><strong>juvenis</strong></span> 
     </span>
    </p>

    <p class='ocr_par' dir='ltr' id='par_1_15' title="bbox 1466 2367 2169 2406">
     <span class='ocr_line' id='line_1_90' title="bbox 1466 2367 2169 2406; baseline -0.003 -8"><span class='ocrx_word' id='word_1_668' title='bbox 1466 2369 1591 2398; x_wconf 70' lang='lat' dir='ltr'><strong>Pectore</strong></span> <span class='ocrx_word' id='word_1_669' title='bbox 1605 2368 1730 2406; x_wconf 81' lang='lat' dir='ltr'><strong>pulsato</strong></span> <span class='ocrx_word' id='word_1_670' title='bbox 1744 2371 1878 2396; x_wconf 79' lang='lat' dir='ltr'><strong>mentem</strong></span> <span class='ocrx_word' id='word_1_671' title='bbox 1894 2367 2028 2404; x_wconf 71' lang='lat' dir='ltr'><strong>castiqat</strong></span> <span class='ocrx_word' id='word_1_672' title='bbox 2042 2368 2148 2397; x_wconf 84' lang='lat' dir='ltr'><strong>acerbe</strong></span> <span class='ocrx_word' id='word_1_673' title='bbox 2157 2376 2169 2396; x_wconf 87' lang='lat'><strong>.·</strong></span> 
     </span>
    </p>

    <p class='ocr_par' dir='ltr' id='par_1_16' title="bbox 1470 2421 2312 2460">
     <span class='ocr_line' id='line_1_91' title="bbox 1470 2421 2312 2460; baseline -0.001 -8"><span class='ocrx_word' id='word_1_674' title='bbox 1470 2423 1557 2460; x_wconf 78' lang='lat' dir='ltr'><strong>Quin</strong></span> <span class='ocrx_word' id='word_1_675' title='bbox 1571 2423 1683 2452; x_wconf 79' lang='lat' dir='ltr'><strong>toleras</strong></span> <span class='ocrx_word' id='word_1_676' title='bbox 1696 2430 1766 2450; x_wconf 83' lang='lat' dir='ltr'><strong>mea</strong></span> <span class='ocrx_word' id='word_1_677' title='bbox 1778 2423 1890 2450; x_wconf 73' lang='lat' dir='ltr'><strong>mens?</strong></span> <span class='ocrx_word' id='word_1_678' title='bbox 1903 2421 2018 2450; x_wconf 79' lang='lat' dir='ltr'><strong>etenim</strong></span> <span class='ocrx_word' id='word_1_679' title='bbox 2031 2421 2183 2457; x_wconf 72' lang='lat' dir='ltr'><strong>qraviora</strong></span> <span class='ocrx_word' id='word_1_680' title='bbox 2198 2421 2312 2451; x_wconf 71' lang='lat' dir='ltr'><strong>tulisti.</strong></span> 
     </span>
    </p>
   </div>
   <div class='ocr_carea' id='block_1_10' title="bbox 1430 2491 2479 2643">
    <p class='ocr_par' dir='ltr' id='par_1_17' title="bbox 1430 2491 2479 2643">
     <span class='ocr_line' id='line_1_92' title="bbox 1433 2491 2477 2534; baseline 0.001 -9"><span class='ocrx_word' id='word_1_681' title='bbox 1433 2492 1558 2534; x_wconf 90' lang='lat' dir='ltr'><strong>Quippe</strong></span> <span class='ocrx_word' id='word_1_682' title='bbox 1579 2492 1612 2525; x_wconf 94' lang='lat' dir='ltr'><strong>in</strong></span> <span class='ocrx_word' id='word_1_683' title='bbox 1627 2491 1713 2524; x_wconf 86' lang='lat' dir='ltr'><strong>illius</strong></span> <span class='ocrx_word' id='word_1_684' title='bbox 1729 2491 1835 2523; x_wconf 91' lang='lat' dir='ltr'><strong>animo</strong></span> <span class='ocrx_word' id='word_1_685' title='bbox 1862 2493 1943 2523; x_wconf 90' lang='lat' dir='ltr'><strong>ratio</strong></span> <span class='ocrx_word' id='word_1_686' title='bbox 1959 2492 2037 2523; x_wconf 93' lang='lat' dir='ltr'><strong>tunc</strong></span> <span class='ocrx_word' id='word_1_687' title='bbox 2060 2491 2256 2524; x_wconf 82' lang='lat' dir='ltr'><strong>iracundiam</strong></span> <span class='ocrx_word' id='word_1_688' title='bbox 2274 2491 2477 2532; x_wconf 76' lang='lat' dir='ltr'><strong>subjugabat.</strong></span> 
     </span>
     <span class='ocr_line' id='line_1_93' title="bbox 1430 2549 2479 2592; baseline 0.001 -9"><span class='ocrx_word' id='word_1_689' title='bbox 1430 2550 1525 2592; x_wconf 86' lang='lat' dir='ltr'><strong>Apud</strong></span> <span class='ocrx_word' id='word_1_690' title='bbox 1541 2549 1728 2591; x_wconf 87' lang='lat' dir='ltr'><strong>Euripidem</strong></span> <span class='ocrx_word' id='word_1_691' title='bbox 1747 2551 1857 2582; x_wconf 89' lang='lat' dir='ltr'><strong>contra</strong></span> <span class='ocrx_word' id='word_1_692' title='bbox 1874 2550 1906 2582; x_wconf 94' lang='lat' dir='ltr'><strong>in</strong></span> <span class='ocrx_word' id='word_1_693' title='bbox 1923 2549 2047 2582; x_wconf 85' lang='lat' dir='ltr'><strong>Medeae</strong></span> <span class='ocrx_word' id='word_1_694' title='bbox 2072 2551 2180 2583; x_wconf 86' lang='lat' dir='ltr'><strong>mente</strong></span> <span class='ocrx_word' id='word_1_695' title='bbox 2200 2559 2288 2583; x_wconf 64' lang='lat' dir='ltr'><strong>saeva</strong></span> <span class='ocrx_word' id='word_1_696' title='bbox 2314 2550 2479 2584; x_wconf 77' lang='lat' dir='ltr'><strong>iracundia</strong></span> 
     </span>
     <span class='ocr_line' id='line_1_94' title="bbox 1430 2610 2144 2643; baseline -0.003 0"><span class='ocrx_word' id='word_1_697' title='bbox 1430 2610 1560 2643; x_wconf 87' lang='lat' dir='ltr'><strong>rationis</strong></span> <span class='ocrx_word' id='word_1_698' title='bbox 1576 2611 1683 2642; x_wconf 90' lang='lat' dir='ltr'><strong>lumen</strong></span> <span class='ocrx_word' id='word_1_699' title='bbox 1703 2610 1916 2643; x_wconf 82' lang='lat' dir='ltr'><strong>exstinxerat.</strong></span> <span class='ocrx_word' id='word_1_700' title='bbox 1965 2610 2015 2643; x_wconf 76' lang='lat' dir='ltr'><strong>Ait</strong></span> <span class='ocrx_word' id='word_1_701' title='bbox 2034 2610 2144 2642; x_wconf 88' lang='lat' dir='ltr'><strong>enim:</strong></span> 
     </span>
    </p>
   </div>
   <div class='ocr_carea' id='block_1_11' title="bbox 1465 2691 2174 2781">
    <p class='ocr_par' dir='ltr' id='par_1_18' title="bbox 1465 2691 2174 2781">
     <span class='ocr_line' id='line_1_95' title="bbox 1465 2691 2174 2728; baseline -0.004 -6"><span class='ocrx_word' id='word_1_702' title='bbox 1465 2693 1526 2722; x_wconf 85' lang='lat' dir='ltr'><strong>Nec</strong></span> <span class='ocrx_word' id='word_1_703' title='bbox 1537 2699 1586 2722; x_wconf 89' lang='lat' dir='ltr'><strong>me</strong></span> <span class='ocrx_word' id='word_1_704' title='bbox 1598 2691 1671 2721; x_wconf 83' lang='lat' dir='ltr'><strong>latet</strong></span> <span class='ocrx_word' id='word_1_705' title='bbox 1684 2699 1767 2721; x_wconf 88' lang='lat' dir='ltr'><strong>nunc</strong></span> <span class='ocrx_word' id='word_1_706' title='bbox 1783 2699 1874 2728; x_wconf 87' lang='lat' dir='ltr'><strong>quam</strong></span> <span class='ocrx_word' id='word_1_707' title='bbox 1887 2693 2014 2720; x_wconf 86' lang='lat' dir='ltr'><strong>cruenta</strong></span> <span class='ocrx_word' id='word_1_708' title='bbox 2026 2691 2156 2728; x_wconf 80' lang='lat' dir='ltr'><strong>cogitem</strong></span> <span class='ocrx_word' id='word_1_709' title='bbox 2165 2712 2174 2726; x_wconf 91' lang='lat'><strong>,</strong></span> 
     </span>
     <span class='ocr_line' id='line_1_96' title="bbox 1465 2744 2022 2781; baseline -0.004 -6"><span class='ocrx_word' id='word_1_710' title='bbox 1465 2745 1521 2775; x_wconf 70' lang='lat' dir='ltr'><strong>Sed</strong></span> <span class='ocrx_word' id='word_1_711' title='bbox 1537 2745 1638 2775; x_wconf 83' lang='lat' dir='ltr'><strong>vincit</strong></span> <span class='ocrx_word' id='word_1_712' title='bbox 1652 2744 1695 2774; x_wconf 90' lang='lat' dir='ltr'><strong>ira</strong></span> <span class='ocrx_word' id='word_1_713' title='bbox 1709 2745 1867 2774; x_wconf 88' lang='lat' dir='ltr'><strong>sanitatem</strong></span> <span class='ocrx_word' id='word_1_714' title='bbox 1882 2745 2022 2781; x_wconf 79' lang='lat' dir='ltr'><strong>pectoris.</strong></span> 
     </span>
    </p>
   </div>
   <div class='ocr_carea' id='block_1_12' title="bbox 1426 2812 2478 3503">
    <p class='ocr_par' dir='ltr' id='par_1_19' title="bbox 1430 2812 2476 2916">
     <span class='ocr_line' id='line_1_97' title="bbox 1430 2812 2476 2856; baseline 0.001 -9"><span class='ocrx_word' id='word_1_715' title='bbox 1430 2817 1540 2856; x_wconf 89' lang='lat' dir='ltr'><strong>Usque</strong></span> <span class='ocrx_word' id='word_1_716' title='bbox 1565 2815 1645 2847; x_wconf 90' lang='lat' dir='ltr'><strong>adeo</strong></span> <span class='ocrx_word' id='word_1_717' title='bbox 1662 2814 1781 2847; x_wconf 84' lang='lat' dir='ltr'><strong>salubri</strong></span> <span class='ocrx_word' id='word_1_718' title='bbox 1798 2813 1929 2846; x_wconf 88' lang='lat' dir='ltr'><strong>consilio</strong></span> <span class='ocrx_word' id='word_1_719' title='bbox 1949 2813 2035 2845; x_wconf 90' lang='lat' dir='ltr'><strong>viam</strong></span> <span class='ocrx_word' id='word_1_720' title='bbox 2064 2813 2221 2846; x_wconf 82' lang='lat' dir='ltr'><strong>clauserat</strong></span> <span class='ocrx_word' id='word_1_721' title='bbox 2247 2812 2476 2848; x_wconf 87' lang='lat' dir='ltr'><strong>immoderatus</strong></span> 
     </span>
     <span class='ocr_line' id='line_1_98' title="bbox 1430 2874 1709 2916; baseline -0.011 -8"><span class='ocrx_word' id='word_1_722' title='bbox 1430 2875 1516 2908; x_wconf 87' lang='lat' dir='ltr'><strong>calor</strong></span> <span class='ocrx_word' id='word_1_723' title='bbox 1531 2874 1709 2916; x_wconf 85' lang='lat' dir='ltr'><strong>pellicatus.</strong></span> 
     </span>
    </p>

    <p class='ocr_par' dir='ltr' id='par_1_20' title="bbox 1426 2931 2478 3503">
     <span class='ocr_line' id='line_1_99' title="bbox 1470 2931 2478 2974; baseline -0.001 -7"><span class='ocrx_word' id='word_1_724' title='bbox 1470 2934 1654 2967; x_wconf 83' lang='lat' dir='ltr'>CLXXXII.</span> <span class='ocrx_word' id='word_1_725' title='bbox 1678 2934 1762 2972; x_wconf 86' lang='lat' dir='ltr'><strong>Ergo</strong></span> <span class='ocrx_word' id='word_1_726' title='bbox 1787 2932 1818 2964; x_wconf 94' lang='lat' dir='ltr'><strong>in</strong></span> <span class='ocrx_word' id='word_1_727' title='bbox 1833 2932 1941 2964; x_wconf 89' lang='lat' dir='ltr'><strong>animo</strong></span> <span class='ocrx_word' id='word_1_728' title='bbox 1965 2932 2156 2964; x_wconf 87' lang='lat' dir='ltr'><strong>continentis</strong></span> <span class='ocrx_word' id='word_1_729' title='bbox 2176 2932 2236 2964; x_wconf 86' lang='lat' dir='ltr'><strong>viri</strong></span> <span class='ocrx_word' id='word_1_730' title='bbox 2263 2940 2392 2974; x_wconf 86' lang='lat' dir='ltr'><strong>semper</strong></span> <span class='ocrx_word' id='word_1_731' title='bbox 2406 2931 2478 2974; x_wconf 74' lang='lat' dir='ltr'><strong>ptm</strong></span> 
     </span>
     <span class='ocr_line' id='line_1_100' title="bbox 1429 2990 2476 3034; baseline -0.002 -8"><span class='ocrx_word' id='word_1_732' title='bbox 1429 2993 1598 3026; x_wconf 89' lang='lat' dir='ltr'><strong>consilium</strong></span> <span class='ocrx_word' id='word_1_733' title='bbox 1626 2993 1732 3034; x_wconf 82' lang='lat' dir='ltr'><strong>potest</strong></span> <span class='ocrx_word' id='word_1_734' title='bbox 1760 3003 1769 3024; x_wconf 69' lang='grc' dir='ltr'><strong><em>ε</em></strong></span> <span class='ocrx_word' id='word_1_735' title='bbox 1797 2991 2040 3031; x_wconf 81' lang='lat' dir='ltr'><strong>intemperantis</strong></span> <span class='ocrx_word' id='word_1_736' title='bbox 2067 2991 2271 3026; x_wconf 87' lang='lat' dir='ltr'><strong>imbecillitas</strong></span> <span class='ocrx_word' id='word_1_737' title='bbox 2302 2990 2476 3026; x_wconf 84' lang='lat' dir='ltr'><strong>adversum</strong></span> 
     </span>
     <span class='ocr_line' id='line_1_101' title="bbox 1429 3050 2475 3093; baseline -0.003 -7"><span class='ocrx_word' id='word_1_738' title='bbox 1429 3054 1582 3086; x_wconf 89' lang='lat' dir='ltr'><strong>rationem</strong></span> <span class='ocrx_word' id='word_1_739' title='bbox 1596 3052 1719 3084; x_wconf 88' lang='lat' dir='ltr'><strong>vitiosis</strong></span> <span class='ocrx_word' id='word_1_740' title='bbox 1741 3050 1837 3083; x_wconf 91' lang='lat' dir='ltr'><strong>animi</strong></span> <span class='ocrx_word' id='word_1_741' title='bbox 1857 3050 2003 3090; x_wconf 86' lang='lat' dir='ltr'><strong>partibus</strong></span> <span class='ocrx_word' id='word_1_742' title='bbox 2022 3051 2227 3091; x_wconf 74' lang='lat' dir='ltr'><strong>suffragatur.</strong></span> <span class='ocrx_word' id='word_1_743' title='bbox 2270 3052 2363 3093; x_wconf 79' lang='lat' dir='ltr'><strong>Saepe</strong></span> <span class='ocrx_word' id='word_1_744' title='bbox 2377 3050 2475 3084; x_wconf 84' lang='lat' dir='ltr'><strong>etiam</strong></span> 
     </span>
     <span class='ocr_line' id='line_1_102' title="bbox 1429 3108 2476 3153; baseline -0.001 -10"><span class='ocrx_word' id='word_1_745' title='bbox 1429 3112 1498 3144; x_wconf 82' lang='lat' dir='ltr'><strong>haec</strong></span> <span class='ocrx_word' id='word_1_746' title='bbox 1523 3112 1592 3153; x_wconf 88' lang='lat' dir='ltr'><strong>ipsa</strong></span> <span class='ocrx_word' id='word_1_747' title='bbox 1619 3110 1696 3143; x_wconf 88' lang='lat' dir='ltr'><strong>vitia</strong></span> <span class='ocrx_word' id='word_1_748' title='bbox 1711 3119 1760 3142; x_wconf 66' lang='lat' dir='ltr'><strong>⁴se</strong></span> <span class='ocrx_word' id='word_1_749' title='bbox 1784 3109 1921 3141; x_wconf 90' lang='lat' dir='ltr'><strong>invicem</strong></span> <span class='ocrx_word' id='word_1_750' title='bbox 1940 3108 2129 3150; x_wconf 86' lang='lat' dir='ltr'><strong>impugnant</strong></span> <span class='ocrx_word' id='word_1_751' title='bbox 2147 3122 2155 3142; x_wconf 70' lang='grc' dir='ltr'><strong>ι</strong></span> <span class='ocrx_word' id='word_1_752' title='bbox 2172 3111 2208 3141; x_wconf 89' lang='lat' dir='ltr'><strong>ut</strong></span> <span class='ocrx_word' id='word_1_753' title='bbox 2223 3108 2476 3145; x_wconf 73' lang='lat' dir='ltr'><strong>in&#39;adolesoenle</strong></span> 
     </span>
     <span class='ocr_line' id='line_1_103' title="bbox 1427 3167 2475 3211; baseline -0.003 -8"><span class='ocrx_word' id='word_1_754' title='bbox 1427 3172 1632 3211; x_wconf 88' lang='lat' dir='ltr'><strong>Terentiano,</strong></span> <span class='ocrx_word' id='word_1_755' title='bbox 1646 3169 1703 3211; x_wconf 92' lang='lat' dir='ltr'><strong>qui</strong></span> <span class='ocrx_word' id='word_1_756' title='bbox 1725 3168 1897 3201; x_wconf 87' lang='lat' dir='ltr'><strong>adversum</strong></span> <span class='ocrx_word' id='word_1_757' title='bbox 1912 3167 2086 3201; x_wconf 88' lang='lat' dir='ltr'><strong>acerrimas</strong></span> <span class='ocrx_word' id='word_1_758' title='bbox 2103 3167 2222 3200; x_wconf 87' lang='lat' dir='ltr'><strong>amoris</strong></span> <span class='ocrx_word' id='word_1_759' title='bbox 2237 3168 2384 3200; x_wconf 78' lang='lat' dir='ltr'><strong>flammas</strong></span> <span class='ocrx_word' id='word_1_760' title='bbox 2401 3168 2475 3201; x_wconf 87' lang='lat' dir='ltr'><strong>resi-</strong></span> 
     </span>
     <span class='ocr_line' id='line_1_104' title="bbox 1427 3227 2473 3271; baseline -0.002 -8"><span class='ocrx_word' id='word_1_761' title='bbox 1427 3234 1532 3271; x_wconf 87' lang='lat' dir='ltr'><strong>stens,</strong></span> <span class='ocrx_word' id='word_1_762' title='bbox 1552 3231 1687 3263; x_wconf 86' lang='lat' dir='ltr'><strong>honesta</strong></span> <span class='ocrx_word' id='word_1_763' title='bbox 1705 3228 1870 3262; x_wconf 88' lang='lat' dir='ltr'><strong>iracundia</strong></span> <span class='ocrx_word' id='word_1_764' title='bbox 1882 3228 2014 3268; x_wconf 89' lang='lat' dir='ltr'><strong>nititur;</strong></span> <span class='ocrx_word' id='word_1_765' title='bbox 2034 3237 2107 3260; x_wconf 90' lang='lat' dir='ltr'><strong>cum</strong></span> <span class='ocrx_word' id='word_1_766' title='bbox 2129 3230 2223 3269; x_wconf 85' lang='lat' dir='ltr'><strong>negat</strong></span> <span class='ocrx_word' id='word_1_767' title='bbox 2241 3227 2362 3260; x_wconf 86' lang='lat' dir='ltr'><strong>iturum</strong></span> <span class='ocrx_word' id='word_1_768' title='bbox 2379 3237 2414 3260; x_wconf 81' lang='lat' dir='ltr'><strong>se</strong></span> <span class='ocrx_word' id='word_1_769' title='bbox 2433 3228 2473 3261; x_wconf 84' lang='lat' dir='ltr'><strong>ad</strong></span> 
     </span>
     <span class='ocr_line' id='line_1_105' title="bbox 1427 3285 2474 3330; baseline -0.001 -10"><span class='ocrx_word' id='word_1_770' title='bbox 1427 3292 1639 3330; x_wconf 88' lang='lat' dir='ltr'><strong>conspectum</strong></span> <span class='ocrx_word' id='word_1_771' title='bbox 1658 3288 1770 3320; x_wconf 81' lang='lat' dir='ltr'><strong>amicae</strong></span> <span class='ocrx_word' id='word_1_772' title='bbox 1788 3287 1872 3319; x_wconf 85' lang='lat' dir='ltr'><strong>ultro</strong></span> <span class='ocrx_word' id='word_1_773' title='bbox 1885 3286 2091 3326; x_wconf 88' lang='lat' dir='ltr'><strong>arcessentis‚</strong></span> <span class='ocrx_word' id='word_1_774' title='bbox 2106 3288 2142 3318; x_wconf 91' lang='lat' dir='ltr'><strong>ut</strong></span> <span class='ocrx_word' id='word_1_775' title='bbox 2159 3285 2325 3318; x_wconf 87' lang='lat' dir='ltr'><strong>exclusum</strong></span> <span class='ocrx_word' id='word_1_776' title='bbox 2347 3286 2474 3328; x_wconf 83' lang='lat' dir='ltr'><strong>indigne</strong></span> 
     </span>
     <span class='ocr_line' id='line_1_106' title="bbox 1426 3344 2466 3386; baseline -0.003 -8"><span class='ocrx_word' id='word_1_777' title='bbox 1426 3348 1554 3379; x_wconf 87' lang='lat' dir='ltr'><strong>revocet</strong></span> <span class='ocrx_word' id='word_1_778' title='bbox 1586 3346 1761 3386; x_wconf 90' lang='lat' dir='ltr'><strong>lenocinio,</strong></span> <span class='ocrx_word' id='word_1_779' title='bbox 1778 3345 2005 3386; x_wconf 79' lang='lat' dir='ltr'><strong>blanditiisque</strong></span> <span class='ocrx_word' id='word_1_780' title='bbox 2031 3344 2229 3377; x_wconf 86' lang='lat' dir='ltr'><strong>meretriciis.</strong></span> <span class='ocrx_word' id='word_1_781' title='bbox 2275 3346 2359 3383; x_wconf 83' lang='lat' dir='ltr'><strong>Ergo</strong></span> <span class='ocrx_word' id='word_1_782' title='bbox 2380 3344 2466 3384; x_wconf 79' lang='lat' dir='ltr'><strong>haec,</strong></span> 
     </span>
     <span class='ocr_line' id='line_1_107' title="bbox 1426 3403 2466 3446; baseline -0.002 -9"><span class='ocrx_word' id='word_1_783' title='bbox 1426 3405 1467 3437; x_wconf 92' lang='lat' dir='ltr'><strong>de</strong></span> <span class='ocrx_word' id='word_1_784' title='bbox 1494 3405 1611 3446; x_wconf 90' lang='lat' dir='ltr'><strong>quibus</strong></span> <span class='ocrx_word' id='word_1_785' title='bbox 1638 3406 1723 3437; x_wconf 90' lang='lat' dir='ltr'><strong>intra</strong></span> <span class='ocrx_word' id='word_1_786' title='bbox 1745 3413 1861 3437; x_wconf 82' lang='lat' dir='ltr'><strong>arcana</strong></span> <span class='ocrx_word' id='word_1_787' title='bbox 1889 3404 2028 3445; x_wconf 86' lang='lat' dir='ltr'><strong>pectoris</strong></span> <span class='ocrx_word' id='word_1_788' title='bbox 2054 3403 2292 3444; x_wconf 87' lang='lat' dir='ltr'><strong>disceptamus,</strong></span> <span class='ocrx_word' id='word_1_789' title='bbox 2309 3411 2466 3444; x_wconf 65' lang='lat' dir='ltr'><strong>quaeque,</strong></span> 
     </span>
     <span class='ocr_line' id='line_1_108' title="bbox 1426 3461 2468 3503; baseline -0.003 -8"><span class='ocrx_word' id='word_1_790' title='bbox 1426 3466 1534 3495; x_wconf 92' lang='lat' dir='ltr'><strong>utrum</strong></span> <span class='ocrx_word' id='word_1_791' title='bbox 1554 3463 1695 3496; x_wconf 79' lang='lat' dir='ltr'><strong>facienda</strong></span> <span class='ocrx_word' id='word_1_792' title='bbox 1715 3471 1773 3496; x_wconf 91' lang='lat' dir='ltr'><strong>nec</strong></span> <span class='ocrx_word' id='word_1_793' title='bbox 1790 3471 1830 3496; x_wconf 90' lang='lat' dir='ltr'><strong>ne</strong></span> <span class='ocrx_word' id='word_1_794' title='bbox 1844 3462 1926 3503; x_wconf 87' lang='lat' dir='ltr'><strong>sint,</strong></span> <span class='ocrx_word' id='word_1_795' title='bbox 1948 3461 2182 3501; x_wconf 88' lang='lat' dir='ltr'><strong>deliberamus,</strong></span> <span class='ocrx_word' id='word_1_796' title='bbox 2199 3464 2232 3494; x_wconf 87' lang='lat' dir='ltr'><strong>et</strong></span> <span class='ocrx_word' id='word_1_797' title='bbox 2252 3462 2468 3502; x_wconf 85' lang='lat' dir='ltr'><strong>postremum,</strong></span> 
     </span>
    </p>
   </div>
  </div>
 </body>
</html>
