2638 3840
10 1547 30 1569 ,g-

18 1574 40 1608 ζ’.

8 1619 34 1667 K

733 212 961 261 EJUSQUE
991 213 1278 252 DlSClPULlS
1308 214 1371 252 ET
1399 212 1822 254 SUCCESSORlBUS.
2297 229 2342 256 1x

193 301 408 354 discipulus
434 301 520 352 ejus
548 301 790 353 Pythagoras
823 302 991 340 max'ime
1023 302 1232 340 confirma-

191 359 259 399 vit.
283 376 300 395 n
325 359 525 412 Apparent
551 368 677 399 autem
701 359 922 409 dogmatum
945 360 1109 409 vestigia
1130 358 1235 398 loni-

189 431 323 457 corum
356 419 513 458 familiae
540 419 717 471 propria.
734 418 828 457 Nam
855 418 1094 470 Pythagoras
1114 432 1233 469 quum

187 485 372 516 statueret
390 477 561 517 animum
589 490 674 517 esse
706 477 911 516 aethereum
940 478 1147 527 igneumve
1165 490 1235 528 per

188 542 305 573 totam
342 548 471 574 rerum
506 544 684 574 naturam
726 536 915 574 intentum
947 543 985 573 et
1016 548 1233 573 commean-

188 601 264 632 tem
289 593 397 648 (50),
418 595 610 642 humanos
638 594 789 634 animos
806 607 828 633 e
846 594 981 632 divina
1011 602 1138 632 mente
1162 594 1234 632 de·-

186 651 328 691 libatos
346 665 430 691 esse
446 653 611 693 censuit.
631 652 737 692 Idem
758 653 901 704 plantis
926 665 1082 703 quoque
1107 653 1233 691 inesse

170 710 334 767 banimas
362 723 411 750 ex
440 710 574 750 eodem
610 713 713 750 fonte
750 711 885 753 ductas
916 711 1125 752 arbitratus
1152 720 1230 759 est,

174 774 347 822 'propter
362 783 458 822 quas
484 770 700 809 animantes
724 770 812 809 illas
832 770 1057 822 appellavit.
1081 770 1130 808 At
1148 772 1232 809 ani·

185 841 271 867 mus
311 829 503 868 humanus
537 843 616 867 non
648 842 698 868 ex
728 829 812 871 sola
849 828 1064 868 substantia
1097 829 1234 868 divina

183 887 403 939 Pythagora
425 889 561 941 judice
592 897 752 928 constat.
775 889 885 928 Hunc
909 889 950 927 in
980 889 1076 927 duas
1105 899 1233 941 partes

184 947 335 996 divisit,
345 962 509 1000 quarum
528 949 686 986 alteram
701 948 866 991 rationis
879 949 1109 1000 participem
1127 949 1230 997 fecit,

183 1005 342 1044 alteram
376 1015 588 1058 expertem.
618 1006 663 1045 ln
695 1007 888 1059 participe
913 1007 1079 1046 rationis
1101 1009 1234 1059 posuit

185 1065 502 1116 tranquillitatem
515 1095 525 1113 ,
542 1066 583 1104 id
599 1074 656 1104 est
672 1065 864 1117 placidam
877 1066 1125 1117 quietamque
1138 1081 1231 1105 con-

183 1125 386 1175 stantiam3
403 1126 446 1166 in
465 1125 533 1163 illa
550 1125 670 1163 altera
693 1133 820 1163 motus
838 1124 1017 1163 turbidos
1040 1134 1120 1164 tum
1140 1127 1231 1177 irae,

185 1190 266 1221 tum
308 1183 557 1236 cupiditatis,
600 1179 817 1222 contrarios
860 1183 1122 1235 inimicosque
1171 1199 1233 1224 ra·

185 1241 282 1281 tioni
299 1242 399 1294 (51).
430 1240 644 1281 Audiamus
674 1242 864 1284 Timaeum
897 1241 1063 1281 Locrum
1088 1244 1172 1295 (52)
1191 1245 1233 1283 in

183 1300 319 1340 libello
334 1301 387 1340 de
415 1302 546 1340 anima
573 1300 710 1339 mundi
730 1300 829 1339 hanc
849 1313 930 1338 rem
955 1301 1010 1338 ita
1034 1301 1231 1341 illustran-

185 1368 259 1398 tem
279 1374 288 1398 :
310 1378 327 1395 α
347 1360 480 1399 Animi
495 1360 669 1407 humani,
690 1360 840 1411 inquit,
860 1359 936 1397 alia
952 1361 1082 1411 portio
1102 1370 1158 1400 est
1172 1375 1233 1400 ra-

185 1419 342 1459 tionalis
365 1428 404 1458 et
434 1419 676 1469 intelligens,
700 1418 777 1457 alia
807 1418 1047 1457 irrationalis
1075 1428 1113 1458 et
1140 1420 1235 1459 insi-

183 1479 308 1531 pieus.
328 1479 543 1520 Rationalis
563 1478 756 1531 portionis
776 1478 915 1516 melior
933 1491 1024 1530 pars
1042 1487 1099 1517 est
1115 1480 1154 1517 ἐκ
1173 1486 1234 1526 τᾶς

182 1541 301 1578 ταυτῶ
319 1538 440 1591 φύσιος
458 1538 542 1577 sive
565 1550 614 1576 ex
634 1536 851 1576 substantia
875 1545 1024 1576 naturae
1051 1538 1234 1577 immuta-

184 1594 279 1635 bilis
307 1595 464 1648 sibique
483 1609 637 1648 semper
658 1596 887 1636 constantis.
911 1596 1090 1635 Deterior
1108 1606 1166 1636 est
1195 1599 1235 1636 ἐκ

183 1659 245 1698 τᾶς
264 1655 315 1693 τῶ
335 1654 443 1706 ἑτέρω
461 1656 545 1694 sive
563 1667 611 1693 ex
630 1654 848 1696 substantia
863 1664 1012 1694 naturae
1033 1655 1235 1695 mutabilis

182 1723 222 1754 et
240 1714 511 1754 inconstantis.
538 1713 709 1765 Utraque
728 1714 769 1753 in
791 1715 916 1767 capite
937 1715 1127 1754 collocata
1153 1725 1232 1765 est,

183 1782 227 1813 ut
247 1773 407 1825 reliquae
438 1782 567 1826 partes
600 1773 636 1812 ei
668 1774 852 1815 serviant.
874 1773 1116 1814 irrationalis
1139 1789 1235 1828 por-

185 1833 304 1872 tionis
333 1832 420 1871 duae
449 1840 540 1871 sunt
570 1841 724 1884 partes,
758 1833 878 1873 altera
912 1833 1119 1873 irritabilis
1149 1849 1237 1885 quae

185 1892 288 1931 eirca
323 1905 391 1931 cor
426 1900 618 1939 versatur,
655 1892 775 1930 altera
825 1893 1107 1944 concupiscens
1150 1906 1237 1945 quae

185 1952 290 1990 circa
305 1949 418 2003 jecur
436 1949 597 1989 habitat.
621 1967 637 1984 υ
660 1949 785 2001 Hujus
811 1951 932 2001 igitur
955 1951 1126 2003 duplicis
1155 1966 1236 1991 ma-

186 2010 293 2049 teriae
311 2017 618 2062 temperamento
637 2017 675 2047 et
694 2008 898 2048 harmonia
923 2010 1118 2060 vigentem
1147 2012 1235 2050 ani-

186 2083 290 2108 mum
320 2081 523 2107 numerum
545 2081 630 2107 esse
662 2067 836 2107 decrevit
863 2069 932 2120 qui
965 2082 1006 2108 se
1039 2070 1124 2122 ipse
1154 2084 1236 2111 mo·

229 2216 295 2258 (50)
316 2215 430 2248 Cicero
446 2215 486 2248 de
505 2218 624 2248 senect.
647 2219 705 2254 213
724 2213 764 2246 de
780 2215 886 2246 natur.
912 2213 1000 2247 deor.
1021 2217 1050 2255 1,
1074 2219 1122 2247 ιι.
1142 2216 1236 2257 Diog.

186 2265 290 2298 heti.
308 2263 366 2296 lib.
392 2264 486 2303 vm.
505 2266 544 2295 28
565 2276 574 2296 ε
594 2262 648 2294 καὶ
671 2264 723 2300 ζῆν
740 2262 796 2303 μὲν
813 2261 915 2294 πάντα
943 2262 1005 2294 ὅσα
1027 2263 1151 2305 μετέχει
1177 2267 1234 2296 τοῦ

185 2311 316 2352 θερμοῦ·
335 2310 383 2343 διὸ
398 2310 452 2342 καὶ
467 2310 508 2341 τὰ
527 2309 606 2349 φυτὰ
627 2311 693 2351 ζῷα
720 2309 812 2341 εἶναι.
835 2309 953 2351 Ψυχὴν
972 2309 1075 2349 μέντοι
1093 2311 1136 2351 μὴ
1154 2309 1236 2351 ἔχειν

184 2358 295 2391 πάντα·
311 2357 389 2390 εἶναι
399 2357 432 2389 δὲ
446 2357 502 2396 τήν
519 2357 623 2398 ψυχὴν
638 2355 838 2396 ἀπόσπασμα
851 2356 969 2397 αἰθέρος
984 2357 1037 2388 καὶ
1053 2359 1108 2389 τοῦ
1125 2358 1238 2398 θερμοῦ

185 2406 240 2439 καὶ
265 2406 388 2447 ψυχροῦ
415 2407 463 2445 τῷ
489 2405 695 2446 συμμετέχειν
716 2404 840 2445 ψυχροῦ
859 2404 986 2444 αἰθέρος.
1017 2404 1178 2446 Διαφέρειν
1204 2415 1238 2437 τε

185 2454 291 2497 ψυχὴν
306 2456 405 2492 ζωῆς,
422 2451 573 2485 ἀθάνατόν
591 2462 626 2484 τε
646 2452 725 2484 εἶναι
748 2451 856 2492 αὖε-ἡν,
875 2450 1039 2493 ἐπειδήπερ
1062 2452 1115 2483 καὶ
1134 2453 1170 2484 τὸ
1187 2451 1238 2493 ἀφ’

185 2501 224 2535 οὗ
238 2502 437 2535 ἀπέσπασται
453 2499 605 2532 ἀθάνατόν
618 2500 696 2532 lert.

228 2550 296 2591 (51)
308 2550 422 2582 Cicero
438 2546 942 2587 Tusc.1v.s.-(52)Timaeus
956 2547 1103 2579 Locrus:
1118 2549 1171 2583 τοῖς
1183 2546 1238 2587 μὲν

186 2596 247 2640 γὰρ
262 2595 453 2638 ἀνθρωπίνας
468 2595 572 2637 ψυχᾶς
587 2596 624 2627 τὸ
641 2595 696 2636 μὶν
713 2593 839 2635 λογικόν
855 2594 922 2626 ἐστι
943 2594 996 2625 καὶ
1018 2593 1135 2635 νοερόν,
1152 2594 1188 2626 τὸ
1210 2593 1236 2625 δ’

186 2645 298 2685 ἄλογον
312 2643 366 2675 καὶ
379 2642 486 2684 ἄφρον.
502 2643 557 2677 Τῶ
575 2642 608 2675 a&
622 2643 740 2682 λογικῶ
751 2641 788 2674 τὸ
804 2641 859 2682 μὶν
872 2641 1006 2682 κρέσσον
1019 2642 1055 2672 ἐκ
1068 2645 1121 2678 τᾶς
1133 2641 1238 2673 ταὺτῶ

186 2692 313 2733 φύσιος,
323 2691 363 2722 τὸ
380 2690 412 2722 δὲ
429 2690 547 2731 χέρειον
562 2689 599 2721 ἐκ
611 2692 665 2726 τᾶς
680 2692 727 2722 τῶ
742 2689 848 2731 ἑτέρω.
866 2687 1030 2730 Ἑκάτερον
1048 2688 1080 2720 δὲ
1096 2690 1164 2731 περὶ
1180 2689 1236 2721 τὰν

187 2738 323 2781 κεφαλὰν
337 2738 473 2780 tamna«,
487 2739 528 2774 ὡς
547 2736 643 2769 τᾶλλα
661 2737 754 2778 μέρεα
766 2738 821 2773 τᾶς
837 2737 939 2777 ψυχᾶς
956 2737 1010 2767 καὶ
1028 2739 1074 2767 τῶ
1090 2737 1237 2776 σώματος

185 2787 348 2827 ὑπηρετεῖν
365 2785 485 2826 τούτῳ,
502 2783 643 2826 καθάπερ
669 2782 779 2823 ὑπάτῳ
796 2786 843 2815 τῶ
868 2781 996 2818 σκάνεος
1017 2782 1163 2819 ἅπαντος.
1184 2785 1238 2815 Ἰῶ

186 2833 215 2866 δ’
227 2832 332 2874 &Mna
352 2831 458 2873 μίρεος
476 2831 512 2863 τὸ
528 2831 583 2872 μὲν
600 2831 756 2872 θυμοειδὲς
770 2831 840 2871 περὶ
859 2830 915 2862 ταν
931 2829 1072 2872 καρδίαν,
1086 2830 1122 2861 τὸ
1136 2830 1162 2861 δ’
1175 2830 1239 2861 ἐπι-

188 2880 357 2922 θυματικὸν
372 2878 442 2920 περὶ
459 2878 496 2910 τὸ
505 2877 600 2920 ἧπαρ.
616 2896 655 2904 -
670 2879 735 2918 (5³)
754 2878 947 2910 Plutarchus
961 2876 1002 2909 ‹le
1018 2876 1098 2916 plac.
1118 2877 1195 2917 phil.
1213 2879 1236 2917 1,

188 2928 207 2960 7
224 2938 232 2959 2
251 2925 433 2967 Πυθαγόρας
445 2928 507 2957 τῶν
524 2924 630 2967 ἀρχῶν
647 2926 703 2963 τὴν
723 2926 778 2965 μὶν
795 2924 914 2965 μονάδα
929 2923 1010 2963 θεόν,
1027 2923 1080 2954 καὶ
1093 2924 1236 2963 τάγαθόν,

187 2977 255 3015 ἥτις
279 2976 363 3012 tom
381 2977 402 3014 ἡ
417 2978 474 3008 τοῦ
500 2975 567 3011 ἐνὸς
585 2974 695 3016 φύσις,
712 2974 803 3011 αὐτὸς
832 2974 850 3006 ὸ
867 2977 949 3010 νοῦς·
972 2973 1028 3010 τήν
1047 2971 1074 3004 δ’
1093 2972 1237 3013 ἀόριστον

190 3023 289 3058 δυάδα
300 3047 311 3063 ,
323 3022 456 3065 δαίμονα
474 3023 528 3054 καὶ
546 3022 583 3055 τὸ
599 3022 709 3062 κακόν,
723 3022 792 3063 περὶ
811 3022 848 3060 ἢν
864 3021 930 3053 ἐστι
946 3021 982 3052 τὸ
995 3021 1100 3052 ὑλικὸν
1113 3021 1238 3058 πλῆθος·

189 3072 257 3105 ἔστι
272 3070 306 3104 δὲ
321 3070 374 3103 καὶ
396 3070 504 3112 ὁρατὸς
523 3070 541 3102 ὁ
555 3068 685 3109 κόσμος.
700 3086 740 3093 -
756 3069 819 3110 (st)
841 3067 991 3101 stuba-na
1010 3067 1118 3105 tzctog.
1142 3067 1237 3108 l’lnys.

190 3118 245 3152 ltb.
263 3119 277 3151 Ι
293 3126 365 3159 cap.
385 3121 423 3150 52
441 3120 522 3149 tom.
541 3116 568 3149 ΙΙ
586 3124 616 3157 ρ.
645 3116 720 3149 1066
739 3115 792 3148 ed.
813 3116 947 3148 Heeren.
969 3127 975 3145 :
1004 3113 1041 3145 οὐ
1057 3114 1116 3153 μὴν
1139 3112 1183 3145 ἔτι
1205 3123 1240 3153 γε

189 3167 253 3201 τοῖς
268 3163 478 3206 ἀρχαιοτέρας
495 3164 564 3205 περὶ
579 3162 671 3195 τοῦδε
692 3165 914 3205 συμφωνοῦσιν
930 3162 960 3192 ol.
977 3159 1172 3192 Πλατωνικοὶ
1187 3160 1240 3192 καὶ

190 3211 416 3253 Πυθαγόρειοι,
428 3210 531 3247 πάσας
547 3210 580 3243 δε
593 3209 688 3246 αὐτας
704 3209 876 3251 ὑπάγουσιν
891 3209 953 3241 υπὸ
964 3208 1018 3245 τὴν
1033 3208 1143 3247 κρίσιν.
1165 3207 1241 3239 Ὠσ-

192 3259 294 3296 αύτως
337 3258 393 3300 μὲν
430 3257 485 3291 οὗν
513 3258 582 3300 περὶ
608 3261 663 3296 τῆς
691 3257 798 3297 ὂίκης,
815 3258 846 3290 ol
879 3257 934 3297 μὶν
962 3255 1159 3294 παλαιότεροι
1187 3254 1241 3291 τὰς

192 3307 363 3349 ἅχρὰντους
375 3307 477 3349 ψυχὰς
493 3307 546 3338 καὶ
562 3305 617 3343 τὰς
632 3307 843 3347 ὁμονοητικῶς
863 3303 1068 3345 συναρθείσας
1087 3305 1148 3338 τοῖς
1165 3302 1243 3337 θεοῖς

193 3355 329 3388 εντεύθεν
340 3354 400 3394 ἠδη
411 3356 476 3391 τοϊς
491 3355 573 3391 θεοῖς
590 3354 760 3393 innodet-n,
771 3354 824 3386 καὶ
842 3350 1044 3386 ίκοαινούσας
1059 3352 1122 3381 τῶν
1136 3348 1244 3389 σωμά·

193 3411 257 3435 των
272 3401 346 3434 ἀνευ
362 3404 416 3439 τῆς
438 3401 525 3438 δίκης
548 3399 718 3442 ἀνάγουσιν
737 3401 779 3436 tl:
795 3400 866 3435 τοὺς
887 3399 930 3430 θε
922 3398 973 3434 ’,ύς
982 3397 1039 3428 ·ot
1058 3396 1090 3427 δε
1110 3395 1242 3428 Πλατω-

198 3450 276 3481 νικοὶ
291 3448 393 3485 πάσας
413 3448 491 3490 μετὰ
506 3449 562 3486 τὴν
581 3447 671 3485 δίκην
690 3448 731 3484 εἰς
746 3447 802 3485 τὴν
818 3446 928 3479 ουσίαν
947 3444 1009 3476 ἀπὸ
1022 3447 1076 3482 τῆς
1094 3443 1243 3484 γενέσεως

1295 311 1415 341 veret.
1454 302 1549 340 Nam
1588 289 1641 340 et'
1671 301 1749 340 alia
1796 310 2102 353 cunctorumque
2149 304 2340 356 principia

1296 361 1469 399 numeris
1503 359 1761 411 significabat.
1784 359 1939 411 Quippe
1965 360 2079 399 deum
2109 370 2151 399 ut
2171 363 2339 413 primum

1294 432 1422 456 rerum
1466 428 1662 458 auctorem
1701 418 1886 457 unitatem
1923 418 2104 466 vocabat,
2143 421 2341 459 materiam

1296 490 1410 525 vero,
1450 487 1631 529 tanquam
1667 477 1837 516 secundo
1871 477 1958 515 loco
1995 478 2160 528 positam
2199 481 2344 530 patien-

1294 545 1448 588 temque
1465 551 1634 585 causam,
1648 537 1846 575 binarium
1862 549 2066 575 numerum
2088 537 2181 589 (53).
2205 539 2278 576 Sed
2295 540 2343 578 (le

1294 594 1564 644 Pythagoricis
1583 596 1756 634 numeris
1782 596 1882 634 alius
1909 596 1985 633 erit
2015 596 2171 634 dicendi
2198 597 2305 635 locus
2333 612 2341 637 :

1294 653 1497 692 videamus
1516 654 1564 692 de
1580 655 1702 692 animi
1722 662 1811 706 post
1830 654 1930 692 hanc
1950 654 2070 692 vitam
2091 663 2204 695 statu.
2222 657 2343 706 Igitur

1294 713 1413 750 animi
1462 726 1552 764 pars
1595 714 1735 751 melior
1771 722 1830 752 est
1874 713 2131 761 immortalis,
2171 714 2343 754 deterior

1294 772 1490 817 mortalis,
1513 786 1590 810 non
1612 772 1768 823 quidem
1790 773 1864 822 ita,
1887 781 1930 811 ut
1961 781 2048 824 post
2074 782 2236 811 mortem
2257 789 2342 813 cor-

1294 830 1402 880 poris
1435 831 1561 868 statim
1595 832 1877 880 exstinguatur,
1898 832 1964 871 sed
1992 840 2035 870 ut
2063 831 2184 870 deleri
2218 841 2342 872 tamen

1293 889 1416 939 possit
1433 898 1470 927 et
1485 898 1573 940 post
1593 890 1800 927 multorum
1821 903 2011 940 annorum
2032 891 2200 942 spatium
2223 891 2343 930 inter-

1292 956 1373 993 eat,
1426 948 1704 999 melioremque
1749 957 1897 999 partem
1945 949 2076 991 vivam
2128 963 2345 1001 puramque

1294 1006 1500 1057 relinquat.
1535 1006 1599 1045 Sic
1636 1015 1737 1045 certe
1771 1007 2030 1057 Pythagoram
2066 1017 2104 1046 et
2136 1008 2344 1060 plerosque

1292 1064 1378 1115 ejus
1411 1066 1627 1117 discipulos
1664 1066 1712 1103 de
1742 1066 1984 1115 animorum,
2013 1068 2081 1117 qui
2114 1067 2345 1118 corporibus

1293 1124 1415 1175 elapsi
1446 1133 1556 1172 sunt,
1593 1132 1696 1161 sorte
1729 1124 1918 1172 sensisse,
1951 1125 2033 1163 fuse
2064 1126 2203 1164 docent
2235 1126 2344 1164 Jam-

1292 1181 1447 1222 blichus
1466 1183 1568 1233 apud
1588 1182 1781 1220 Stobaeum
1799 1182 1926 1232 Eclog.
1943 1183 2064 1233 Phys.
2084 1183 2181 1226 lib.1
2195 1198 2277 1236 cap.
2295 1186 2343 1223 52

1294 1251 1385 1281 tom.
1407 1242 1444 1280 11
1474 1256 1514 1294 p.
1551 1243 1648 1285 1064
1679 1242 1740 1279 ed.
1777 1241 1935 1279 Heeren.
1967 1242 2047 1293 (54)
2081 1253 2118 1280 et
2150 1244 2345 1295 praecipue

1294 1301 1457 1340 Procius
1476 1301 1690 1339 Comment.
1703 1301 1743 1338 in
1758 1300 1856 1338 Plat.
1876 1299 1982 1339 Tim.
1999 1314 2088 1352 pag.
2105 1302 2148 1338 31
2161 1316 2174 1338 1
2195 1302 2249 1353 (p.
2269 1304 2343 1350 754

1293 1361 1355 1400 ed.
1388 1360 1648 1410 Schneider.).
1678 1358 1812 1410 Neque
1842 1359 2047 1410 quisquam
2070 1360 2216 1398 infitias
2254 1360 2345 1408 ibit,

1293 1432 1342 1458 ex
1355 1419 1488 1458 eadem
1502 1419 1839 1470 Pythagoreorum
1857 1418 2044 1468 opinione
2058 1431 2231 1457 manasse
2249 1419 2345 1457 illud

1293 1478 1448 1529 Virgilii
1469 1474 1626 1516 effatum
1648 1476 1730 1515 [ΕΠ.
1751 1475 1824 1524 Vl,
1846 1477 1921 1524 745
1947 1490 1955 1512 :

1337 1587 1447 1618 Donec
1463 1586 1554 1626 longa
1574 1584 1643 1616 dics
1655 1609 1664 1623 ,
1688 1584 1829 1625 perfecto
1849 1585 2003 1625 temporis
2020 1585 2098 1617 orbe
2110 1608 2119 1623 .

1338 1634 1523 1665 concretam
1543 1632 1662 1665 exemit
1684 1633 1786 1665 labem
1802 1640 1985 1673 purumque
2005 1633 2137 1674 reliquit

1337 1681 1507 1714 oetlierium
1525 1690 1654 1714 sensum
1671 1683 1768 1722 atque
1782 1681 1874 1713 aurai
1889 1681 2042 1722 simplicis
2054 1681 2170 1722 ignem.

1295 1774 1381 1814 Jam
1403 1788 1500 1814 vero
1521 1776 1674 1814 animus
1703 1788 1725 1814 e
1754 1776 1932 1828 corporis
1963 1775 2134 1813 vinculis
2166 1784 2346 1827 tanquam

1297 1847 1319 1873 e
1339 1847 1494 1873 carcere
1513 1835 1674 1873 evolans
1693 1843 1845 1872 servata
1865 1834 2187 1872 lineamentorum
2209 1835 2348 1873 simili-

1297 1893 1433 1932 tudine
1452 1893 1632 1945 corporis
1654 1894 1814 1943 figuram
1835 1894 1988 1931 retinet.
2013 1892 2059 1931 Et
2083 1892 2164 1931 liaec
2190 1894 2347 1944 quidem

1297 1952 1422 2002 figura
1450 1952 1619 1991 adhaeret
1646 1966 1725 1990 non
1749 1952 1807 1990 illi
1837 1952 1991 1990 meliori
2018 1952 2118 2004 parti
2138 1961 2176 1990 et
2203 1953 2348 1991 intelli·

1297 2012 1429 2062 genti,
1451 2012 1517 2050 sed
1539 2011 1724 2050 deteriori
1760 2011 2022 2062 crassiorique
2061 2024 2148 2062 quae
2186 2010 2226 2048 in
2256 2025 2349 2049 con-

1297 2079 1469 2122 spectum
1501 2071 1617 2110 cadit.
1648 2070 1837 2108 Caeterum
1872 2070 2098 2121 opinionem
2135 2070 2183 2108 de
2217 2071 2349 2108 animo

1296 2217 1480 2251 ἀπολύουσι.
1506 2218 1629 2251 Γένοιτο
1645 2218 1673 2250 δ’
1689 2218 1726 2249 ἂν
1741 2218 1810 2259 περὶ
1827 2221 1879 2256 τῆς
1897 2217 2076 2259 καθάρσεω;
2094 2220 2113 2257 ἠ
2133 2219 2211 2257 αὑτὴ
2234 2219 2348 2258 ἀμφισ-

1297 2264 1440 2302 brimow
1481 2266 1511 2296 ol.
1550 2266 1609 2305 γὰρ
1638 2265 1725 2297 αὐτοὶ
1756 2265 1810 2304 μὲν
1838 2264 1942 2307 ἄνδρες
1971 2267 2023 2296 καὶ
2051 2267 2164 2302 ταύτης
2189 2267 2349 2307 ὑπερέχειν

1295 2311 1370 2350 φασὶ
1386 2311 1441 2348 τὰς
1460 2311 1564 2353 ψυχὰς
1582 2312 1655 2343 ὅσαι
1681 2312 1759 2347 θεοῖς
1777 2312 1998 2343 συνάπτονται·
2018 2313 2046 2342 οἱ
2063 2310 2088 2343 δ’
2106 2312 2190 2343 ἄλλοι
2211 2312 2303 2343 πάλιν
2319 2315 2349 2344 οἱ

1296 2358 1351 2399 μὲν
1366 2357 1527 2399 περιόδους
1543 2362 1596 2397 τῆς
1620 2360 1722 2399 ψυχῆς
1741 2358 1961 2399 περικοσμίους
1982 2358 2161 2399 καθάρσεως
2183 2359 2260 2391 εἶναι
2281 2361 2349 2392 δια-

1295 2403 1473 2444 τάττονται,
1491 2407 1599 2447 ὥσπερ
1614 2405 1691 2441 τινὲς
1710 2405 1925 2437 Πλατωνικοί·
1948 2406 1977 2436 οἱ
2001 2406 2032 2436 δὲ
2050 2406 2102 2436 καὶ
2119 2406 2237 2438 τούτων
2255 2408 2350 2446 αὐτὴν

1295 2452 1510 2493 ὑπερέχουσαν
1522 2451 1757 2493 προτάττουσιν,
1769 2451 1877 2492 ὥσπερ
1889 2451 1927 2489 δὴ
1939 2452 2019 2488 λέγει
2031 2452 2199 2489 Πλωτῖνος.
2219 2454 2350 2485 Proetus

1297 2501 1480 2532 comment.
1500 2500 1533 2531 in
1550 2499 1632 2532 mat.
1652 2498 1735 2531 Tim.
1751 2507 1822 2540 pag.
1841 2502 1897 2530 311
1917 2500 1960 2539 (p.
1981 2500 2039 2530 754
2056 2498 2106 2530 cd.
2124 2499 2323 2541 Schneider.)
2341 2510 2348 2532 ε

1295 2546 1325 2578 τί
1345 2547 1380 2578 τὸ
1397 2546 1549 2580 ἀθάνατόν
1564 2546 1631 2578 ἐστι
1647 2549 1756 2583 τοῦτο,
1780 2546 1834 2577 καὶ
1851 2546 1879 2578 τί
1899 2546 1935 2577 τὸ
1962 2545 2082 2583 θνητόν,
2101 2546 2242 2584 ἐζήτηται
2265 2549 2349 2590 παρὰ

1300 2597 1364 2630 τοῖς
1387 2597 1441 2626 τοῦ
1453 2594 1618 2630 Πλάτωνος
1639 2594 1797 2634 ἐξηγηταῖς
1810 2617 1820 2631 ,
1840 2593 1893 2625 καὶ
1912 2595 1941 2625 οἱ
1960 2593 2014 2633 μὲν
2033 2593 2088 2631 τήν
2106 2594 2232 2634 λογικὴν
2245 2595 2350 2635 ψυχὴν

1299 2641 1395 2681 μόνην
1413 2639 1564 2671 ἀθάνατον
1581 2638 1799 2674 ἀπολείποντες
1819 2638 1975 2680 φθείρουσι
2003 2639 2058 2675 τὴν
2077 2648 2110 2670 τε
2138 2639 2250 2679 ἄλογον
2269 2642 2350 2679 ζωὴν

1298 2688 1467 2728 σύμπασαν
1483 2686 1536 2718 καὶ
1557 2687 1593 2718 τὸ
1618 2686 1827 2726 πνευματικὸν
1846 2686 1954 2726 ὄχημα
1972 2690 2025 2724 τῆς
2050 2686 2172 2727 ψυχῆς,
2192 2687 2273 2719 κατὰ
2295 2689 2350 2726 τὴν

1297 2735 1339 2770 εἰς
1357 2734 1475 2773 γε’νεσιν
1494 2733 1592 2774 ῥοπὴν
1607 2736 1661 2771 τῆς
1683 2733 1786 2773 ψυχῆς
1814 2733 1870 2771 τὴν
1892 2733 2066 2765 ὑπόστασιν
2087 2733 2219 2770 διδόντες
2248 2734 2350 2770 αὐτοῖς

1298 2782 1392 2822 μόνον
1410 2791 1443 2813 τε
1458 2783 1530 2812 νοῦν
1548 2779 1700 2812 ἀθάνατον
1717 2780 1930 2821 διατηροῦντες
1958 2782 2000 2817 ὡς
2022 2781 2115 2821 μόνον
2144 2781 2196 2812 καὶ
2220 2782 2350 2821 μένοντα

1297 2830 1349 2861 καὶ
1367 2829 1569 2867 ὁμοιούμενον
1590 2830 1654 2863 τοῖς
1671 2827 1749 2863 θεοῖς
1765 2827 1818 2858 καὶ
1836 2826 1878 2868 μή
1895 2827 2101 2867 φθειρόμενον,
2118 2828 2224 2868 ὥσπερ
2242 2830 2271 2859 ol
2288 2840 2349 2860 πα-

1298 2877 1449 2916 λαιότεροι
1473 2876 1526 2907 καὶ
1547 2875 1677 2908 ἔπεσθαι
1702 2878 1741 2916 τῇ
1768 2874 1843 2910 λε’ξει
1872 2875 2049 2916 κρίναντες,
2066 2875 2153 2913 δι’ἠς
2181 2876 2198 2906 ὀ
2220 2876 2350 2907 Πλάτων

1298 2924 1410 2964 φθείρει
1424 2923 1479 2961 τὴν
1497 2923 1622 2963 ἄλογον,
1643 2923 1753 2960 θνητὴν
1773 2922 1868 2959 αὐτὴν
1884 2922 2000 2962 καλῶν,
2015 2923 2085 2958 τοὺς
2105 2921 2256 2958 Ἀττικοὺς
2270 2924 2350 2963 λέγω

1298 2971 1352 3002 καὶ
1369 2969 1519 3006 Ἀλδίνους
1535 2971 1587 3001 καὶ
1602 2970 1759 3006 τοιούτους
1778 2970 1863 3005 τινας
1875 2980 1882 2987 ·
1906 2971 1935 3001 οἱ
1952 2970 1983 3001 δὲ
1998 2970 2117 3001 τούτων
2140 2971 2348 3011 μετριώτεροι,

1298 3018 1404 3059 ὥσπερ
1420 3018 1537 3059 οἱπερὶ
1559 3017 1744 3059 Πορρύριον,
1772 3016 1824 3048 καὶ
1853 3015 2014 3058 πραότεροι
2046 3020 2267 3057 παραιτοῦνται
2295 3017 2349 3056 μὲν

1298 3065 1353 3102 τήν
1373 3065 1567 3104 καλουμένην
1580 3063 1693 3104 φθορὰν
1706 3062 1990 3094 κατασκεδαννύναι
2010 3065 2065 3093 τοῦ
2078 3072 2110 3092 τε
2126 3061 2282 3102 ὀχήματος
2298 3063 2349 3092 καὶ

1298 3114 1352 3149 τῆς
1372 3110 1488 3152 ἀλόγου
1501 3111 1621 3152 ψυχῆς.
1637 3110 1929 3151 άναστοιχειοῦσθαι
1950 3110 1982 3141 δὲ
2004 3108 2083 3140 αὐτὰ
2105 3119 2179 3147 φασι
2203 3109 2254 3138 καὶ
2278 3108 2350 3138 ἀμα-

1298 3158 1424 3191 λύεσθαί
1445 3169 1515 3190 τινα
1545 3158 1659 3199 τρόπον
1679 3158 1796 3194 εἰςτὰς
1826 3155 2107 3197 σῃαίρας,ἀφ“ὡν
2130 3156 2183 3193 τήν
2209 3155 2350 3185 σύνθεσιν

1300 3206 1411 3248 Ιλαχε,
1425 3206 1589 3246 φυράματα
1604 3205 1637 3237 δὲ
1663 3204 1740 3236 εἶναι
1765 3207 1864 3235 ταῦτα
1884 3204 1919 3235 (ιι
1938 3207 2000 3234 τῶν
2023 3202 2172 3243 οὐρανίων
2197 3204 2348 3256 σφαιρῶῃι

1301 3253 1352 3284 καὶ
1388 3257 1558 3285 κατιοῦσαν
1591 3252 1670 3284 αὐτὰ
1689 3251 1850 3291 συλλέγειν
1877 3251 1935 3288 τὴν
1963 3250 2079 3291 ψυχήν,
2096 3250 2176 3279 ὥστε
2197 3248 2247 3277 καὶ
2273 3247 2313 3277 εἷ·
2319 3258 2349 3278 οι

1301 3303 1399 3333 ταῦτα
1418 3302 1470 3332 καὶ
1494 3301 1537 3341 μὴ
1562 3300 1657 3339 εἶναι,
1674 3299 1753 3331 αὐτὰ
1768 3299 1800 3330 δὲ
1823 3299 1942 3330 ἕκαστα
1959 3298 2067 3338 μηκέτι
2088 3296 2165 3326 εἶναι
2184 3303 2238 3333 μη
2231 3294 2259 3325 ’,ὲ
2282 3295 2349 3324 διι-

1302 3358 1402 3388 μενειν
1417 3348 1473 3385 τήν
1493 3346 1634 3384 ἰδιότητα
1652 3345 1765 3377 αυτῶν
1784 3346 1837 3376 καὶ
1857 3345 2003 3377 δοκοῦσιν
2021 3343 2147 3374 ἕπεσθαι
2162 3344 2224 3375 τοῖς
2238 3340 2350 3379 ’λογίοις

1302 3394 1334 3427 εν
1353 3398 1391 3434 τῇ
1404 3394 1529 3435 καθόδῳ
1542 3395 1597 3432 τὴν
1614 3393 1739 3434 ψυχην
1733 3393 1777 3431 Αἱ
1777 3403 1854 3423 ουσι
1869 3391 2024 3429 συλλέγειν
2041 3389 2117 3420 αυτο
2134 3387 2264 3427 λαμῧαν
2260 3397 2351 3418 υσαν

1304 3441 1442 3483 αἶθρης
1459 3442 1574 3482 μέρος
1594 3440 1727 3478 ἠελίου
1742 3450 1782 3471 τε
1799 3438 2013 3475 σεληναίης
2029 3446 2066 3467 τε
2094 3445 2157 3465 και
2177 3434 2248 3465 ὅσα
2262 3434 2348 3475 ἠέρι
