2606 3828
280 3243 287 3249 ”
342 3254 467 3286 Rursus
483 3252 523 3285 de
542 3261 625 3284 vana
642 3252 759 3293 gloria,

338 255 412 290 372
1077 222 1371 286 οΥΝιοοιιυΜ
1399 247 1732 288 FRAGMENTA.

337 335 459 388 μάντις
474 334 535 384 ὤν,
551 337 613 374 οὒκ
633 335 738 387 ἔγνως
758 338 850 386 ἡμᾶς
866 333 1032 376 πολλάκις
1048 333 1107 371 καὶ
1123 333 1220 386 παρὰ
1239 336 1377 373 πολλῶν
1440 336 1512 375 Καί
1533 351 1592 386 μοι
1613 337 1723 380 δοκεῖς
1747 336 1843 375 οὐδὲν
1864 338 1934 375 τῶν
1961 335 2228 389 τερατοσκόπων
2256 337 2480 388 καλουμένων

334 395 517 448 εἰληφότας
539 394 643 443 αὐτό,
662 393 739 433 οὕτε
759 397 819 440 τῆς
840 393 1004 445 δάφνηςῖ
990 391 1227 444 εμφαγόντων,
1245 392 1322 432 οὔτε
1337 394 1379 433 τὸ
1402 398 1406 474 Ι
1436 394 1602 446 κρείττων
1625 389 1733 444 εἶναι,
1752 396 1829 434 ἀλλ’
1845 393 1920 434 οὐδὲ
1937 396 2006 433 τῶν
2024 394 2140 433 ἄλλων
2161 395 2320 447 ἀγυρτῶν
2340 394 2400 434 καὶ
2416 410 2480 435 σο-

334 454 541 498 Κασταλίας
570 454 662 506 ὕδωρ
692 452 856 498 πιόντων,
875 452 943 490 οὐδ’
964 451 1022 489 ε’πὶ
1046 450 1148 504 σοφία
1181 450 1243 500 τὴν
1269 451 1406 504 ὀφρύν
1402 456 1583 506 φιστῶν.
1642 454 1747 494 Ἀλλὰ
1776 456 1846 494 τῶν
1875 453 1938 504 μὲν
1968 453 2064 493 οὐδὲν
2093 453 2202 506 ἔγωγε
2218 453 2435 525 ωἐθαύμασα,
2451 454 2482 493 εἶ

334 530 417 554 ποτε
438 513 736 559 ἀνασπασάντων;
756 510 842 562 Λέγ’
871 514 929 548 οὖν
962 511 1043 565 περὶ
1079 509 1237 563 ἀνδρείας
1250 541 1260 560 ,
1295 510 1375 564 λέγε
1439 517 1562 565 μισθοῦ
1574 514 1835 568 τραχηλίζουσι·
1847 517 1908 553 σοῦ
1921 512 1957 552 δὲ
1969 518 2030 552 τοῦ
2039 512 2181 552 θεοῦκαὶ
2194 514 2263 552 τῶν
2275 511 2481 565 ἀνθρώπων,

333 572 412 625 περὶ
433 571 645 623 ἐλευθερίας,
664 570 743 622 λέγε
770 570 847 621 περὶ
868 569 1130 622 ὁμοφροσύνης,
1151 569 1229 608 τίνα
1250 569 1376 621 τρόπον
1437 573 1469 610 εἰ
1505 576 1630 623 μισθοῦ
1675 573 1957 626 τραχηλίζονται.
2026 565 2103 611 Εἶθ’
2136 573 2155 610 ὁ
2181 570 2255 622 μὲν
2290 570 2483 624 Σωκράτης

333 631 504 682 ἐγγίνεται
527 635 635 669 ταῦτα
661 628 780 676 πόλει,
800 628 860 666 καὶ
878 627 927 678 μὴ
949 631 1043 679 ἡμᾶς
1066 628 1144 672 τους
1164 629 1226 667 οὐκ
1245 627 1378 673 εἰδότας
1438 631 1566 676 ἐκεῖνος
1597 631 1773 684 οὐδέτερον
1804 631 2015 684 ἀπεκρίνατο
2039 645 2125 683 προς
2152 629 2210 669 τὸν
2231 630 2480 683 ἐρωτήσαντα,

333 689 452 727 κέλευε
470 691 632 740 ἡγεῖσθαι
651 692 723 730 τοῖς
742 688 838 731 λαοῖς
866 689 927 734 τῆς
946 686 1108 726 κελεύθου
1127 687 1277 734 ταύτης,
1297 687 1375 725 ἀλλ’
1402 732 1406 743 Ι
1437 689 1582 743 πότερον
1596 690 1750 763 γαμήσει
1763 690 1786 738 ἢ
1807 690 1878 742 μή,
1892 691 1971 730 ἀλλ’
1986 689 2039 729 ὅτι
2059 688 2267 740 μετανοήσει
2282 688 2482 743 ἀμφότερα·

333 747 433 792 αὐτὸς
452 750 552 799 ἡγοῦ.
572 746 675 794 Καλὴ
694 745 756 796 μὲν
775 746 863 800 γάρ,
880 746 958 783 ἀλλ’
978 746 1105 798 ἄπορος
1123 746 1208 797 ἡμῖν
1234 746 1294 784 καὶ
1313 761 1374 799 φο·
1437 749 1523 801 πρὸς
1553 748 1588 787 δὲ
1619 750 1678 788 τὸν
1711 751 1946 801 ἐπιθυμοῦντα
1967 748 2115 796 παίδων,
2134 750 2194 787 οὐκ
2222 741 2261 786 ευ
2288 747 2353 801 ἔφη
2378 747 2483 787 αὐτὸν

332 806 431 859 δεροί.
487 805 632 849 Τούτοις
650 804 856 858 προστίθησι
875 803 1001 857 λέγων,
1436 806 1607 855 ποιήσειν,
1626 807 1661 851 ὃς
1687 807 1794 852 ε’άσας
1822 808 2007 860 ἐπιχειρεῖν
2035 806 2144 855 ὅπως,
2161 807 2196 845 εἴ
2217 807 2249 845 οἱ
2275 806 2398 851 παῖδες
2422 805 2484 858 γέ-

1437 881 1549 904 νοιντο
1560 866 1718 919 ,ἄριστα
1738 867 1854 910 αὐτοῖς
1872 868 2012 919 χρῶτο,
2028 865 2150 905 τούτου
2167 863 2230 916 μὲν
2246 863 2367 905 οὐδένα
2379 863 2482 918 λόγον

1368 952 1373 957 ν
1438 925 1648 974 ἐποιήσατο,
1667 925 1751 964 αὐτὸ
1787 924 1822 963 δὲ
1854 925 1957 975 μόνον
1989 924 2191 970 ἐσκοπεῖτο,
2209 925 2283 968 πῶς
2315 919 2359 962 ἂν
2389 924 2485 977 αὐτῷ

388 901 439 942 Σὺ
461 903 495 941 δὲ
517 901 576 941 καὶ
597 901 676 955 περὶ
694 903 808 955 γάμου
826 902 960 954 ἕτοιμος
976 902 1102 955 λέγειν,

383 997 521 1051 Ἄργεος
540 998 731 1036 ἱπποὸότου
748 999 864 1037 πῶλον
884 997 970 1037 λοίὸε
991 999 1240 1051 κυανοχαίτην.
1436 983 1604 1035 ΥΕνοῑντο·
1663 982 1809 1055 Ε’ξέρου
1832 982 1868 1022 δὲ
1904 984 2098 1033 ἀποδημεῖν
2132 982 2321 1035 ἐγνωκότος
2354 980 2412 1021 διὰ
2443 982 2484 1022 ’ἳο

1362 1053 1367 1058 ’
1437 1044 1554 1086 κακῶς
1575 1042 1666 1094 ἔχειν
1687 1042 1790 1080 αὓτὸν
1810 1042 1918 1090 οἴκοι,
1940 1043 2003 1080 οὖκ
2030 1040 2096 1093 ἔφη
2123 1042 2231 1093 ὀρθῶς
2261 1039 2365 1080 αὐτὸν
2399 1044 2484 1094 βου-

331 1091 421 1146 ssepi
440 1090 476 1131 δὲ
495 1091 647 1140 παίδων,
1437 1100 1616 1139 λεύεσθαι·
1645 1099 1705 1147 τὴν
1751 1099 1814 1152 μὲν
1855 1099 1923 1152 γὰρ
1954 1099 2110 1151 πατρίδα
2144 1098 2264 1138 αὐτόθι
2298 1098 2484 1138 ἀπολιπὼν

1440 1158 1579 1206 ἄπεισι,
1598 1158 1660 1205 τὴν
1681 1157 1716 1197 δὲ
1739 1158 1891 1209 ἀμαθίαν
1914 1159 1990 1209 μεθ’
2008 1160 2131 1197 ἑαυτοῦ
2149 1157 2259 1209 ἄγων,
2284 1156 2361 1205 ἥτις
2381 1157 2483 1198 αὐτὸν

1439 1216 1499 1254 καὶ
1517 1224 1588 1261 τοῖς
1605 1219 1677 1255 ἐκεῖ
1694 1219 1917 1269 δυσαρεστεῖν
1935 1216 2076 1263 ποιήσει
2095 1217 2255 1269 καθάπερ
2270 1215 2330 1255 καὶ
2345 1221 2415 1261 τοῖς
2428 1218 2484 1255 ἐν·

1439 1274 1533 1313 θᾶδε.
1591 1275 1664 1315 Καὶ
1685 1277 1750 1327 οὐχ
1768 1275 1872 1314 ὁπότε
1901 1278 2062 1327 ἠρωτᾶτο
2082 1274 2198 1326 μόνον,
2215 1274 2306 1314 ἀλλὰ
2330 1275 2392 1315 καὶ
2420 1277 2484 1316 αὖ·

382 1186 543 1235 Ἠετίων,
559 1186 650 1230 οὔτις
667 1202 704 1225 σε
724 1186 790 1229 τίει
807 1186 992 1225 πολύτιτον
1012 1187 1112 1226 ἐόντα
1126 1192 1141 1210 ⁰
1153 1203 1162 1213 ·

381 1245 510 1284 Λάὸδα
529 1245 624 1293 κύει,
642 1244 730 1290 τέξει
750 1245 778 1283 δ’
796 1245 1030 1299 ὀλοοίτροχον.

329 1339 419 1393 Περὶ
439 1339 475 1379 δὲ
495 1340 676 1388 ἀποικίας,
1438 1333 1607 1381 τόκλητος
1630 1334 1688 1374 ἐπὶ
1712 1334 1774 1379 τὰς
1792 1334 1932 1374 τοιάσδε
1952 1335 2136 1379 συνουσίας
2153 1335 2230 1374 ἰών.

384 1434 510 1474 Στέλλ’
531 1435 588 1474 ἐπὶ
607 1435 789 1488 χρυσείους
809 1434 935 1487 ἄνδρας
951 1434 1141 1474 πολυεθνέα
1157 1435 1255 1482 λαόν,
1495 1432 1617 1472 Εἴκοσι
1634 1433 1695 1478 τὰς
1713 1427 1782 1487 πρὸ
1797 1434 1916 1483 κυνός,
1934 1433 1994 1473 καὶ
2013 1433 2126 1474 εἴκοσι
2142 1433 2206 1479 τὰς
2225 1434 2412 1486 μετέπειτα
2421 1438 2452 1484 ⁸,

384 1492 491 1545 ὤμοις
510 1493 572 1545 μὲν
592 1493 725 1546 χαλκὸν
746 1494 942 1548 προφέρων,
958 1494 1078 1547 χερσὶν
1100 1493 1135 1532 δὲ
1154 1494 1308 1545 σίδηρον.
1399 1544 1408 1549 ῃ
1492 1492 1646 1546 οἴκῳ-ἐνὶ
1670 1494 1797 1546 σκιερῷ
1815 1492 1974 1546 Διονύσῳ
1992 1497 2146 1547 χρῆσθαι
2164 1494 2285 1548 ἰατρῷ.

331 1588 422 1643 Περὶ
443 1589 478 1628 δὲ
499 1592 598 1637 κενῆς
619 1589 736 1641 δόξης,
1440 1583 1631 1631 Ἀθηναίοις
1645 1584 1712 1623 ὑπὸ
1727 1583 1907 1637 καύματος
1925 1584 2205 1638 ἐνοχλουμένοις,
2218 1583 2390 1639 ἰατρικόν,
2405 1586 2484 1626 ἀλλ’

1461 1645 1473 1657 9
1636 1643 1645 1658 Ι

385 1683 495 1731 Γαίης
514 1683 575 1733 μὲν
592 1682 707 1731 πάσης
726 1682 764 1721 τὸ
781 1681 1004 1734 Πελασγικὸν
1022 1675 1124 1725 οἶδας
1142 1681 1282 1732 ἄμεινον
1298 1679 1321 1703 ¹·
1439 1657 1477 1681 Ου
1498 1658 1677 1695 ymnum

383 1741 485 1780 ἵπποι
507 1739 678 1793 Θρηίκιαι
692 1770 702 1786 ,
724 1740 1002 1790 Λακεδαιμόνιαι
1023 1739 1058 1778 δὲ
1083 1742 1267 1792 γυναῖκες,
1492 1738 1634 1811 Ἐργῖνε
1659 1738 1856 1790 Κλυμένοιο
1875 1738 1941 1777 πάϊ
1960 1737 2284 1792 Hpeoemthsaoh,

385 1800 486 1852 ἄνδρε
472 1817 505 1844 ς
524 1799 553 1838 θ’
570 1799 603 1838 οἳ
618 1799 774 1838 πίνουσιν
795 1797 887 1851 ύδωρ
907 1800 1018 1845 καλῆς
1037 1796 1255 1851 Ἀρεθούσης.
1491 1795 1547 1849 ὄψ’
1569 1798 1671 1844 ἠλθες
1690 1796 1809 1849 γενεὴν
1832 1796 2031 1849 διζήμενος·
2049 1796 2141 1836 ἀλλὰ
2159 1796 2256 1836 ml*
2236 1813 2352 1850 εμπης

330 1970 519 2003 inculcatur.
533 1971 641 2007 Quare
654 1969 716 2002 hoe
729 1969 858 2010 quidem
871 1970 1064 2009 praeceptum
1077 1968 1136 2000 tibi
1145 1967 1375 2000 condonamus
1441 1967 1634 2008 reliquorum
1650 1967 1882 2000 circulatorum
1899 1977 1936 2000 ac
1949 1967 2167 2009 sophistarum
2186 1968 2284 2000 turba
2309 1968 2420 2002 melior
2435 1969 2485 2002 vi-

331 2032 533 2070 Quamquam
551 2029 656 2061 vatem
674 2030 708 2061 te
727 2028 902 2069 praedicas,
921 2029 1027 2060 tamen
1047 2036 1088 2060 ne
1113 2027 1145 2059 id
1175 2026 1305 2068 quidem
1328 2026 1378 2058 in·
1441 2025 1536 2058 deris.
1552 2027 1757 2067 Quamquam
1767 2026 2005 2058 hochominum
2016 2035 2116 2067 genus
2129 2026 2208 2060 alios
2220 2026 2318 2060 etiam
2330 2027 2433 2069 pretio
2452 2027 2486 2060 in

330 2088 468 2130 witigis,
483 2096 582 2129 quam
607 2095 694 2129 soepe
718 2086 811 2119 multi
835 2086 927 2119 nobis
943 2086 1029 2119 istud
1047 2086 1152 2127 ipsum
1172 2084 1378 2126 ingesserint,
1441 2083 1587 2116 fraudem
1606 2083 1789 2124 impellere,
1804 2084 1912 2116 minus
1932 2083 2081 2124 equidem
2102 2084 2223 2117 miror:
2239 2086 2273 2117 at
2287 2084 2321 2117 te
2337 2084 2485 2126 quidem

331 2147 388 2188 qui
414 2148 523 2179 tamen
550 2155 653 2187 neque
680 2146 807 2178 laurum
835 2145 1043 2178 comederant
1073 2153 1178 2185 neque
1207 2144 1378 2177 castaliam
1439 2151 1492 2183 οε,
1511 2142 1723 2184 hominesque
1751 2144 1884 2175 caeteros
1915 2144 2015 2183 pretio
2039 2142 2080 2175 ab
2104 2142 2143 2175 iis
2168 2142 2347 2184 proecipites
2365 2143 2433 2186 agi,
2451 2142 2485 2176 id

332 2214 449 2247 aquam
480 2206 650 2244 biberant,
678 2214 783 2246 neque
813 2205 977 2246 sapientiae.
1011 2204 1141 2236 nomine
1173 2203 1379 2245 supercilium

332 2273 474 2305 unquam
493 2263 712 2297 sustulerant?
728 2264 854 2296 Dissere
875 2263 971 2304 igitur
988 2264 1028 2295 de
1048 2262 1253 2301 fortitudine,
1280 2261 1320 2295 de
1340 2262 1378 2294 li-

332 2323 473 2363 bertate,
505 2323 546 2355 de
576 2322 768 2364 concordie,
797 2322 1071 2363 quemadmodum
1104 2322 1165 2354 ista
1196 2321 1380 2354 civitatibus

333 2382 481 2423 praesidia
507 2383 745 2423 comparentur,
761 2391 844 2415 neve
869 2391 929 2414 nos
948 2381 1024 2423 iube
1048 2381 1175 2423 populis
1194 2382 1292 2414 duces
1311 2382 1381 2421 ejus

332 2449 402 2474 esse
429 2440 490 2473 viae
516 2449 614 2482 quam
644 2441 847 2482 ignoramus,
865 2441 920 2474 sed
952 2441 1018 2482 ipse
1050 2441 1137 2481 praei.
1183 2441 1264 2472 Nam
1294 2443 1380 2472 recta

333 2499 384 2532 illa
403 2499 554 2541 quidem,
572 2499 652 2531 sed
644 2499 730 2531 invia
755 2499 848 2531 nobis
866 2508 904 2531 ac
928 2498 1131 2531 formidolosa
1151 2502 1212 2530 est.
1257 2499 1382 2535 Quibus

333 2558 481 2598 deinceps
507 2558 576 2590 haec
593 2557 781 2599 subjungit:
800 2559 849 2590 'ru
865 2566 943 2590 vero
960 2557 1056 2590 etiam
1076 2557 1116 2590 de
1131 2556 1252 2598 nuptiis
1270 2556 1379 2597 praeci-

334 2625 410 2656 pere
425 2617 552 2657 paratus
573 2625 629 2656 es,

1440 2211 1519 2235 vero
1537 2202 1743 2235 vehementer
1757 2202 1908 2235 admiror.
1954 2203 2117 2235 Caeterum
2138 2201 2251 2235 eodem
2270 2201 2365 2243 plane
2388 2202 2486 2235 modo

1439 2262 1587 2294 Socrates
1603 2260 1655 2293 ille
1671 2261 1845 2302 quaerenti
1859 2262 1969 2293 utrum
1990 2269 2123 2293 uxorem
2141 2259 2299 2293 ducturus
2314 2261 2399 2293 esset
2414 2269 2486 2294 nec-

1440 2329 1503 2360 ne,
1520 2324 1669 2352 neutram
1686 2320 1719 2352 in
1739 2321 1861 2360 partem
1880 2319 2061 2360 respondit,
2071 2319 2128 2351 sed
2143 2320 2288 2360 tantum,
2298 2319 2487 2353 utrumlibet

1441 2378 1571 2418 feceris,
1587 2378 1707 2419 inquit,
1720 2382 1750 2410 te
1766 2377 1944 2419 poenitebit.
1986 2377 2131 2411 Alterum
2144 2377 2317 2410 liberorum
2330 2377 2485 2420 cupidum

1441 2440 1527 2469 recte
1543 2446 1582 2470 ac
1598 2436 1772 2478 prudenter
1790 2436 1949 2469 tacturum
1965 2436 2114 2477 negavit,
2130 2436 2208 2468 dum
2226 2436 2377 2478 neglectis
2391 2436 2486 2470 ratio·

1441 2496 1538 2529 nibus
1564 2497 1621 2536 iis,
1639 2497 1756 2538 quibus
1785 2497 1905 2538 optime
1932 2496 2068 2535 liberos,
2089 2496 2116 2528 si
2138 2495 2268 2538 quando
2290 2496 2485 2539 susciperet,

1440 2555 1577 2588 educare
1592 2556 1716 2595 posset,
1730 2563 1832 2596 eaque
1848 2564 1975 2595 prorsus
1991 2555 2179 2596 cogitatione
2201 2555 2319 2598 missa,
2335 2565 2440 2589 unum
2453 2556 2487 2589 id

1442 2617 1620 2656 spectaret,
1637 2614 1912 2656 quemadmodum
1940 2614 2056 2648 liberos
2074 2615 2258 2655 susciperet.
2301 2616 2409 2649 Alium
2431 2617 2486 2658 qui

1442 2673 1528 2715 quod
1543 2674 1625 2706 male
1638 2674 1726 2705 domi
1742 2682 1776 2706 se
1796 2673 1926 2706 haberet
1946 2673 2049 2705 solum
2065 2674 2190 2706 vertere
2206 2675 2362 2707 statuerat
2372 2683 2486 2708 sanum

1442 2732 1609 2764 consilium
1627 2732 1751 2772 cepisse
1765 2731 1910 2773 negavit,
1929 2731 2014 2773 quod
2032 2741 2104 2764 cum
2122 2741 2181 2764 suo
2195 2732 2266 2765 loco
2280 2733 2416 2773 patriam
2435 2743 2487 2768 re-

1441 2791 1618 2832 linqueret,
1633 2791 1702 2823 tum
1720 2799 1812 2823 suam
1833 2798 1943 2822 secum
1962 2790 2090 2823 efferret
2110 2791 2298 2831 stultitiam,
2320 2801 2393 2833 quoe
2415 2801 2487 2826 eam

1444 2849 1510 2881 vim
1532 2849 1680 2881 habitura
1698 2850 1799 2890 esset,
1821 2850 1858 2880 ut
1873 2857 1938 2880 non
1955 2849 2055 2889 magis
2074 2849 2144 2880 aliis
2163 2858 2261 2890 quam
2288 2850 2355 2882 suis
2373 2850 2487 2893 displi-

1442 2909 1541 2940 ceret.
1594 2910 1706 2949 Neque
1732 2916 1809 2940 vero
1838 2907 2062 2939 tantummodo
2090 2907 2146 2939 ubi
2175 2909 2404 2950 consuleretur,
2430 2910 2488 2943 sed

1443 2966 1538 2998 etiam
1567 2966 1651 2998 ultro
1681 2974 1719 2998 ac
1750 2967 1864 3006 sponte
1895 2965 2079 3006 hujusmodi
2113 2974 2298 3007 congressus
2335 2967 2488 3010 expetens

1443 3026 1567 3065 egregia
1585 3025 1678 3058 nobis
1695 3024 1777 3057 fudit
1794 3024 1934 3057 oracula.

378 2691 560 2723 Caeruleum
577 2691 701 2732 pullum
716 2693 817 2732 Argos
833 2690 923 2732 equis
937 2690 996 2723 tibi
1013 2690 1120 2724 nobile
1136 2690 1255 2724 mittat.

337 2768 418 2799 Item
434 2766 475 2800 de
490 2767 615 2807 liberis,

379 2861 512 2900 Eetion,
530 2862 561 2893 te
578 2869 672 2892 nemo
689 2860 772 2900 (licet
793 2860 838 2892 sis
857 2861 976 2901 tantus)
1000 2861 1155 2902 honorat,

379 2920 568 2961 conceptum
586 2920 686 2960 pariet
701 2928 817 2952 saxum
836 2927 933 2960 grave
948 2919 1056 2953 Labda
1074 2920 1256 2961 aliquando.

338 3016 422 3048 Tum
441 3013 481 3047 de
498 3014 644 3054 colonia,

383 3098 535 3128 Auratam
552 3095 591 3127 ad
609 3096 736 3135 gentem
756 3094 875 3127 multos
891 3095 1072 3128 transmitte
1089 3097 1242 3137 colonos,

1484 3114 1604 3154 Viginti
1621 3114 1696 3146 ante
1714 3114 1801 3153 dies,
1818 3114 1952 3146 totidem
1973 3117 2144 3156 postquam
2159 3115 2282 3148 exstitit
2297 3114 2411 3149 ardeus

382 3163 427 3187 aes
442 3155 603 3195 humeris,
622 3153 768 3186 manibus
783 3154 901 3186 terrum
917 3154 1090 3196 importare
1104 3158 1277 3188 memento.

1486 3173 1599 3213 sirius,
1618 3172 1770 3205 umbrosa
1787 3172 1930 3205 medicus
1948 3173 1991 3206 sit
2007 3173 2178 3206 Bacchus·
2170 3182 2202 3206 in
2219 3173 2299 3206 aede.

1445 3266 1496 3298 Sic
1522 3266 1606 3298 enim
1634 3266 1882 3300 Atheniensibus
1900 3267 1980 3299 aestu
2006 3266 2243 3299 vehementiore
2270 3266 2487 3302 laborantibus

384 3346 556 3379 Nobilitate
570 3355 682 3378 omnes
695 3346 778 3378 terra
794 3345 893 3378 anteit
906 3354 968 3378 una
980 3346 1168 3387 Pelasuom,
1446 3325 1582 3365 oecm't’
1600 3325 1758 3358 medmum
1778 3325 1908 3366 'mque’
1930 3333 1995 3357 ”⁰¹¹
2012 3326 2118 3358 'atem
2133 3332 2239 3365 ‘gem

384 3405 524 3438 Thraces
542 3407 636 3446 equi,
651 3405 734 3437 clara
752 3405 865 3438 mulier
879 3405 1107 3438 Lacedaemone
1121 3408 1219 3446 nata,

329 1921 394 1944 non
420 1910 525 1944 solum
542 1919 562 1943 a
581 1910 797 1952 sapientibus,
820 1910 876 1943 sed
901 1911 998 1943 etiam
1023 1919 1042 1942 a
1069 1909 1229 1942 seditiosis
1255 1908 1379 1941 civibus
1439 1911 1486 1941 Ac
1501 1908 1579 1940 mihi
1597 1909 1726 1949 quidem
1753 1909 1854 1941 nihilo
1878 1909 1914 1942 tu
1940 1910 2163 1951 portentorum
2181 1909 2410 1951 interpretibus
2428 1909 2486 1942 sut

383 3462 496 3505 virque
510 3463 642 3501 bibens,
658 3463 837 3505 Arethusa,
855 3467 911 3497 tuo
930 3463 970 3497 de
985 3463 1106 3505 gurgite
1123 3462 1278 3504 lymphas
1409 3176 1419 3476 1

1488 3410 1515 3439 O
1538 3408 1759 3441 Presboniadae
1774 3408 1918 3449 Clymeni
1938 3411 2006 3441 sate
2021 3408 2172 3449 sanguine
2189 3407 2362 3448 princeps,

1493 3465 1632 3506 tirdius,
1652 3466 1864 3506 Ergine,l1nc
1878 3465 2018 3499 sobolem
2033 3466 2187 3507 petiturus
2202 3464 2319 3497 adisti.
