2606 3828
318 261 393 294 432
991 250 1410 292 CYRENAICORU'M
1442 254 1781 296 FRAGMENTA.

312 344 400 382 aliis
435 343 569 382 atheus
597 343 872 381 nominaretur.
900 342 1172 386 Quercbantur
1196 342 1298 380 enim
1326 343 1356 380 i-

312 412 411 441 stum
457 403 619 441 sublatis
656 403 732 440 diis
772 402 867 439 nihil
906 402 982 438 nisi
1023 402 1244 452 priscorum
1284 403 1359 440 im-

311 470 556 513 peratorum,
580 475 734 511 regum,
767 461 1050 497 navarchorum
1082 460 1242 498 nomina
1262 461 1358 499 reli-

311 523 457 572 quisse.
478 521 607 567 Quid?
622 521 726 572 quod
743 519 930 557 Cadmum
951 519 1048 570 (ιο),
1064 519 1204 558 Bacchi
1225 534 1355 568 avum,

310 595 476 631 coquum
534 581 652 619 fnisse
693 579 916 618 affirmavit.
953 577 1173 617 Notandum
1229 589 1357 618 tamen

309 639 538 677 Evemerum
559 639 703 690 duplex
725 638 885 676 deorum
917 650 1038 687 genus
1065 639 1290 691 statuisse(1
1303 640 1352 690 ι).

310 698 459 736 Etenim
482 699 579 736 alios
601 706 765 735 aeternos
785 705 823 734 et
839 696 1078 735 immortales
1100 710 1184 736 esse
1208 696 1354 748 ajebat,

309 759 415 795 velut
435 758 553 795 solem
574 766 611 795 ct
630 757 761 795 lunam
784 765 997 806 caeteraque
1019 756 1148 794 sidera
1167 757 1267 794 coelo
1288 757 1352 795 in-

310 817 407 863 fixa,
443 824 630 865 praeterea
661 825 799 853 ventos
832 824 869 853 et
897 828 983 866 quae
1011 824 1101 853 sunt
1137 815 1290 866 reliqua
1310 816 1357 854 ad

309 876 445 914 horum
468 884 613 913 naturae
635 873 931 913 similitudinem
949 873 1193 921 accedentia3
1224 887 1359 912 eorum

307 934 489 972 videlicet
514 933 669 983 singula
682 933 730 971 ab
748 933 902 971 infinito
924 941 1098 983 tempore
1118 942 1299 983 generata
1318 934 1358 971 in

307 1002 490 1030 aeternum
535 1005 710 1031 manere.
741 992 852 1030 Alios
891 1005 985 1030 vero
1022 1000 1225 1030 terrestres
1262 992 1357 1032 deos

309 1051 426 1089 fuisse
444 1064 525 1102 prae
551 1064 592 1089 se
625 1050 795 1097 serebat,
818 1050 885 1088 sed
912 1059 1075 1102 propter
1101 1050 1293 1089 beneficia
1316 1051 1357 1089 in

306 1110 484 1148 homines
508 1110 648 1148 collata
668 1110 828 1148 divinos
846 1110 1017 1148 honores
1041 1119 1078 1147 et
1097 1110 1356 1148 immortalem

308 1169 473 1218 gloriam
502 1167 579 1206 sibi
612 1181 885 1220 comparasse,
921 1177 964 1206 ut
996 1168 1223 1216 Herculem,
1263 1169 1359 1206 Bac-

309 1227 445 1272 chum,
468 1227 687 1265 Aristaeum.

359 1286 488 1331 Quum
508 1294 633 1326 autem
665 1285 875 1324 Evemerus
898 1285 1109 1324 Cassandri
1129 1285 1232 1335 regis
1259 1287 1355 1324 ami-

309 1357 378 1382 cus
415 1353 515 1383 esset
556 1343 635 1398 (12)
667 1345 829 1396 ejusque
853 1344 966 1396 jussu
987 1344 1103 1382 modo
1124 1343 1231 1393 regia
1251 1357 1357 1394 quae-

306 1455 410 1498 ῧάρων
431 1457 460 1488 οἱ
479 1457 694 1498 προειρημένοι
713 1458 766 1488 καὶ
781 1457 858 1488 εἶναι
877 1457 982 1496 θεούς,
1005 1458 1059 1489 καὶ
1076 1459 1218 1498 προνοεῖν
1242 1457 1353 1496 ἡμῶν,

305 1504 357 1534 καὶ
369 1504 592 1544 προσημαίνειν
602 1505 640 1536 τὰ
652 1505 803 1545 μέλλοντα
815 1529 824 1545 ,
836 1505 889 1536 καὶ
901 1505 951 1536 διὰ
967 1504 1097 1546 ὀρνίθων
1109 1529 1117 1543 ,
1137 1504 1191 1535 καὶ
1211 1503 1262 1535 διὰ
1275 1515 1357 1542 συμ-

306 1550 418 1588 6όλων,
435 1551 489 1582 καὶ
510 1551 561 1582 διὰ
583 1551 792 1592 σπλάγχνων,
816 1553 870 1583 καὶ
883 1551 921 1583 δι’
937 1551 1038 1582 ἄλλων
1053 1553 1146 1582 τινῶν
1164 1549 1359 1591 μαθημάτων

304 1607 338 1628 τε
354 1598 406 1628 καὶ
420 1598 627 1638 διδαγμάτων.
639 1599 789 1631 Clemens
799 1597 1028 1630 Alexandrinus
1037 1598 1195 1636 Protrept.
1207 1605 1238 1637 p.
1259 1602 1299 1628 15
1313 1599 1357 1629 A:

306 1645 471 1686 θαυμάζειν
479 1646 580 1678 ἔπεισί
590 1657 642 1687 μοι
652 1647 732 1687 ,ὅτῳ
752 1646 859 1687 τρόπῳ
875 1646 1033 1686 Εὐήμερον
1046 1644 1099 1676 τὸν
1114 1643 1349 1684 Ἀκραγαντῖνον

305 1693 359 1724 καὶ
370 1691 526 1732 Νικάνορα
535 1693 588 1724 τὸν
602 1693 750 1734 Κύπριον,
762 1693 815 1723 καὶ
824 1691 990 1732 Διαγόραν,
1005 1691 1215 1723 καὶἿππωνα
1225 1691 1277 1723 τὸν
1290 1691 1357 1729 Μή-

306 1740 385 1779 λιον,
403 1738 457 1770 τόν
470 1749 503 1770 τε
522 1740 691 1781 Κυρηναῖον
706 1739 756 1770 ἐπὶ
771 1738 890 1774 τούτοις
905 1739 1023 1770 ἐκεῖνον
1039 1738 1075 1778 (ὁ
1086 1737 1248 1778 Θεόδωρος
1259 1737 1358 1778 ὄνομα

305 1783 410 1826 αὐτῷ)
426 1786 478 1816 καὶ
491 1796 574 1822 τινας
587 1786 696 1822 ἄλλους
715 1785 867 1826 συχνούς,
885 1784 1054 1826 σωφρόνως
1074 1783 1265 1825 βεὸιωκότας
1275 1807 1285 1823 ,
1299 1784 1353 1814 καὶ

307 1832 544 1874 καθεωρακότας
569 1832 708 1874 ὀξύτερόν
726 1842 788 1863 που
804 1834 866 1863 τῶν
883 1832 1001 1863 λοιπῶν
1024 1830 1196 1872 ἀνθρώπων
1209 1830 1263 1868 τήν
1283 1831 1358 1870 ἀμφὶ

305 1878 377 1915 τοὺς
395 1878 482 1915 θεοὺς
495 1879 620 1916 τούτους
638 1879 753 1917 πλάνην
768 1903 777 1918 ,
795 1879 901 1915 ἀθέους
913 1879 1138 1916 ἐπικεκλήκασι
1149 1902 1158 1918 ,
1181 1879 1208 1909 εἰ
1232 1878 1284 1909 καὶ
1303 1879 1359 1916 τὴν

305 1927 448 1964 ἀλήθειαν
458 1926 553 1965 αὐτὴν
567 1927 610 1967 μὴ
628 1927 826 1965 νενοηκότας,
843 1926 922 1958 ἀλλὰ
935 1927 991 1964 τὴν
1010 1925 1129 1963 πλάνην
1148 1936 1184 1966 γε
1199 1926 1360 1957 ὑπωπτευ-

305 1974 420 2014 κότας,
460 1974 536 2015 ὅπερ
565 1974 603 2006 οὐ
620 1975 751 2015 σμικρὸν
780 1975 822 2010 εἰς
849 1973 991 2011 ἀληθείας
1018 1974 1194 2015 φρονήσεως
1218 1973 1358 2014 ζώπυρον

304 2020 470 2062 ἀναφύεται
496 2020 631 2061 σπέρμα.
648 2040 690 2048 -
706 2021 771 2061 (10)
798 2020 969 2052 Athenaeus
990 2019 1044 2051 lib.
1067 2021 1143 2052 XIV
1167 2029 1197 2059 ρ.
1224 2024 1284 2052 658
1302 2022 1351 2052 Ε;

304 2068 424 2109 ἀγνοεῖν
445 2078 497 2108 μοι
518 2068 635 2099 δοκεῖτε
652 2092 662 2107 ,
680 2068 707 2099 ὦ
735 2067 839 2108 ἄνδρες
863 2068 1039 2106 δαιταλεῖς,
1066 2067 1113 2098 ὅτι
1133 2068 1187 2098 καὶ
1211 2067 1357 2108 Κάδμος,

305 2116 323 2147 ὁ
343 2119 399 2148 τοῦ
416 2115 569 2147 Διονύσου
585 2114 730 2154 πάππος,
752 2115 894 2156 μάγειρος
920 2114 970 2154 ἧν.
994 2114 1228 2153 Σιωπησάντων
1247 2115 1279 2146 δὲ
1306 2116 1358 2146 καὶ

306 2163 357 2195 ἐπὶ
375 2162 475 2204 τούτῳ
498 2162 624 2194 πάντων
637 2185 646 2203 ,
673 2163 832 2204 Εὐήμερος
845 2186 854 2201 ,
879 2163 936 2204 ἔφη
950 2187 958 2201 ,
988 2163 1005 2193 ὁ
1029 2163 1121 2198 Κῶος
1140 2163 1171 2194 ἐν
1198 2166 1244 2203 τῷ
1263 2162 1357 2204 τρίτῳ

306 2214 360 2249 τῆς
381 2212 462 2252 ἱερᾶς
486 2209 660 2251 ἀναγραφῆς
687 2211 771 2241 τοῦθ’
792 2211 928 2252 ἱστορεῖ,
956 2211 997 2246 ὡς
1023 2209 1181 2241 Σιδωνίων
1201 2209 1352 2248 λεγόντων

305 2260 396 2290 τοῦτο
409 2281 418 2296 ,
429 2257 476 2288 ὅτι
495 2256 620 2296 Κάδμος
640 2255 783 2298 μάγειρος
796 2256 840 2287 ὢν
855 2259 910 2287 τοῦ
929 2257 1082 2296 βασιλέως
1100 2256 1153 2287 καὶ
1169 2257 1358 2298 παραλαῧὼν

305 2306 361 2344 τὴν
385 2303 567 2346 Ἁρμονίαν,
593 2304 760 2344 αὐλητρίδα
787 2304 840 2335 καὶ
868 2303 963 2341 αὐτὴν
980 2303 1079 2335 οὖσαν
1102 2307 1158 2335 τοῦ
1182 2305 1358 2345 βασιλέως,

307 2352 398 2392 ἔφυγε
426 2352 483 2383 σὺν
516 2352 605 2392 αὐτῇ.
645 2351 713 2391 (11)
737 2350 898 2383 Diodorus
924 2350 1010 2391 apud
1050 2351 1224 2383 Eusebium
1254 2353 1357 2392 Praep.

306 2401 428 2440 Evang.
445 2398 500 2430 lib.
516 2400 546 2431 ΙΙ
563 2407 594 2439 p.
613 2402 673 2431 59:
691 2398 760 2440 περὶ
777 2399 855 2430 θεῶν
871 2398 972 2429 τοίνυν
988 2398 1090 2435 διττὰς
1108 2399 1137 2430 οἰ
1153 2399 1282 2431 παλαιοὶ
1295 2404 1359 2431 τῶν

310 2447 482 2488 ἀνθρώπων
513 2448 580 2481 τοῖς
613 2445 881 2486 μεταγενεστέροις
911 2445 1085 2476 δεδώκασιν
1125 2445 1253 2482 ἐννοίας·
1288 2446 1358 2482 τούς

310 2494 364 2535 μὲν
389 2493 450 2535 γὰρ
477 2492 595 2530 ἀϊδίους
623 2493 676 2523 καὶ
693 2492 863 2533 ἀφθάρτους
881 2490 958 2523 εἶναί
974 2502 1066 2532 φασιν
1077 2516 1086 2533 ,
1105 2493 1172 2524 οἷον
1203 2493 1288 2531 ἥλιον
1305 2494 1358 2525 καὶ

309 2541 441 2579 σελήνην
466 2541 519 2571 καὶ
539 2539 580 2571 τὰ
601 2539 681 2570 ἄλλα
699 2539 739 2570 τὰ
762 2538 833 2570 κατ’
849 2538 981 2580 οὐρανὸν
1002 2539 1121 2580 ἄστρα,
1139 2539 1215 2581 πρὸς
1234 2540 1267 2571 δὲ
1285 2540 1359 2572 τού-

308 2599 371 2624 τοις
387 2587 517 2626 ἀνέμους
533 2587 586 2618 καὶ
604 2586 675 2623 τοὺς
693 2586 802 2622 ἄλλους
818 2586 889 2622 τοὺς
902 2588 956 2623 τῆς
976 2586 1086 2626 ὁμοίας
1107 2587 1227 2626 φύσεως
1240 2586 1359 2624 τούτοις

309 2633 493 2675 τετευχότας
519 2633 658 2672 (τούτων
684 2633 742 2673 γὰρ
766 2632 898 2663 ἕκαστον
918 2631 1017 2663 ἀίδιον
1045 2633 1127 2673 ἔχειν
1152 2633 1209 2671 τὴν
1238 2633 1358 2670 γένεο-ιν

309 2682 362 2712 καὶ
390 2681 446 2718 τὴν
464 2679 647 2720 διαμονήν),
665 2680 786 2720 ἑτέρους
812 2678 846 2710 δὲ
872 2679 1015 2718 λέγουσιν
1037 2679 1190 2720 ἐπιγείους
1218 2680 1358 2720 γενέσθαι

311 2727 409 2767 θεούς,
427 2728 478 2759 διὰ
494 2727 527 2759 δὲ
542 2727 596 2763 τὰς
615 2728 657 2763 εἰς
673 2727 854 2768 ἀνθρώπους
868 2727 1043 2767 εὐεργεσίας
1057 2727 1210 2759 ἀθανάτου
1230 2738 1357 2769 τετυχη-

310 2775 403 2812 κότας
417 2778 506 2815 τιμῆς
520 2775 574 2806 καὶ
593 2774 681 2811 δόξης
691 2799 699 2814 ,
714 2773 778 2806 οἷον
795 2773 951 2815 Ἡρακλέα
962 2796 971 2811 ,
992 2774 1143 2806 Διόνυσον
1155 2799 1164 2814 ,
1184 2774 1359 2816 Ἀρισταῖον

311 2822 364 2854 καὶ
385 2822 455 2858 τοὺς
478 2822 588 2858 ἄλλους
615 2822 689 2858 τούς·
713 2821 870 2858 τοιούτους
898 2820 1023 2862 ὁμοίως.
1056 2823 1134 2865 Περὶ
1153 2823 1186 2854 δὲ
1205 2827 1267 2855 τῶν
1292 2824 1359 2856 ἐπι-

310 2869 404 2909 γείων
431 2869 508 2900 θεῶν
538 2869 647 2900 πολλοὶ
668 2869 721 2900 καὶ
750 2868 885 2900 ποικίλοι
916 2869 1142 2908 παραδέδονται
1161 2870 1247 2909 λόγοι
1274 2871 1359 2912 παρὰ

310 2919 373 2952 τοῖς
391 2918 559 2957 ἱστορικοῖς
584 2927 618 2947 τε
635 2917 688 2947 καὶ
712 2915 928 2956 μυθογράφοις·
952 2917 1006 2947 καὶ
1030 2921 1091 2948 τῶν
1112 2918 1166 2959 μὲν
1193 2919 1358 2959 ἱστορικῶν

312 2964 470 3004 Εὐήμερος
503 2963 521 2994 ὁ
552 2963 607 3000 τὴν
638 2963 720 3004 ἱερὰν
744 2963 921 3004 ἀναγραφὴν
944 2965 1153 3006 ποιησάμενος
1175 2965 1260 3002 ἷδίως
1288 2966 1359 2998 ἀνέ-

311 3011 430 3051 γραψε,
447 3014 509 3041 τῶν
534 3009 567 3041 δὲ
599 3009 778 3049 μυθολόγων
801 3010 941 3051 ’Όμηρος
969 3012 1021 3043 καὶ
1038 3012 1186 3050 Ἡσίοδος
1211 3014 1265 3045 καὶ
1287 3012 1358 3054 Ὀρ-

311 3058 384 3098 φεὺς
401 3059 454 3088 καὶ
475 3057 573 3098 ἕτεροι
589 3059 726 3088 τοιοῦτοι
745 3057 1030 3100 τερατωδέστέρους
1057 3058 1169 3098 μύθους
1187 3061 1257 3103 περὶ
1282 3062 1359 3092 θεῶν

311 3103 519 3136 πεπλάκασιν.
556 3123 599 3130 -
619 3103 684 3144 (12)
717 3103 876 3135 Diodorus
915 3105 999 3145 apud
1038 3107 1213 3139 Eusebium
1251 3109 1357 3148 Proep.

313 3151 435 3191 Evang.
467 3150 523 3182 lib.
555 3151 587 3182 11
609 3159 644 3190 p.
673 3152 713 3182 59
732 3158 739 3177 =
765 3151 925 3191 Εὐήμερος
945 3152 1000 3192 μὲν
1019 3152 1093 3192 οὖν,
1117 3153 1202 3194 φίλος
1224 3156 1359 3194 γεγονὼς

313 3197 498 3238 Κασάνδρου
526 3197 679 3238 βασιλέως
705 3197 758 3228 καὶ
785 3197 837 3228 διὰ
868 3202 980 3230 τοῦτον
1008 3200 1243 3241 ἠναγκασμένος
1262 3202 1359 3233 τελεῖν

314 3243 477 3285 βασιλικάς
492 3254 575 3279 τινας
602 3243 706 3285 χρείας
725 3244 778 3275 καὶ
796 3243 930 3284 μεγάλας
947 3245 1142 3286 ἀποδημίας,
1160 3249 1253 3287 φησὶν
1277 3248 1359 3279 ἐκτο-

313 3290 459 3324 πισθῆναι
479 3290 559 3321 κατὰ
575 3290 627 3328 τὴν
644 3290 837 3330 μεσημὸρίαν
851 3291 894 3327 εἱς
906 3291 959 3323 τὸν
978 3291 1127 3331 ὠκεανόν,
1145 3293 1359 3325 ἐκπλεύσαντα

313 3336 346 3367 δὲ
368 3336 460 3368 αὐτὸν
490 3337 525 3368 ἐκ
543 3339 596 3374 τῆς
614 3336 793 3377 εὐδαίμονος
811 3337 950 3377 Ἀραὸίας
984 3338 1175 3375 ποιήσασθαι
1194 3340 1246 3372 τὸν
1262 3341 1359 3372 πλοῦν

314 3381 354 3413 δι’
366 3382 507 3413 ὠκεανοῦ
522 3382 645 3419 πλείους
659 3383 773 3423 ἡμέρας
785 3408 794 3423 ,
817 3383 871 3414 καὶ
884 3385 1126 3426 προσενεχθῆναι
1143 3386 1248 3423 νήσοις
1267 3388 1359 3418 πελα-

315 3427 412 3469 γίαις,
436 3428 479 3459 ὧν
503 3428 574 3468 μίαν
590 3430 748 3470 ὑπερέχειν
765 3431 820 3468 τήν
842 3431 1069 3470 ὀνομαζομένην
1093 3432 1273 3473 Πάγχαιαν,
1294 3434 1357 3474 ἑνῇ

315 3475 476 3507 τεθεᾶσθαι
500 3475 571 3512 τοὺς
596 3475 790 3514 ἐνοικοῦντας
807 3477 988 3518 Παγχαίους
1006 3478 1149 3519 εὐσεῧείᾳ
1162 3479 1358 3520 διαφέροντας

1421 342 1507 381 dam
1530 345 1706 395 negotia,
1730 345 1846 383 modo
1865 345 2005 383 itinera
2021 348 2259 399 susciper,et
2282 359 2410 389 nan-nat
2429 364 2470 390 se

1422 396 1463 434 in
1486 410 1592 436 mare
1612 398 1872 437 meridianum
1895 399 1977 437 sive
1992 399 2169 438 Indicum
2184 414 2268 440 esse
2283 402 2466 443 delatum.

1421 454 1575 508 Quippe
1591 456 1640 495 ab
1662 457 1806 496 Arabia
1827 457 1931 496 felici
1960 467 2187 509 provectum
2217 469 2468 513 posteaquam

1421 514 1554 565 plures
1572 515 1654 555 dics
1681 516 1876 555 Oceanum
1907 516 2149 567 navigasset,
2179 518 2228 556 ad
2251 519 2400 559 insulas
2424 521 2467 560 in

1421 573 1499 611 alto
1531 575 1623 614 sitas
1656 577 1869 628 appulisse,
1891 589 2056 627 quarum
2088 589 2166 615 una
2191 578 2350 618 nomine
2372 578 2472 618 Pan-

1422 632 1525 671 chaea
1538 635 1675 674 ceteris
1696 636 1955 675 antecelleret.
1982 635 2076 687 Ejus
2094 635 2242 675 incolas
2258 635 2471 678 Panchaeos

1421 705 1461 730 se
1481 692 1627 732 vidisse
1640 694 1784 745 pietate
1815 694 1984 733 maxime
2003 703 2189 747 praestare
2207 695 2378 748 deosque
2392 710 2473 736 ma·

1421 751 1749 800 gnificentissimis
1764 753 1970 792 sacrificiis
1986 762 2023 792 et
2041 754 2296 806 amplissimis
2314 768 2363 794 ex
2377 768 2473 795 auro

1421 818 1535 861 atque
1550 820 1709 861 argento
1729 811 1844 850 donis
1863 812 2001 851 colere.
2018 815 2112 851 Esse
2136 826 2257 863 porro
2283 813 2389 852 illam
2409 815 2471 854 in-

1421 869 1544 907 sulam
1557 870 1719 909 deorum
1737 883 1898 919 sacram,
1919 871 2137 923 multasque
2154 872 2251 910 alias
2266 871 2324 911 ibi
2343 873 2472 912 videri

1421 941 1484 967 rcs
1501 930 1618 968 simul
1646 931 1873 980 antiquitate
1901 930 2018 968 simul
2046 930 2255 970 artificiosa
2277 939 2473 972 structura

1421 986 1603 1038 insignes.
1615 988 1778 1027 Exstare
1793 989 1896 1026 ultro
1910 988 1952 1026 in
1970 989 2039 1026 illa
2059 989 2187 1027 insula
2200 1002 2316 1042 super
2331 991 2469 1030 collem

1421 1047 1653 1086 altissimum
1682 1047 1796 1086 Jovis
1824 1047 2027 1099 Triphylii
2058 1048 2243 1099 templum
2275 1050 2470 1090 conditum

1421 1104 1470 1143 ab
1487 1106 1573 1157 ipso
1585 1136 1595 1154 ‚
1619 1120 1698 1158 quo
1715 1115 1889 1158 tempore
1907 1106 2033 1144 adhuc
2053 1106 2154 1145 inter
2174 1106 2353 1148 homines
2371 1119 2473 1149 esset

1421 1164 1634 1216 orbemque
1656 1175 1770 1204 terrae
1793 1165 1962 1217 imperio
1985 1174 2147 1215 regeret.
2175 1165 2220 1204 ln
2234 1166 2309 1205 hoc
2327 1169 2472 1221 templo

1421 1224 1591 1263 inveniri
1609 1225 1829 1263 columnam
1852 1238 2007 1263 auream
2021 1254 2031 1272 ,
2049 1237 2136 1275 quae
2150 1224 2352 1265 Panchaeis
2369 1227 2472 1267 litte·

1421 1283 1477 1321 ris
1520 1284 1711 1336 inscripta
1744 1284 1865 1331 Coeli,
1901 1283 2058 1324 Saturni
2093 1292 2131 1322 et
2160 1282 2274 1323 Jovis
2297 1294 2470 1325 actorum

1421 1355 1610 1388 summam
1644 1344 1854 1383 contineat.
1885 1342 2156 1394 Quapropter,
2190 1343 2225 1382 si
2253 1344 2349 1384 fides
2373 1345 2472 1385 Eve-

1422 1415 1529 1440 mero
1542 1431 1552 1449 ‚
1577 1402 1737 1440 deorum
1769 1411 1876 1452 gesta
1899 1401 2057 1451 collegit
2077 1401 2360 1454 historiamque
2379 1417 2472 1442 con-

1423 1461 1546 1499 texuit
1572 1474 1621 1498 ex
1641 1462 1765 1501 titulis
1795 1469 1832 1499 et
1860 1460 2186 1513 inscriptionibus
2207 1461 2343 1501 sacris.
2365 1462 2473 1502 Hanc

1421 1518 1624 1557 historiam
1658 1520 1761 1572 apud
1796 1519 1992 1557 Romanos
2023 1527 2062 1557 et
2100 1520 2378 1571 interpretatus
2413 1529 2472 1560 est

1422 1578 1569 1616 Ennius
1589 1588 1626 1617 et
1646 1588 1799 1617 secutus
1821 1579 1916 1630 (13).

1475 1637 1561 1675 Jam
1586 1651 1681 1676 vero
1697 1639 1868 1690 primum
1890 1651 2020 1687 regem
2035 1637 2186 1676 Coelum
2211 1638 2332 1677 fuisse
2353 1646 2467 1678 testa-

1421 1706 1485 1734 tur
1506 1696 1602 1749 (14),
1621 1698 1749 1736 virum
1781 1701 1857 1735 tam
1878 1697 2010 1734 mitem
2033 1706 2071 1735 et
2095 1698 2335 1745 beneficum,
2355 1711 2471 1748 quam

1422 1755 1591 1794 siderum
1608 1765 1734 1794 motus
1747 1757 1915 1807 peritum
1929 1783 1940 1802 ,
1962 1755 2031 1806 qui
2048 1764 2086 1792 et
2104 1755 2255 1806 primus
2271 1756 2473 1794 sacrificiis

1421 1814 1514 1852 deos
1534 1815 1704 1853 coelestes
1723 1815 1889 1853 coluerit
1914 1830 1922 1852 :
1945 1814 2113 1865 ideoque
2134 1827 2222 1852 eum
2242 1815 2358 1852 etiam
2383 1815 2470 1855 Coe-

1422 1873 1502 1910 lum
1521 1874 1755 1925 appellatum
1780 1887 1877 1914 esse.
1893 1873 2016 1911 Filios
2031 1881 2156 1910 autem
2175 1886 2262 1911 eum
2285 1873 2470 1916 habuisse

1420 1945 1441 1969 e
1460 1932 1574 1970 Vesta
1608 1945 1731 1970 uxore
1769 1932 1950 1970 Titanem
1985 1940 2023 1969 et
2050 1931 2259 1970 Saturnum
2293 1932 2471 1983 filiasque

1424 1990 1567 2029 Rheam
1590 2000 1627 2029 et
1647 1991 1842 2031 Cererem.
1861 1991 1969 2030 Coelo
1984 1990 2067 2040 regi
2088 1989 2298 2028 Saturnum
2318 1990 2470 2030 succes-

1421 2050 1537 2101 sisse,
1562 2051 1630 2101 qui
1652 2064 1772 2101 quum
1792 2049 1934 2087 Rheam
1957 2063 2118 2087 uxorem
2139 2049 2336 2098 duxisset,
2356 2063 2406 2089 ex
2426 2064 2473 2089 ea

1420 2107 1585 2156 Jovem,
1615 2108 1810 2146 ‚lunonem
1839 2116 1876 2146 et
1908 2106 2131 2159 Neptunum
2157 2111 2383 2160 susceperit.
2412 2109 2470 2148 De

1420 2167 1586 2205 Saturno
1606 2169 1687 2205 haec
1706 2175 1796 2206 sunt
1813 2165 1930 2204 Ennii
1957 2165 2078 2204 verba
2092 2165 2168 2218 (15)
2190 2181 2200 2204 ε
2222 2184 2238 2200 «
2277 2166 2377 2204 Exin
2393 2167 2461 2205 Sa·

1421 2234 1557 2264 turnus
1579 2239 1742 2264 uxorem
1777 2225 1892 2263 duxit
1922 2225 2062 2276 Opem.
2092 2225 2235 2276 Titan,
2255 2225 2324 2276 qui
2346 2225 2471 2276 major

1420 2295 1512 2324 natu
1534 2295 1636 2334 erat,
1667 2286 1862 2338 postulat,
1887 2293 1930 2323 ut
1954 2285 2040 2336 ipse
2059 2293 2253 2335 regnaret.
2275 2284 2338 2323 lbi
2353 2285 2470 2324 Vesta

1419 2396 1472 2427 καὶ
1498 2396 1570 2432 τοὺς
1597 2396 1684 2432 θεοὺς
1708 2399 1865 2435 τιμῶντας
1891 2395 2238 2436 μεγαλοπρεπεστάταις
2265 2395 2386 2431 θυσίαις
2414 2395 2468 2428 καὶ

1420 2443 1615 2484 ἀναθήμασιν
1638 2443 1807 2483 ἀξιολόγοις
1825 2443 1969 2485 ἀργυροῖς
1988 2454 2021 2474 τε
2037 2443 2089 2474 καὶ
2109 2445 2247 2483 χρυσοῖς.
2266 2441 2355 2474 Εἶναι
2368 2442 2401 2474 δὲ
2413 2444 2470 2479 τήν

1418 2495 1512 2528 νῆσον
1531 2491 1614 2531 ἱερὰν
1630 2491 1726 2529 θεῶν,
1739 2490 1793 2521 καὶ
1811 2490 1900 2531 ἕτερα
1915 2489 2013 2522 πλείω
2027 2489 2244 2530 θαυμαζόμενα
2261 2489 2344 2520 κατά
2358 2499 2395 2521 τε
2413 2490 2470 2527 τήν

1420 2537 1612 2593 ἀρχαιότητα
1625 2538 1678 2569 καὶ
1689 2537 1744 2575 τὴν
1759 2540 1813 2574 τῆς
1829 2541 2027 2574 κατασκευῆς
2043 2537 2259 2577 πολυτεχνίαν.
2279 2537 2348 2578 περὶ
2366 2537 2412 2568 ὧν
2429 2537 2471 2570 τὰ

1418 2584 1505 2616 κατὰ
1519 2586 1610 2626 μέρος
1630 2586 1661 2616 ἐν
1677 2587 1744 2620 ταῖς
1757 2585 1816 2624 πρὸ
1830 2585 1943 2623 ταύτης
1960 2584 2076 2624 βίὸλοις
2097 2582 2362 2624 ἀναγεγράφαμεν.
2379 2584 2469 2617 Εἶναι

1419 2630 1444 2662 δ
1460 2631 1490 2662 ἐν
1505 2631 1582 2672 αὐτῇ
1601 2631 1683 2662 κατά
1695 2642 1764 2662 τινα
1775 2631 1868 2672 λόφον
1886 2632 2007 2671 ὑψηλὸν
2026 2629 2097 2662 καθ’
2113 2631 2285 2672 ὑπερὸολῆν
2301 2631 2382 2673 ἱερὸν
2396 2631 2470 2668 Διὸς

1419 2679 1599 2719 Τριφυλίου,
1623 2679 1843 2719 καθιδρυμένον
1871 2680 1925 2710 ὑπ’
1945 2679 2048 2711 αὐτοῦ
2073 2677 2144 2711 καθ’
2162 2678 2196 2709 ὃν
2223 2679 2332 2719 καιρὸν
2359 2678 2467 2711 &6206-

1419 2727 1509 2757 λευσε
1530 2729 1584 2764 τῆς
1605 2726 1788 2765 οἰκουμένης
1811 2725 1935 2763 ἁπάσης
1962 2725 2006 2757 ἔτι
2034 2726 2116 2757 κατὰ
2144 2725 2323 2766 ἀνθρώπους
2342 2725 2399 2758 ὧν.
2415 2725 2470 2758 Ἓν

1419 2772 1520 2814 τούτῳ
1539 2775 1584 2814 τῷ
1612 2774 1685 2814 ἱερῷ
1708 2774 1823 2811 στήλην
1856 2774 1936 2806 εἶναι
1958 2777 2098 2816 χρυσῆν,
2119 2774 2151 2806 ἐν
2167 2773 2188 2814 ἦ
2214 2776 2278 2811 τοῖς
2295 2773 2470 2816 Παγχαίοις

1419 2820 1598 2861 γράμμασιν
1618 2821 1766 2861 ὑπάρχειν
1786 2821 1999 2862 γεγραμμένας
2011 2822 2066 2858 τάς
2078 2832 2112 2852 τε
2125 2822 2268 2862 Οὐρανοῦ
2279 2821 2332 2853 καὶ
2349 2821 2469 2863 Κρόνου

1419 2870 1472 2900 καὶ
1492 2869 1564 2905 Διὸς
1578 2868 1699 2910 πράξεις
1719 2869 1955 2910 κεφαλαιωδῶς.
1967 2886 2012 2892 -
2030 2869 2097 2909 (13)
2112 2868 2227 2900 Cicero
2242 2868 2282 2900 de
2298 2870 2365 2902 nat.
2379 2868 2467 2904 deor.

1420 2916 1478 2949 lib.
1503 2918 1526 2956 t,
1543 2919 1582 2948 42
1602 2928 1610 2948 ι
1629 2917 1711 2952 Quae
1727 2917 1807 2950 ratio
1824 2916 1966 2948 maxime
1981 2917 2118 2948 tractata
2130 2915 2171 2947 ab
2194 2914 2375 2947 Euhemero
2391 2918 2440 2948 est
2456 2924 2465 2943 =

1419 2972 1515 3003 quem
1531 2965 1640 2995 noster
1655 2966 1689 2995 et
1708 2963 1935 3004 interpretatus
1951 2964 1984 2995 et
1998 2967 2128 2994 secutus
2141 2965 2191 2994 est
2205 2966 2323 3003 praeter
2335 2967 2468 2996 caeteros

1420 3011 1551 3043 Ennius.
1587 3010 1637 3042 Cf.
1663 3010 1848 3043 Lactantius
1876 3010 2115 3042 Institutionum
2145 3009 2185 3041 de
2217 3009 2295 3041 [alsa
2319 3009 2468 3049 religione

1419 3057 1475 3090 lib.
1495 3059 1512 3091 I
1535 3060 1670 3099 cap.1l.
1702 3057 1823 3098 -(ι4)
1851 3057 2011 3089 Diodorus
2042 3056 2127 3097 apud
2161 3056 2336 3089 Eusebium
2355 3058 2465 3097 Prmp.

1419 3106 1538 3145 Evang.
1558 3105 1615 3137 lib.
1634 3106 1663 3137 11
1683 3113 1714 3145 p.
1734 3107 1772 3136 59
1789 3117 1798 3136 ι
1816 3104 1905 3135 Μετὰ
1923 3103 2023 3135 ταῦτά
2036 3114 2111 3144 φησι
2124 3107 2247 3144 πρῶτον
2261 3103 2398 3145 Οὐρανὸν
2412 3104 2468 3145 βα-

1418 3152 1508 3183 σιλέα
1519 3152 1675 3192 γεγονέναι
1689 3175 1699 3191 ,
1725 3151 1846 3189 ἐπιεικῆ
1865 3162 1934 3182 τινα
1954 3151 2049 3191 ἄνδρα
2067 3151 2121 3181 καὶ
2146 3151 2309 3191 εὐεργέτην
2335 3150 2389 3182 καὶ
2410 3153 2466 3188 τῆς

1418 3203 1480 3232 τῶν
1497 3200 1620 3240 ἄστρων
1647 3199 1798 3236 κινήσεως
1818 3198 2030 3238 ἐπιστήμονα,
2054 3197 2092 3228 ὃν
2117 3198 2170 3228 καὶ
2197 3200 2320 3238 πρῶτον
2344 3196 2465 3233 θυσίαις

1418 3251 1548 3288 τιμῆσαι
1565 3247 1636 3284 τοὺς
1654 3247 1813 3286 οὐρανίους
1835 3245 1932 3282 θεούς·
1950 3246 1998 3277 διὸ
2013 3246 2068 3276 καὶ
2097 3246 2238 3286 Οὐρανὸν
2256 3254 2465 3285 προσαγορευ·

1419 3296 1519 3332 θῆναι.
1544 3294 1635 3330 Υίούς
1657 3294 1690 3325 δὲ
1708 3293 1794 3333 αὐτῷ
1815 3293 1957 3332 γενέσθαι
1971 3292 2034 3323 ἀπὸ
2046 3292 2191 3332 γυναικὸς
2204 3290 2331 3326 Ἑστίας
2347 3291 2465 3322 Τιτᾶνα

1419 3343 1471 3373 καὶ
1493 3341 1630 3382 Κρόνον,
1650 3341 1818 3381 θυγατέρας
1842 3340 1875 3371 δὲ
1890 3339 1977 3371 Ῥέαν
1998 3339 2051 3370 καὶ
2077 3339 2257 3378 Δήμητραν.
2284 3336 2403 3378 Κρόνον
2430 3337 2464 3369 δὲ

1420 3390 1603 3430 βασιλεῦσαι
1625 3389 1703 3428 μετὰ
1720 3387 1876 3428 Οὐρανόν,
1895 3388 1948 3418 καὶ
1970 3387 2112 3426 γήμαντα
2133 3386 2224 3418 Ῥέαν
2237 3389 2383 3422 γεννῆσαι
2402 3383 2465 3416 Δία

1419 3435 1472 3466 καὶ
1485 3434 1586 3476 Ἥραν
1602 3435 1656 3466 καὶ
1674 3435 1868 3466 Ποσειδῶνα.
1890 3451 1935 3457 -
1950 3433 2016 3474 (15)
2038 3433 2176 3474 Ennius,
2201 3441 2300 3464 sacrae
2321 3431 2464 3464 historloe

1419 3482 1594 3522 interpres,
1624 3481 1710 3521 apud
1732 3481 1932 3513 Lactantium
1955 3480 2197 3512 Institutionum
2219 3479 2259 3511 de
2284 3477 2363 3510 falsa
2394 3477 2477 3511 retis
