2606 3828
342 248 416 281 3³0

386 347 593 398 (Diogenes
612 345 787 383 Laertius
806 343 876 382 lib.
896 342 945 388 ΙΙ,
969 356 982 380 1
995 343 1040 380 18
1064 355 1072 378 z
1094 339 1154 378 καὶ
1173 340 1230 378 τὸν
1251 340 1261 394 (
1279 340 1377 393 Κρά-

333 405 441 458 τητα)
470 403 680 456 ἀχθεσθέντα
710 404 921 455 παρῳδῆσαι
941 402 987 444 εἷς
1009 401 1112 439 αὐτὸν
1134 399 1374 453 (Στίλπωνα)
1394 436 1397 439 .

331 463 433 503 οὕτω·
457 463 527 502 Καὶ
542 463 610 515 μὴν
630 464 703 502 κτλ.
720 462 778 500 Cf.
797 460 1011 512 Hesychius
1032 459 1205 499 Milesius
1222 472 1310 511 pag.
1324 460 1372 498 52

330 524 393 564 ed.
432 523 553 561 Orell.
581 523 750 568 Quartus
776 534 908 558 versus
945 518 1009 565 τὴν
1047 518 1077 556 δ’
1116 518 1243 571 ἀρετὴν
1274 518 1372 571 παρὰ

330 582 478 634 γράμμα
498 583 575 621 κτλ.
598 581 790 630 significat
811 593 820 616 :
843 579 890 616 de
916 591 1065 616 summa
1087 578 1232 616 virtute
1249 577 1372 616 verbo

332 651 443 680 tenus
466 639 729 687 disserebant,
750 651 831 675 rem
849 638 969 688 ipsam
996 636 1259 686 negligebant.
1283 636 1372 674 Alia

331 701 431 739 ratio
452 708 509 738 est
534 699 609 736 loci
631 696 854 735 Aristotelei
872 695 983 734 Rhet.
1009 695 1081 735 lib.
1112 694 1168 732 ΙΙΙ
1193 708 1280 746 cap.
1309 710 1369 743 11,

328 773 418 811 pag.
453 765 554 803 1412
583 757 643 795 ed.
664 756 780 794 ssekk.
807 768 815 791 ε
840 753 884 792 τὰ
905 753 941 792 δὲ
968 753 1066 806 παρὰ
1090 753 1238 806 γράμμα
1257 754 1370 803 ποιεῖ,

328 819 394 869 οὐχ
412 816 430 855 ὃ
453 816 547 868 λέγει
560 813 686 865 λέγειν,
706 815 784 852 ἀλλ’
805 812 1067 866 ὃμεταστρέφει
1086 812 1208 863 ὄνομα.
1230 811 1373 863 Hujus-

328 876 433 914 modi
454 883 578 913 autem
601 872 916 923 agnominatione
931 872 972 909 in
994 871 1208 909 deridendo
1225 871 1373 909 Cratete

328 947 420 972 usus
437 942 517 972 erat
533 933 656 983 Stilpo
673 931 775 983 apud
794 930 988 969 Laertium
1006 931 1029 968 l.
1047 945 1081 969 e.
1106 945 1114 967 z
1135 924 1188 968 ”Ὦ
1211 930 1370 982 Κράτης,

328 994 436 1037 δοκεῖς
457 1007 515 1043 μοι
542 991 665 1044 χρείαν
692 990 784 1042 ἔχειν
806 989 948 1041 ἱματίου
978 991 1120 1037 καινοῦ,
1142 989 1183 1027 id
1203 997 1282 1037 est,
1310 989 1371 1027 καὶ

327 1053 420 1102 νοῦ.)

381 1141 424 1166 13.
451 1125 623 1165 Φλιάσιόν
640 1127 670 1163 τ’
685 1125 945 1173 Ἀσκληπιάδην
963 1124 1023 1163 καὶ
1037 1128 1165 1178 ταῦρον
1183 1125 1368 1178 Ἐρέτρην.

378 1211 592 1258 (Diogenes
611 1207 872 1247 Laertiuslib.
896 1208 949 1255 ΙΙ,
978 1209 1052 1245 126
1073 1220 1081 1246 :
1104 1206 1277 1245 Φαίνεται
1295 1206 1336 1253 δὴ
1354 1209 1372 1244 ὁ

325 1267 530 1319 Μενέδημος
549 1267 674 1318 σεμνὸς
692 1267 821 1310 ἱκανῶς
840 1264 1020 1317 γενέσθαι,
1037 1265 1111 1303 ὅθεν
1133 1265 1237 1303 αὐτὸν
1258 1265 1369 1316 Κρά-

327 1345 388 1375 της
407 1327 580 1380 παρῳδῶν
599 1341 697 1379 φησι·
715 1326 888 1366 Φλιάσιον
915 1327 990 1364 κτλ.
1012 1326 1069 1366 Cf.
1093 1324 1256 1375 Hesych.
1278 1325 1364 1364 Mil.

326 1401 366 1438 p.
385 1387 448 1424 36.
471 1384 640 1438 Ἐρέτρην
662 1386 766 1423 valet
791 1386 865 1422 hoc
889 1385 977 1422 loco
1009 1384 1110 1422 idem
1132 1382 1237 1433 quod
1258 1382 1368 1434 Ἔρε-

326 1445 423 1496 τριέα
440 1445 499 1482 vel
515 1443 729 1496 Ἐρετρικόν,
749 1453 790 1481 ut
809 1445 912 1494 apud
942 1443 1240 1481 Demosthenem
1259 1442 1365 1479 Orat.

326 1503 467 1552 xvlll,
502 1505 579 1553 289
599 1503 641 1541 in
660 1503 936 1553 epigrammate
966 1501 1101 1553 βράὸην
1129 1502 1274 1539 dicitur
1291 1515 1364 1552 pro

334 1561 484 1613 βραδέα,
502 1562 573 1599 etsi
591 1575 670 1599 non
688 1561 892 1599 defuerunt
909 1561 976 1611 qui
990 1569 1032 1598 ut
1047 1560 1111 1598 hic
1127 1559 1291 1612 Ἐρετρῆ,
1313 1560 1368 1597 ita

325 1621 383 1658 ibi
403 1620 519 1672 βραὸῆ
552 1621 627 1669 legi
644 1620 800 1658 vellent.
824 1620 951 1666 Quum
969 1632 1063 1657 vero
1087 1619 1247 1657 eandem
1271 1619 1368 1656 scri-

329 1688 480 1731 pturam
499 1688 574 1717 tam
590 1678 736 1717 Laertii
757 1692 873 1729 quam
890 1678 1074 1729 Hesychii
1092 1678 1245 1716 codices
1265 1691 1369 1729 prae-

327 1737 460 1786 beant,
483 1737 583 1775 nihil
608 1745 759 1775 mutare
779 1750 895 1775 ausus
919 1735 1045 1788 sum.)

382 1838 430 1865 1⁴.
455 1822 527 1863 Καὶ
548 1822 616 1874 μὴν
634 1821 791 1863 Μίκυλον
807 1824 950 1861 εἰσεῖδον
967 1822 1096 1875 χαλέπ’
1109 1823 1204 1875 ἄλγε’
1224 1822 1365 1875 ἔχοντα,

449 1884 516 1920 τῶν
535 1883 636 1935 ἐρίων
658 1881 816 1926 ξαίνοντα
837 1882 986 1932 γυναῖκά
1002 1897 1040 1919 τε
1063 1881 1329 1932 συγξαίνουσαν,

444 1940 502 1978 τὸν
520 1940 622 1991 λιμὸν
644 1939 833 1993 φεύγοντας
853 1941 887 1978 ἐν
909 1941 988 1992 αἰνῑῖ·Ι
1008 1941 1180 1988 δηϊοτῆτι.

379 2022 629 2074 (Plutarchus
647 2022 703 2060 De
729 2022 799 2061 vi‘t.
828 2035 915 2059 aere
944 2022 991 2060 al.
1012 2035 1095 2073 cap.
1130 2036 1165 2069 7,
1188 2023 1265 2060 vol.
1295 2021 1367 2059 Xll

325 2094 413 2131 pag.
435 2085 510 2123 214
527 2080 587 2118 ed.
614 2079 769 2118 Hutten.
794 2094 804 2117 t
827 2080 908 2132 Οὐχ
926 2081 1022 2132 δρᾷς,
1043 2081 1089 2122 ὥς
1108 2079 1221 2117 πολλὰ
1243 2077 1304 2129 μὲν
1321 2081 1366 2129 γῆ

325 2138 495 2190 παρέχει,
512 2136 625 2176 πολλὰ
646 2137 682 2176 δὲ
700 2138 876 2185 θάλαττα;
901 2137 973 2176 Καὶ
991 2137 1061 2188 μὴν
1079 2137 1234 2176 Μίκυλον
1257 2139 1364 2175 εἰσεῖ-

323 2197 395 2243 δον,
419 2195 522 2248 φησὶν
547 2198 564 2233 ὅ
585 2196 751 2247 Κράτης,
772 2197 840 2233 τῶν
859 2196 959 2247 ἐρίων
986 2198 1065 2234 κτλ.
1087 2195 1251 2234 Versum
1278 2197 1364 2248 pri-

325 2268 428 2291 mum
461 2254 640 2305 supplevi
670 2267 720 2291 ex
752 2254 938 2302 Homero,
976 2268 1096 2305 quum
1127 2254 1260 2292 Crates
1298 2255 1364 2292 hic

324 2311 498 2349 imitatus
518 2311 714 2362 sitOdyss.
731 2311 803 2350 lib.
819 2310 888 2357 XI,
902 2312 975 2348 581
999 2325 1007 2348 :
1026 2310 1162 2362 καὶμὴν
1181 2312 1364 2350 Τάνταλον

323 2372 480 2418 εἰσεῖδον,
505 2370 631 2423 χαλέπ’
650 2369 749 2420 ἄλγε’
781 2368 921 2421 ἔχοντα.
942 2370 986 2408 ln
1005 2371 1120 2408 tertio
1135 2383 1215 2421 ⁴pro
1241 2383 1363 2407 mem-

322 2429 531 2467 branarum
561 2428 725 2466 lectione
745 2429 778 2466 ἐν
811 2428 860 2466 ἑνὶ
889 2428 1046 2476 δηϊοτῆτι
1062 2429 1143 2479 jam
1163 2427 1361 2478 Xylander

323 2498 424 2527 recte
445 2488 620 2540 reposuit
639 2489 673 2526 ἐν
699 2488 779 2540 αἰνῇ
800 2488 959 2534 δηϊοτῆτι
979 2500 1027 2525 ex
1046 2487 1158 2525 Iliad.
1178 2486 1252 2534 ΙΙΙ,
1273 2501 1335 2527 20.
1352 2487 1365 2539 )

378 2589 424 2615 15.
449 2574 587 2627 Κόγχον
601 2573 661 2612 καὶ
675 2572 809 2625 κύαμον
825 2573 966 2626 σύναγε.

377 2657 508 2711 (Teles
528 2657 629 2708 apud
646 2657 838 2696 Stobaeum
852 2657 956 2696 Flor.
969 2657 1015 2706 V,
1035 2660 1082 2705 67
1108 2671 1118 2697 :
1139 2657 1283 2710 Ἀπορία
1303 2657 1363 2696 καὶ

323 2717 442 2754 δάνεια
475 2715 720 2767 περιέστηκεν,
757 2715 885 2768 κόγχον
922 2716 981 2754 καὶ
1015 2715 1150 2767 κύαμον
1189 2716 1363 2768 συνήγαγε

327 2848 374 2877 13.
398 2844 639 2885 Pliliasiumque
655 2843 864 2885 Asclepiaden
880 2845 913 2877 et
928 2846 1056 2877 taurum
1074 2846 1299 2878 Eretriensem.

327 2905 374 2935 1⁴3..
396 2902 482 2940 Quin
504 2902 601 2934 etiam
618 2901 770 2943 Micylum
788 2902 854 2934 virli
874 2903 982 2943 gravia
1001 2904 1086 2935 mala
1109 2905 1274 2945 serentem,

399 2961 505 2993 lanam
523 2960 753 2992 carminantem
766 2960 899 3002 ejusque
920 2971 1051 2995 uxorem
1066 2963 1172 3004 operis
1189 2964 1308 2996 sociam

399 3020 516 3052 famem
530 3018 669 3051 vitantes
681 3018 714 3050 in
730 3018 876 3051 horribili
894 3018 989 3052 bello.

328 3082 374 3111 15.
396 3078 560 3110 concham
579 3078 612 3109 et
626 3076 732 3109 rabam
749 3077 872 3118 collige.

327 3142 376 3171 16.
398 3137 608 3179 Exprobrasti
627 3135 706 3170 mihi
723 3136 933 3176 senectutem,
956 3138 1108 3178 tanquam
1123 3146 1278 3178 magnum·
1295 3147 1360 3170 ma-

1255 3196 1359 3237 [lum,

398 3263 494 3295 quam
509 3254 563 3296 qui
583 3264 645 3288 non
665 3254 763 3288 fuerit
776 3254 924 3295 adeptus,
938 3258 1045 3287 morte
1063 3255 1233 3295 multatur,

398 3322 496 3353 quam
515 3323 627 3346 omnes
645 3314 882 3354 desideramus;
895 3316 929 3345 at
947 3313 973 3346 si
989 3314 1118 3354 quando
1136 3313 1277 3354 venerit,

398 3370 565 3411 ‹lolen1us3
582 3372 662 3404 adeo
678 3373 791 3413 ingrati
812 3372 968 3404 adversus
987 3373 1136 3404 naturam
1157 3381 1282 3405 sumus.

396 3429 477 3460 Nam
492 3437 586 3461 nemo
605 3430 682 3462 vitae
703 3432 770 3462 tam
788 3429 924 3471 cupidus
940 3431 1007 3470 est,
1025 3438 1122 3470 quam
1140 3430 1196 3471 qui
1211 3430 1356 3463 senescit.

327 3486 376 3517 17.
398 3486 467 3517 Non
487 3494 550 3518 una
565 3487 675 3528 patriae
688 3487 799 3529 turris,
814 3496 880 3520 non
896 3496 998 3520 unum
1016 3488 1138 3521 tectum
1156 3487 1235 3520 milii
1254 3489 1316 3529 est,

1077 252 1338 292 CYNICORU
1349 252 1386 291 M
1418 252 1757 293 FRAGMENTA.

1439 341 1515 392 (al.
1557 342 1768 394 συνάγαγε),
1805 339 1909 395 φησὶν
1943 341 1962 378 ὁ
1995 339 2162 391 Κράτης,
2194 339 2256 379 καὶ
2286 339 2330 378 τὰ
2349 339 2486 385 τούτοις

1436 399 1632 453 πρόσφορα.
1652 401 1805 454 Scripsi
1822 413 1908 438 cum
1927 399 2095 450 Bergkio
2116 402 2221 438 Poet.
2244 398 2336 450 Lyr.
2356 398 2483 440 Graec.
2600 397 2606 452 j

1436 473 1476 512 p.
1497 459 1572 499 525
1587 460 1750 512 σύναγε.)
2601 456 2606 467 ³

1493 563 1536 591 ιο.
1560 549 1756 594 Ὠνείδισάς
1779 565 1840 600 μοι
1856 551 1986 601 γῆρας,
2007 551 2054 592 ὥς
2071 546 2180 586 κακὸν
2196 547 2287 600 μέγα
2299 577 2311 598 ,

1557 604 1595 648 οὗ
1617 610 1666 660 μὴ
1686 608 1826 663 τυχόντι
1846 607 1993 652 θάνατός
2009 608 2081 646 ἐσθ’
2105 610 2128 654 ἠ
2145 606 2270 658 ζημία,

1555 662 1593 707 οὗ
1614 669 1741 712 πάντες
1763 670 2010 719 ἐπιθυμοῦμεν·
2032 666 2074 705 ἂν
2097 667 2126 704 δ’
2142 666 2225 719 ἔλθῃ
2247 665 2353 715 ποτέ,
2379 709 2388 716 ,

1559 727 1739 779 ἀνιώμεθ’·
1761 727 1868 771 οὕτως
1888 726 1992 776 ἐσμὲν
2013 726 2199 779 ἀχάριστοι
2218 724 2335 780 φύσει·

1557 790 1618 826 τοῦ
1637 789 1698 835 ζῆν
1718 786 1786 840 γὰρ
1807 786 1916 830 οὐδεὶς
1928 787 1975 830 ὡς
1995 788 2013 824 ὁ
2031 785 2218 837 γηράσκων
2238 785 2314 842 ἐρᾷ.

1494 874 1691 926 (Stobaeus
1708 874 1810 913 Flor.
1824 874 1935 921 CXV,
1953 889 1977 925 9
1998 873 2181 926 Κράτητος
2200 872 2235 918 ἐξ
2252 871 2487 926 Ἀντιφάνους.

1434 933 1622 972 Videntur
1646 934 1766 984 igitur
1784 934 1825 974 hi
1843 946 1978 972 versus
2014 946 2036 970 a
2054 932 2209 972 Stobaeo
2227 946 2278 972 ex
2293 931 2488 984 Antipha-

1438 993 1500 1030 nis
1534 992 1699 1043 quadam
1723 992 1915 1030 comoedia
1937 992 2048 1043 petiti
2064 1005 2163 1038 esse,
2192 992 2261 1042 qui
2291 991 2484 1030 Cratetem

1437 1065 1483 1089 eo
1513 1051 1629 1089 modo
1645 1051 1693 1089 de
1711 1059 1908 1090 senectute
1926 1050 2179 1089 disserentem
2198 1051 2411 1090 induxerit.
2428 1050 2488 1090 De

1437 1110 1658 1162 Antiphane
1691 1111 1770 1160 egit
1801 1110 2017 1148 Meinekius
2047 1109 2157 1150 Com.
2178 1109 2307 1149 Graec.
2336 1109 2487 1160 Fragm.

1435 1170 1511 1207 vol.
1533 1169 1565 1207 Ι.
1591 1183 1627 1221 p.
1650 1171 1724 1214 304
1741 1167 1874 1222 seqq.)

1491 1265 1536 1292 17.
1562 1252 1642 1304 Οὐχ
1660 1244 1707 1294 εἷς
1727 1251 1866 1304 πάτρας
1885 1267 1944 1302 μοι
1964 1251 2120 1305 πύργος,
2142 1253 2182 1291 οὗ
2206 1251 2271 1303 μία
2287 1252 2412 1304 στέγη,

1557 1311 1673 1357 πάσης
1693 1310 1730 1350 δὲ
1747 1310 1874 1365 χέρσου
1895 1311 1955 1350 καὶ
1970 1312 2130 1362 πόλισμα
2147 1311 2208 1350 καὶ
2225 1311 2330 1363 δόμος

1560 1368 1694 1421 ἕτοιμος
1709 1372 1792 1421 ἡμῖν
1810 1371 2048 1410 ἐνδιαιτᾶσθαι
2068 1371 2180 1422 πάρα.
2600 1390 2606 1414 1

1488 1459 1703 1508 (Diogenes
1716 1458 1890 1498 Laertius
1902 1458 1972 1499 lib.
1988 1459 2053 1508 vl,
2063 1460 2121 1510 ¹98
2137 1472 2146 1498 :
2164 1458 2318 1512 γέγραφε
2335 1460 2372 1510 (ὁ
2384 1459 2485 1511 Κρά-

1433 1519 1518 1568 της)
1545 1517 1605 1555 καὶ
1631 1517 1829 1570 τραγῳδίας
1856 1518 2075 1571 ὑψηλότατον
2098 1518 2248 1571 ἐχούσας
2277 1518 2483 1571 φιλοσοφίας
2601 1532 2606 1571 3

1431 1580 1643 1630 χαρακτῆρα
1661 1607 1672 1627 ,
1693 1571 1764 1615 οἶόν
1785 1579 1859 1616 ἐστι
1879 1578 2033 1618 κάκεῖνο·
2051 1579 2134 1630 Οὐχ
2151 1571 2200 1622 εἷς
2221 1579 2302 1618 κτλ.
2502 1610 2503 1613 ,
2601 1580 2606 1615 ί

1546 1682 1593 1735 β’.
1620 1683 1814 1724 ΓΝΩΜΑΙ
1834 1683 1927 1722 ΚΑΙ
1947 1683 2356 1726 ΑΠΟΦΘΕΓΜΛΤΑ.
2599 1678 2606 1729 ,ᾗ

1489 1796 1534 1821 18.
1555 1780 1669 1821 Πενία
1686 1779 1910 1820 οὗδὲνδεινόν
1923 1811 1934 1828 ,
1961 1779 2039 1819 ἐπεὶ
2054 1779 2116 1819 καὶ
2137 1779 2299 1833 Κράτητι
2319 1778 2362 1818 ἂν
2383 1778 2479 1824 ἔδοξε

1435 1843 1484 1894 τῷ
1504 1839 1657 1893 Θηὸαίῳ
1682 1839 1806 1891 δεινόν,
1827 1839 1864 1884 ὃς
1882 1841 1953 1878 τῶν
1973 1841 2103 1878 ἑαυτοῦ
2122 1842 2166 1892 τῇ
2186 1839 2288 1879 πόλει
2304 1853 2480 1894 παραχω-

1435 1899 1564 1952 ρήσας,
1582 1899 1643 1937 καὶ
1660 1898 1784 1946 εἰπών,

1539 1980 1681 2034 Κράτης
1701 1983 1731 2020 Κ
1738 1979 1872 2033 ράτητα
1890 1980 2086 2033 χρημάτων
2108 1982 2317 2036 ἀποστερεῖ,

1431 2069 1508 2108 τότε
1527 2068 1639 2113 ἔδοξεν
1661 2069 1923 2120 ἐλευθεροῦσθαι
1943 2068 2005 2108 καὶ
2026 2068 2199 2122 στέφανον
2226 2071 2273 2114 ὡς
2295 2068 2353 2108 ἐπὶ
2373 2069 2475 2108 ἐλευ-

1429 2127 1524 2180 θερίᾳ
1546 2127 1811 2181 περιεὸάλλετο,
1832 2126 1885 2166 ὅτι
1904 2127 1967 2175 τὴν
1983 2128 2106 2167 πενίαν
2130 2127 2207 2167 ἀντὶ
2220 2129 2283 2174 τῆς
2305 2127 2471 2182 εὐπορίας

1427 2185 1617 2233 ἠλλάξατο.

1487 2245 1735 2297 (Simplicius
1769 2246 1985 2286 Comment.
2032 2247 2074 2284 in
2114 2245 2276 2298 Epictet.
2317 2244 2475 2284 Enchir.

1429 2318 1515 2356 cap.
1533 2304 1567 2342 X
1585 2319 1622 2356 p.
1651 2319 1720 2352 107
1752 2318 1834 2355 seq.
1856 2305 1916 2343 ed.
1947 2305 2161 2355 Schweigh.
2194 2302 2303 2358 [pag.
2333 2306 2383 2349 64
2412 2305 2474 2344 ed.

1428 2363 1617 2415 Salmas]
1638 2363 1772 2402 Latius
1792 2363 1892 2401 illud
1911 2364 2108 2414 Diogenes
2142 2364 2317 2402 Laertius
2332 2363 2402 2412 Vl,
2422 2364 2471 2412 87

1429 2423 1491 2461 his
1511 2422 1643 2461 verbis
1667 2421 1900 2474 perscribit:
1920 2421 2054 2461 Τοῦτόν
2078 2437 2183 2475 φησιν
2203 2420 2423 2469 Ἀντισθένης
2435 2423 2471 2461 ἐν

1429 2485 1504 2527 ταῖς
1528 2483 1719 2533 Διαδοχαῖς
1738 2481 1953 2532 θεασάμενον
1973 2480 2008 2519 ἔν
2027 2497 2096 2519 τινι
2115 2480 2295 2533 τραγῳδίᾳ
2311 2480 2476 2534 Τήλεφον

1430 2541 1608 2595 σπυρίδιον
1634 2540 1759 2592 ἔχοντα
1796 2539 1860 2578 καὶ
1894 2539 2008 2578 τᾶλλα
2037 2539 2169 2591 λυπρὸν
2201 2535 2293 2584 ἀίξαι
2322 2539 2380 2578 ἐπὶ
2407 2538 2472 2588 τήν

1429 2599 1573 2646 κυνικὴν
1601 2598 1822 2652 φιλοσοφίαν·
1843 2597 2158 2651 ἐξαργυρισάμενόν
2189 2613 2227 2636 τε
2254 2597 2318 2646 τὴν
2350 2597 2472 2638 οὐσίαν

1430 2658 1509 2711 (καὶ
1525 2658 1592 2711 γὰρ
1610 2653 1651 2706 ἦν
1671 2660 1740 2696 τῶν
1757 2657 1956 2710 ἐπιφανῶν)
1974 2657 2186 2708 ἀθροίσαντα
2206 2656 2291 2708 πρὸς
2317 2657 2361 2695 τὰ
2380 2659 2468 2696 ἑκα-

1426 2717 1483 2756 τὸν
1499 2717 1660 2756 διακόσια
1676 2717 1848 2764 τάλαντα,
1867 2721 1937 2760 τοῖς
1954 2716 2114 2758 πολίταις
2141 2717 2318 2766 διανεῖμαι
2337 2719 2464 2764 ταῦτα,

1501 2846 1557 2880 sed
1575 2845 1737 2877 universae
1755 2847 1850 2877 terrae
1863 2843 1982 2885 oppida
1995 2847 2028 2877 et
2049 2843 2166 2876 domus

1500 2904 1592 2937 nobis
1611 2905 1729 2945 paratae
1751 2903 1966 2936 habitationes
1983 2904 2072 2936 sunt.

1555 3003 1586 3032 2.
1610 2999 1850 3033 SENTENTIAE
1870 2999 1924 3031 ΕΤ
1945 2999 2331 3032 APOPHTHEGMATA.

1470 3097 1516 3126 18.
1537 3095 1710 3135 Paupertas
1729 3101 1794 3126 non
1809 3094 1859 3126 est
1874 3091 2017 3134 malum;
2035 3092 2178 3134 alioquin
2192 3093 2290 3126 etiam
2307 3101 2326 3125 a
2341 3093 2467 3126 cratete

1422 3153 1576 3185 Thebano
1602 3153 1634 3184 in
1652 3152 1746 3185 malis
1764 3153 1932 3185 numerata
1952 3152 2046 3194 soret,
2071 3152 2126 3194 qui
2155 3161 2256 3194 quum
2275 3150 2464 3194 reipublicae

1421 3221 1498 3252 opes
1519 3221 1595 3244 suas
1615 3211 1828 3244 concessisset
1846 3211 2046 3252 dixissetque
2067 3221 2076 3243 :

1494 3300 1606 3332 Crates
1623 3301 1786 3332 Cratetem
1803 3299 1910 3341 privat
1929 3299 1990 3332 hac
2003 3299 2152 3340 pecunia,

1420 3376 1488 3407 tum
1504 3375 1634 3408 demum
1654 3384 1688 3408 se
1704 3376 1737 3408 in
1753 3375 1934 3408 libertatem
1962 3378 2121 3408 assertum
2143 3374 2297 3415 credidit,
2315 3378 2346 3408 et
2366 3377 2460 3418 quasi

1419 3435 1561 3475 aceeptae
1582 3434 1736 3467 libertatis
1753 3443 1849 3467 causa
1864 3442 2016 3467 coronam
2033 3434 2095 3466 sibi
2109 3433 2148 3465 ad
2168 3434 2262 3474 caput
2276 3442 2461 3468 accommo-

1418 3489 1525 3532 davit,
1549 3492 1625 3532 quia
1648 3493 1868 3533 paupertatem
1885 3501 1959 3525 cum
1977 3492 2096 3525 divitiis
2110 3494 2353 3527 commutasset.
