2638 3840
338 259 408 294 1³4
1042 242 1368 283 PROTAGORAE
1397 242 1737 282 FRAGMENTA.

383 356 415 382 ιι.
446 343 516 380 Δύο
535 339 629 391 λόγοι
650 337 714 377 εἰσὶ
733 337 811 389 περὶ
832 335 957 379 παντὸς
987 332 1191 385 πράγματος
1210 330 1358 379 ἀντικεί-

329 415 426 451 μενοι
443 399 614 445 ἀλλήλοις.

385 459 594 509 (Diogenes
623 455 793 493 Laertius
821 453 889 491 lib.
922 450 989 498 lx,
1021 451 1064 487 51
1090 463 1112 488 e
1139 450 1360 498 Protagorae

330 518 444 557 libris
465 517 692 565 Ἀντιλογιῶν.
715 515 890 551 Clemens
908 510 1193 548 Alexandrinus
1214 510 1357 549 Sti-om.

329 576 377 614 Vl
394 591 433 627 p.
461 578 536 623 674
564 576 595 611 Α
619 589 627 612 2
650 574 708 611 καὶ
730 570 847 616 ἐπειδὴ
867 567 1041 614 Ἕλληνές
1061 582 1144 620 φασι
1163 566 1358 616 Πρωταγό-

330 651 387 687 ρου
416 632 735 686 προκατάρξαντος,
762 628 867 666 παντὶ
894 627 987 677 λόγῳ
1003 625 1104 676 λόγον
1125 628 1360 677 ἀντικείμενον

329 691 624 744 παρεσκευάσθαι,
655 688 869 739 Stephanus
900 686 1107 736 Byzantius
1124 699 1163 726 v.
1186 684 1358 739 Ἄὸδηρα·

328 755 484 791 πλεῖστοι
505 750 533 788 δ’
555 749 753 798 Ἀὅδηρῖται
785 744 850 783 ὑπὸ
879 747 947 782 τῶν
978 744 1248 797 πινακογράφων
1275 747 1354 783 ἀνα·

326 811 530 863 γράφονται,
554 805 756 847 Νικαίνετος
775 802 932 845 ἐποποιὸς
965 802 1025 840 καὶ
1047 802 1300 855 Πρωταγόρας,
1322 802 1358 842 ὃν

329 870 474 915 Εὔδοξος
490 871 618 918 ἱστορεῖ
639 866 697 903 τὸν
719 863 818 911 ἥσσω
837 862 937 914 λόγον
954 861 1107 915 κρείσσω
1127 863 1358 910 πεποιηκέναι

327 929 386 968 καὶ
403 927 479 970 τοὺς
500 923 655 975 μαθητὰς
674 919 889 974 δεδιδαχέναι
902 920 960 959 τὸν
975 920 1076 959 αὐτὸν
1094 920 1153 959 καὶ
1167 920 1282 974 ψέγειν
1300 920 1359 959 καὶ

326 987 487 1026 ἐπαινεῖν.
520 987 660 1021 Seneca
689 982 811 1032 Epist.
840 978 1065 1018 Lxxxvlll
1092 994 1102 1018 z
1126 980 1358 1030 Protagoras

325 1047 377 1083 ait
401 1045 447 1081 de
474 1043 579 1080 omni
614 1054 655 1079 re
683 1041 725 1079 in
746 1049 950 1090 utramque
990 1048 1139 1090 partem
1165 1039 1357 1091 disputari

324 1115 435 1155 posse
453 1115 501 1139 ex
521 1099 666 1151 aequo.)

375 1174 405 1200 o.
425 1160 496 1199 Τὸν
518 1158 618 1206 ἥσσω
635 1157 736 1209 λόγον
756 1157 893 1209 κρέσσω
908 1156 1050 1196 ποιέειν.

376 1219 614 1271 (Aristoteles
654 1217 763 1257 Rhet.
799 1216 870 1256 lib.
908 1215 945 1253 ΙΙ
975 1228 1059 1266 cap.
1093 1220 1140 1259 24
1154 1244 1165 1262 ,
1201 1215 1280 1253 vol.
1320 1215 1357 1253 11

322 1295 361 1332 p.
401 1284 498 1323 1402
527 1277 589 1316 ed.
623 1277 800 1321 Bekker.:
834 1274 954 1314 καὶτὸ
983 1274 1040 1312 τὸν
1074 1272 1170 1320 ἥττω
1191 1274 1227 1313 δὲ
1257 1273 1358 1325 λόγον

322 1336 467 1390 κρείττω
480 1341 590 1374 ποιεῖν
609 1334 699 1373 τοῦτ’
719 1333 823 1372 ἐστίν·
843 1333 903 1373 καὶ
921 1335 1072 1372 ἐντεῦθεν
1093 1332 1235 1376 δικαίως
1255 1333 1356 1371 {800-

322 1397 478 1449 χέραινον
510 1396 541 1433 οἱ
573 1395 745 1445 ἄνθρωποι
784 1393 822 1431 τὸ
853 1391 1090 1446 Πρωταγόρου
1131 1391 1350 1443 ἐπάγγελμα.

322 1456 469 1494 Gellius
485 1453 591 1491 Noct.
613 1454 691 1492 Att.
711 1452 782 1492 lib.
797 1452 827 1489 V
847 1466 931 1502 cap.
956 1453 976 1489 3
995 1466 1004 1488 :
1030 1450 1096 1489 «Is
1115 1460 1242 1489 tamen
1259 1451 1355 1490 Pro-

322 1525 474 1564 tagoras
487 1542 497 1560 ,
531 1513 747 1550 insincerus
782 1511 939 1562 quidem
966 1510 1251 1562 philosophus,
1288 1512 1358 1550 sed

323 1573 535 1611 acerrimus
559 1571 819 1622 sophistarum
848 1571 944 1618 fuit;
975 1570 1179 1621 pecuniam
1212 1571 1358 1622 quippe

322 1633 513 1682 ingentem
537 1644 656 1681 quum
677 1644 698 1668 a
720 1630 923 1681 discipulis
952 1629 1145 1680 acciperet
1170 1642 1352 1680 annuam,

323 1689 576 1742 pollicebatur
592 1702 632 1727 se
648 1689 687 1726 id
705 1689 854 1736 docere,
877 1701 1040 1739 quanam
1060 1688 1274 1727 verborum
1293 1690 1354 1727 in-

321 1749 468 1787 dustria
487 1761 599 1786 causa
627 1748 821 1786 infirmior
838 1749 943 1786 fieret
963 1748 1117 1796 fortior,
1139 1762 1253 1799 quam
1274 1762 1354 1787 rem

321 1811 446 1849 Graeci
462 1811 516 1848 ita
525 1810 703 1848 dicebant
722 1825 730 1847 :
745 1810 801 1849 τὸν
814 1809 910 1856 ἥττω
925 1809 1025 1862 λόγον
1037 1809 1184 1863 κρείττω
1200 1816 1325 1851 ποιεῖν.
1341 1830 1355 1845 »ι

320 1872 472 1908 'l'zetzes
493 1869 656 1908 Chiliad.
676 1883 713 1908 v,
737 1871 813 1919 696
837 1883 845 1906 2
876 1868 989 1916 ἥττων
1012 1868 1112 1919 λόγος
1138 1868 1353 1916 καθέστηκεν

320 1931 338 1967 ὁ
355 1931 422 1967 τῶν
444 1929 711 1981 ἀσθενεστέρων.
740 1928 911 1967 Eandem
931 1942 1009 1967 rem
1041 1929 1189 1967 Socrati
1213 1928 1354 1967 tribuit

320 2043 435 2074 artium
455 2042 621 2083 participes
649 2042 724 2074 sint.
755 2042 844 2080 Quin
861 2042 957 2074 etiam
987 2042 1088 2083 legem
1121 2051 1196 2074 meo
1225 2043 1355 2075 nomine

323 2101 442 2134 condas
454 2126 463 2140 ‚
478 2109 543 2142 qua
561 2101 705 2142 quisquis
717 2101 821 2133 omnis
837 2101 966 2142 pudoris
979 2103 1012 2134 et
1025 2101 1159 2141 justitiae
1176 2109 1290 2142 expers
1307 2103 1357 2134 est

320 2163 471 2202 tanquam
490 2160 587 2201 pestis
602 2160 738 2192 civitatis
759 2163 863 2192 morte
879 2160 1044 2193 multetur.

362 2226 390 2253 5.
410 2222 490 2251 Duae
500 2221 573 2252 sunt
587 2220 627 2252 de
640 2220 727 2252 omni
743 2229 776 2252 re
786 2220 1016 2261 disputationes
1029 2220 1198 2252 contrariae
1212 2220 1293 2253 inter
1309 2228 1353 2253 se.

361 2283 392 2311 6.
412 2280 541 2312 Efficere
561 2281 597 2311 ut
615 2288 710 2311 causa
724 2279 851 2312 inferior
865 2279 1010 2319 superior
1026 2279 1090 2312 fiat.

1422 331 1702 383 Aristophanes
1715 330 1814 370 Nub.
1834 343 1871 370 v.
1897 344 1910 366 1
1924 332 1968 368 13
1989 343 1996 366 ε
2017 322 2106 367 εἶναι
2120 329 2206 381 παρ’
2225 330 2342 373 αὐτοῖς
2355 344 2461 383 φασιν

1421 391 1527 444 ἄμφω
1542 391 1592 429 τὼ
1607 390 1700 442 λόγω
1713 421 1725 441 ,
1750 390 1808 428 τὸν
1824 388 1992 441 κρείττον’
2017 387 2110 432 ὅστις
2126 387 2218 438 ἔστί,
2236 388 2296 428 καὶ
2314 389 2373 428 τὸν
2391 388 2462 437 ἥτ-

1419 465 1514 490 τονα.
1551 449 1697 489 Τούτοιν
1726 450 1783 487 τὸν
1812 448 1928 500 ἕτερον
1951 452 2024 486 τοῖν
2054 447 2183 499 λόγοιν,
2218 448 2278 487 τὸν
2306 448 2460 500 ἥττονα,

1420 514 1518 546 νικᾶν
1550 507 1697 559 λέγοντά
1725 522 1811 559 φασι
1829 505 2059 559 τάδικώτερα.
2082 504 2153 545 Ἢν
2173 501 2234 546 οὖν
2263 507 2379 559 μάθῃς
2399 523 2460 559 μοι

1420 568 1478 607 τὸν
1501 566 1619 605 ἄδικον
1638 570 1758 605 τοῦτον
1780 564 1903 617 λόγον,
1923 565 1945 604 ἃ
1964 569 2023 603 νῦν
2037 564 2167 618 ὀφείλω
2183 565 2240 606 διὰ
2256 566 2312 619 σε’,
2329 567 2462 606 τούτων

1420 628 1487 664 τῶν
1500 628 1612 679 χρεῶν
1626 626 1688 663 οὐκ
1701 624 1743 663 ἂν
1763 624 1930 671 ἀποδοίην
1946 625 2016 663 οὔδ’
2033 623 2074 662 ἂν
2090 623 2214 665 ὄὸολὸν
2233 625 2358 667 οὐδενί.
2381 625 2459 665 Sed

1420 694 1572 737 poetam
1607 684 1859 736 reprehendit
1889 693 2094 724 enarrator
2118 697 2266 734 graecus
2293 685 2342 723 ad
2363 684 2462 724 Nub.

1420 758 1459 783 v.
1486 759 1501 782 1
1513 745 1558 782 13
1578 744 1641 783 his
1660 743 1792 781 verbis
1814 756 1823 783 :
1841 742 2006 797 ψεύδεται
2030 745 2048 782 ὁ
2068 742 2223 793 κωμικὸς
2237 743 2349 794 λέγων
2362 743 2463 798 παρὰ

1422 803 1605 858 Σωκράτει
1627 796 1714 841 εἶναι
1739 802 1798 841 τὸν
1822 801 1943 842 ἄδικον
1962 802 2079 855 λόγον·
2106 803 2145 842 οὗ
2174 802 2243 856 γὰρ
2272 802 2464 858 Σωκράτης

1421 861 1775 914 ἀλλὰ,Πρωταγόρας
1805 864 1823 899 ὃ
1853 861 2061 914 Ἀὅδηρίτης
2089 863 2231 915 ἐφεῦρεν
2267 861 2372 902 αὐτὸν
2402 861 2465 902 καὶ

1419 922 1610 962 ἐδίδασκεν.
1635 921 1898 967 Quintilianus
1916 921 1974 959 lib
1995 921 2031 959 11
2053 935 2140 973 cap.
2174 922 2239 970 16,
2259 922 2281 960 3
2299 935 2309 959 z
2331 939 2348 956 «
2366 921 2462 961 Nam

1419 989 1456 1018 et
1481 980 1634 1018 Socrati
1664 979 1860 1030 objiciunt
1887 981 2050 1028 comici,
2083 980 2224 1019 docere
2242 994 2348 1032 eum,
2363 982 2465 1033 *quo-

1419 1039 1536 1078 modo
1555 1039 1728 1091 pejorem
1746 1052 1898 1077 causam
1921 1040 2122 1078 meliorem
2144 1041 2258 1079 faciat
2282 1055 2292 1079 ι
2314 1049 2354 1080 et
2371 1054 2466 1080 con·

1418 1108 1497 1145 tra,
1525 1097 1673 1136 Tisiam
1707 1106 1745 1135 et
1764 1098 1951 1148 Gorgiam
1981 1099 2130 1138 similia
2157 1099 2258 1138 dicit
2280 1099 2463 1152 polliceri

1418 1158 1541 1197 Plato.
1578 1163 1594 1190 '»
1626 1156 1738 1197 Conf.
1772 1157 1872 1197 Plat.
1909 1158 2026 1210 Apol.
2061 1158 2174 1198 Socr.
2207 1173 2250 1211 p.
2285 1173 2333 1211 19
2362 1159 2393 1197 B
2411 1160 2466 1199 'et

1419 1218 1556 1256 AElian.
1579 1215 1666 1254 Var.
1683 1216 1775 1258 hist.
1794 1217 1868 1257 lib.
1890 1218 1942 1268 Π,
1963 1232 2048 1270 cap.
2081 1219 2195 1268 113.)

1472 1290 1501 1316 7.
1531 1274 1774 1329 Πρωταγόρας
1808 1276 1925 1330 ἔλεγε,
1955 1277 2064 1329 μηδὲν
2092 1270 2181 1316 εἶναι
2213 1276 2305 1328 μήτε
2335 1277 2464 1331 τέχνην

1418 1335 1497 1373 ἄνευ
1519 1334 1665 1386 μελέτης
1685 1334 1775 1385 μήτε
1796 1335 1946 1386 μελέτην
1967 1337 2048 1375 ἄνευ
2067 1336 2210 1389 τέχνης.

1474 1393 1670 1442 (Stobaeus
1691 1393 1796 1435 Flor.
1820 1395 1959 1443 XXIX,
1990 1396 2055 1435 80.
2083 1395 2266 1446 Excerpt.
2289 1395 2460 1436 vindob.

1419 1454 1467 1491 32
1484 1454 1527 1491 in
1545 1452 1653 1491 Stob.
1682 1452 1818 1494 Floril.
1842 1464 1934 1495 tom.
1963 1455 2012 1494 lv
2032 1469 2071 1507 p.
2105 1469 2182 1505 292
2207 1455 2268 1496 ed.
2291 1455 2459 1496 Meinek.

1417 1512 1608 1550 Maximus
1629 1519 1720 1551 tom.
1743 1513 1783 1551 ΙΙ
1805 1527 1845 1565 p.
1869 1515 1943 1563 587
1964 1514 2027 1554 ed.
2045 1513 2277 1566 Combefis.)

1470 1586 1500 1611 8.
1525 1570 1663 1614 Φύσεος
1682 1571 1742 1610 καὶ
1763 1571 1935 1619 ἀσκήσεος
1948 1577 1962 1595 ⁸
1979 1571 2190 1612 διδασκαλία
2217 1573 2334 1612 δέεται
2348 1571 2381 1597 ⁵·
2401 1572 2463 1614 καὶ

1406 1630 1488 1670 ’ἀπὸ
1509 1631 1666 1678 νεότητος
1689 1630 1725 1668 δὲ
1745 1630 1956 1683 ἀρξαμένους
1981 1631 2051 1671 δέει
2067 1637 2082 1656 ⁰
2101 1632 2301 1683 μανθάνειν.

1471 1690 1661 1744 (Cramer.
1686 1690 1829 1731 Anecd.
1855 1692 1980 1732 Paris.
2010 1693 2091 1732 vol.
2120 1691 2136 1730 1
2157 1705 2247 1743 pag.
2274 1706 2363 1740 171,
2389 1691 2460 1731 ubi

1418 1753 1652 1801 Protagoras
1669 1751 1754 1789 haec
1777 1752 1814 1789 ἐν
1833 1753 1883 1804 τῷ
1917 1751 2062 1804 μεγάλῳ
2082 1751 2177 1804 λόγῳ
2208 1751 2355 1791 dixisse
2373 1758 2462 1803 p'er·

1418 1810 1587 1851 hibetur.
1608 1812 1754 1863 Scripsi
1781 1825 1790 1849 ε
1807 1814 1822 1861 ἦ
1837 1809 1956 1862 φύσιος
1975 1810 2035 1849 καὶ
2056 1810 2247 1864 ἀσκήσιος;
2267 1810 2380 1850 codd.
2396 1809 2461 1862 φύ·

1418 1867 1504 1913 σεως
1532 1869 1592 1907 καὶ
1615 1869 1808 1916 ἀσκήσεως.
1830 1893 1883 1900 -
1910 1869 1927 1893 ¹’
1953 1869 2095 1919 δέεται;
2126 1870 2217 1910 cod.
2248 1870 2372 1911 δεῖται.
2407 1888 2458 1904 -

1416 1934 1430 1952 ⁰
1450 1928 1540 1977 δέει;
1560 1930 1645 1970 cod.
1676 1930 1787 1982 δεῖν.)

1459 2046 1491 2075 7.
1510 2045 1702 2084 Protagoras
1730 2043 1838 2078 dicere
1861 2044 2004 2086 solebat,
2029 2044 2111 2076 nihil
2136 2053 2206 2078 esse
2229 2052 2335 2086 neque
2359 2045 2461 2077 artem

1416 2101 1487 2133 sine
1504 2102 1734 2135 exercitatione
1756 2111 1862 2143 neque
1883 2103 2148 2136 exercitationem
2172 2102 2242 2136 sine
2255 2106 2336 2136 arte.

1459 2165 1489 2192 8.
1511 2160 1665 2193 Doctrina
1686 2162 1813 2202 ingenio
1840 2163 1874 2194 et
1911 2162 2141 2195 exercitatione
2160 2162 2302 2204 indiget,
2329 2161 2387 2195 sed
2416 2161 2463 2195 it·

1416 2219 1538 2251 discere
1562 2219 1736 2261 debemus,
1755 2223 1790 2252 ut
1805 2220 1871 2259 jam
1899 2220 1940 2252 ab
1957 2220 2174 2254 adolescentie
2193 2220 2379 2254 studiorum
2394 2219 2462 2253 ini·
2526 2265 2530 2268 ι

1417 2278 1497 2311 tium
1516 2279 1680 2312 faciamus.
