2606 3828
354 294 426 325 ³34

348 378 455 418 Orat.
473 378 534 425 Vl,
549 391 584 428 p.
608 391 692 426 ¹99·
715 375 779 412 list
794 381 917 410 aulem
938 370 1009 408 hoc
1031 369 1285 418 fragmentum
1307 369 1387 406 ini-

349 439 443 477 tium
462 436 597 487 hymni
620 437 660 474 in
678 429 982 483 Frugalitatem.)

401 548 430 574 ο.
451 533 561 573 Ταῦτ’
579 531 664 583 ἔχω,
683 528 758 568 ὅσσ’
779 526 905 578 ἔμαθον
927 524 985 563 καὶ
1003 522 1200 577 ἐφρόντισα,
1221 522 1281 561 καὶ
1298 520 1387 573 μετὰ

1209 582 1386 633 [Μουσῶν

456 650 553 699 σέμν’
591 647 707 694 ἐδάην·
746 643 790 683 τὰ
822 642 857 682 δὲ
895 642 1010 682 πολλὰ
1048 641 1109 681 καὶ
1146 641 1254 756 ὅλὸἱά
1285 644 1388 753 τ’ὗῖος

1235 716 1326 752 εμαρ
1357 715 1384 738 ε.

403 802 615 855 (Diogenes
646 796 822 835 Laertius
851 794 923 834 lib.
945 793 1012 840 vl,
1059 794 1120 831 86.
1142 792 1216 830 Sed
1237 792 1387 830 Plutar-

347 862 440 899 chus
464 870 616 909 quoque
635 857 676 894 in
705 854 839 892 libello
858 852 1063 899 Quomodo
1089 854 1174 903 quis
1202 863 1242 890 se
1261 853 1385 903 ipsum

347 920 444 958 citra
464 916 651 955 invidiam
673 913 830 951 laudare
852 913 976 962 possit
999 925 1084 962 cap.
1120 910 1239 958 XVII,
1260 911 1326 948 vol
1356 910 1389 948 X

346 993 382 1030 p.
414 990 490 1025 ²09
521 975 580 1012 ed.
611 974 778 1019 llutten.,
811 971 881 1009 hos
909 984 1046 1009 versus
1069 969 1213 1008 Crateti
1247 969 1390 1008 diserte

347 1037 547 1085 assignans
567 1041 701 1071 auctor
730 1040 787 1070 est
814 1030 1090 1082 philosophum
1114 1042 1180 1067 eos
1201 1028 1389 1066 Sardana-

347 1096 426 1147 pali
444 1092 648 1132 versiculis
665 1090 909 1143 opposuisse.
926 1088 990 1127 Sic
1005 1089 1107 1127 enim
1123 1087 1262 1126 scribit
1276 1102 1284 1125 :
1296 1087 1388 1126 πάνυ

345 1155 382 1194 δὲ
397 1152 587 1207 χαριέντως
606 1151 666 1189 καὶ
685 1152 703 1188 ὁ
725 1149 869 1203 Κράτης
887 1148 974 1200 πρὸς
996 1146 1048 1186 τό·
1069 1149 1181 1186 Ταῦτ’
1203 1145 1290 1198 ἔχω,
1310 1146 1386 1186 ὅσσ’

345 1212 486 1266 ἔφαγον,
504 1210 563 1250 καὶ
578 1208 764 1263 ἐφύὸρισα,
778 1206 838 1245 καὶ
856 1205 931 1258 μετ’
949 1204 1075 1258 ἔρωτος
1093 1204 1229 1257 Τέρπν’
1243 1204 1388 1244 ἔπαθον·

345 1270 539 1323 ἀντέγραψε
557 1268 608 1308 τό·
631 1266 847 1320 Ὶάῧτ”ἔχω,
862 1265 936 1305 ὅσσ’
950 1265 1092 1315 ἔμαθον,
1112 1264 1171 1303 καὶ
1189 1264 1388 1318 ἐφρόντισα,

346 1330 406 1369 καὶ
428 1328 516 1379 μετὰ
544 1329 694 1367 Μουσῶν
713 1325 818 1376 Σέμν’
836 1325 955 1372 ἐδάην.
973 1324 1128 1376 Quippe
1143 1324 1391 1375 Sardanapa-

344 1389 458 1427 lusin
474 1387 589 1426 busto
610 1399 680 1425 suo
695 1385 816 1424 incidi
831 1384 950 1435 jussit
967 1398 975 1421 :
996 1377 1048 1422 Eli
1066 1382 1184 1430 εἰδώς,
1204 1381 1256 1420 ὅτι
1271 1381 1392 1430 θνητὸς

347 1446 453 1501 ἔφυς,
474 1445 532 1485 σὸν
564 1445 669 1495 θυμὸν
692 1442 789 1491 ἄεξε,
817 1441 1039 1493 Τερπόμενος
1071 1440 1223 1492 θαλίῃσι·
1255 1440 1392 1479 θανόντι

345 1521 399 1545 τοι
440 1504 532 1548 οὔτις
563 1504 692 1550 ὄνησις.
719 1501 793 1542 Καὶ
818 1500 886 1554 γὰρ
923 1499 992 1552 ἐγὼ
1018 1499 1144 1545 σποδός
1165 1502 1250 1550 εἶμι,
1284 1500 1391 1539 Νίνου

348 1564 503 1616 μεγάλης
533 1561 755 1614 βασιλεύσας·
783 1561 895 1600 Ταῦτ’
926 1559 1022 1611 ἔχω,
1059 1559 1133 1597 ὅσσ’
1167 1559 1296 1612 ἔφαγον
1331 1561 1391 1599 καὶ

342 1622 545 1676 ψέφύὸρισα,
579 1621 638 1659 καὶ
671 1619 746 1670 μετ’
777 1619 902 1672 ἔρωτος
936 1617 1068 1670 Τέρπν’
1099 1617 1241 1665 ἔπαθον,
1277 1617 1321 1656 τὰ
1355 1618 1391 1657 δὲ

347 1680 463 1720 πολλὰ
481 1680 541 1719 καὶ
561 1679 663 1718 ὅλῧια
690 1683 785 1717 κεῖνα
818 1677 1011 1716 λέλειπται.
1031 1675 1123 1716 ιἨδε
1154 1675 1242 1729 σοφὴ
1265 1677 1392 1728 βιότοιο

287 1785 289 1787 ,
347 1739 550 1794 παραίνεσις
570 1737 817 1790 ἀνθρώποισιν.
840 1736 927 1774 Vid.
955 1735 1185 1773 Strabonem
1215 1735 1285 1774 lib.
1305 1735 1392 1774 XlV

350 1813 389 1851 p.
409 1800 484 1846 672
506 1798 564 1836 ed.
579 1794 740 1835 Casaub.
757 1794 914 1832 Anthol.
935 1793 1055 1832 Graec.
1075 1794 1141 1843 VI,
1163 1794 1196 1842 Ι,
1215 1808 1296 1846 1,p.
1315 1792 1401 1842 375·

354 1872 432 1909 seq.
465 1857 523 1895 ed.
556 1855 719 1899 Jacobs;
749 1853 976 1893 Athenaeum
1008 1852 1076 1890 lib.
1105 1853 1195 1890 VIII
1225 1867 1263 1904 p.
1293 1855 1389 1903 3363

348 1916 635 1955 'I'lieodoretum
675 1913 723 1951 ad
752 1912 908 1950 Graecos
946 1912 1067 1950 Serm-
1097 1911 1194 1959 XII;
1225 1913 1391 1953 Dionem

349 1976 666 2025 Chrysostomum
681 1973 722 2010 in
741 1971 792 2009 lv
806 1971 854 2009 de
872 1971 1016 2021 Regno.
1037 1970 1146 2008 Adde
1162 1971 1391 2010 Ciceronem

349 2035 416 2085 qui
439 2034 553 2072 Tusc.
575 2033 730 2082 Disput.
759 2030 829 2069 lib.
851 2029 882 2067 V
902 2042 983 2080 cap.
1008 2030 1055 2067 35
1091 2031 1261 2080 elogium
1294 2032 1394 2070 illud

349 2096 404 2132 ita
423 2094 542 2131 latine
575 2092 691 2129 vertit
727 2104 736 2128 ε
771 2090 1025 2137 Ilaechabeo,
1059 2103 1144 2138 quae
1178 2090 1254 2136 edi,
1286 2103 1392 2140 quae-

352 2166 427 2206 que
437 2154 651 2190 eXsaturata
664 2149 788 2188 libido
804 2149 942 2187 Hausit
960 2162 968 2185 ε
988 2156 1027 2186 at
1046 2148 1113 2186 illa
1123 2149 1254 2200 jacent
1271 2150 1392 2188 multa

351 2221 388 2250 et
408 2211 594 2263 praeclara
607 2209 751 2247 relicta.
765 2210 777 2260 )

404 2321 434 2347 6.
457 2304 694 2356 Μνημοσύνης
709 2302 770 2342 καὶ
786 2301 899 2350 Ζηνὸς
918 2301 1119 2353 Ὀλυμπίου
1141 2301 1234 2354 ἀγλὰ
1269 2303 1394 2352 τέκνα,

457 2368 597 2406 Μοῦσαι
617 2363 775 2416 Πιερίδες
788 2391 798 2411 ,
817 2361 920 2401 κλῦτέ
937 2378 996 2414 μοι
1018 2361 1207 2415 εὐχομένω·

458 2425 581 2478 χόρτον
604 2425 672 2475 ἐμῇ
690 2424 841 2475 συνεχῶς
859 2421 936 2461 δότε
955 2421 1115 2475 γαστέρι,
1135 2421 1195 2461 καὶ
1216 2422 1294 2461 δότε
1316 2438 1391 2475 χω-

1322 2481 1397 2536 [εὶς

459 2540 679 2592 δουλοσύνης,
703 2540 724 2588 ἣ
748 2539 790 2588 δὴ
805 2539 900 2579 λιτὸν
916 2539 1019 2589 ἔθηκε
1043 2540 1132 2593 βίον.

726 2598 741 2613 ί
918 2598 934 2615 *R
1111 2600 1129 2617 'k

464 2661 637 2713 ὠφέλιμον
657 2660 693 2696 δὲ
713 2658 844 2711 φίλοις,
864 2658 914 2708 μὴ
931 2658 1096 2710 γλυκερὸν
1113 2658 1236 2700 τίθετε.

465 2718 642 2772 Χρήματα
664 2718 692 2755 δ’
720 2718 783 2755 οὔκ
803 2718 909 2756 ἐθέλω
932 2717 1092 2768 συνάγειν
1114 2718 1224 2756 κλυτά
1237 2748 1248 2769 ,
1268 2718 1395 2758 κανθά-

1172 2778 1256 2830 [ρου
1276 2777 1394 2828 ὅλὸον,

468 2836 650 2889 μύρμηκάς
671 2835 700 2873 τ’
715 2835 835 2889 ἄφενος
848 2835 1016 2888 χρήματα
1034 2835 1220 2886 μαιόμενος
1235 2866 1246 2887 ,

468 2895 558 2934 ἀλλὰ
578 2893 796 2942 δικαιοσύνης
816 2894 974 2946 μετέχειν
992 2895 1053 2933 καὶ
1072 2896 1220 2934 πλοῦτον
1242 2897 1373 2948 ἀγινεῖν

1070 278 1371 318 CYNICORUM
1403 279 1538 318 FRAG
1549 279 1585 317 M
1595 278 1743 318 ENTA.

1554 367 1710 421 εὔφορον,
1729 366 1891 413 εὕκτητον
1903 395 1912 413 ,
1935 364 2050 416 τίμιον
2066 367 2113 410 εἷς
2134 364 2273 418 ἀρετήν.

1553 428 1673 467 'fovee
1703 426 1816 479 τυχὼν
1835 425 1971 478 Ἑρμῆν
1994 424 2054 462 καὶ
2082 423 2227 469 Μούσας
2254 423 2395 474 ἱλάσομ)
2424 423 2488 475 ἅγ-

2391 479 2487 533 [νάς,

1555 546 1594 583 οὗ
1614 545 1784 587 δαπαναῖς
1798 544 1981 597 τρυφεραῖς
1994 571 2005 593 ,
2028 541 2105 581 ἀλλ’
2126 542 2263 593 ἀρεταῖς
2281 539 2405 584 ὁσίαις.

1506 632 1706 684 (Julianus
1726 631 1833 670 Orat.
1853 631 1926 682 vl,
1954 643 2040 682 pag.
2074 643 2146 679 199
2165 629 2194 668 C
2215 643 2223 667 :
2241 627 2298 666 ἵνα
2317 628 2352 667 δὲ
2373 626 2423 679 μή
2442 643 2493 672 τις

1448 690 1610 743 ὑπολάῧῃ
1649 705 1693 739 με
1719 693 1831 728 ταῦτα
1854 689 1966 732 ἄλλως
1996 686 2125 739 λέγειν,
2159 688 2197 726 ἐκ
2232 689 2300 726 τῶν
2321 686 2490 739 παιγνίων

1452 747 1635 800 Κράτητος
1673 747 1774 799 ὀλίγα
1805 762 1859 787 σοι
1890 745 2125 799 παραγράψω·
2166 745 2406 796 Μνημοσύνης
2432 743 2494 784 καὶ

1451 806 1560 853 Ζηνὸς
1581 807 1658 846 κτλ.
1683 807 1823 845 Eadem
1853 814 2005 844 exstant
2026 804 2132 842 Orat.
2163 804 2249 852 vn,
2286 818 2324 856 p.
2353 805 2427 843 213
2449 803 2494 844 B.

1451 866 1518 906 Est
1536 880 1630 905 vero
1652 875 1755 905 totus
1772 866 1840 904 hic
1858 866 1969 904 locus
1991 864 2158 916 pai-odia
2185 864 2320 913 elegiae
2339 862 2495 902 Solonis

1451 926 1553 977 apud
1570 925 1762 964 Stobaeum
1779 924 1881 962 Flor.
1903 923 1972 972 lx,
1993 922 2041 961 25
2058 936 2066 959 ε
2085 922 2324 974 Μνημοσύνης
2339 921 2399 961 καὶ
2418 922 2496 970 Ζηὲ

1450 984 1507 1028 νὸς
1529 983 1730 1035 Ὀλυμπίου
1752 981 1870 1034 ἀγλαὰ
1890 982 2011 1033 τέκνα,
2032 982 2177 1019 Μοῦσαι
2195 980 2370 1034 Πιερίδες,
2388 977 2495 1019 κλῦτέ

1452 1058 1512 1093 μοι
1529 1043 1718 1097 εὖχομένῳ·
1753 1042 1857 1081 &mov
1889 1057 1948 1091 μοι
1985 1043 2070 1095 πρὸς
2089 1043 2175 1082 θεῶν
2212 1038 2382 1091 μακάρων
2416 1037 2495 1077 δότε

1452 1103 1530 1141 κτλ.
1549 1101 1605 1139 Cf.
1626 1103 1734 1142 Poet.
1756 1102 1847 1152 Lyr.
1867 1101 1994 1142 Graec.
2018 1115 2056 1153 p.
2077 1103 2157 1151 339
2175 1098 2236 1138 ed.
2255 1098 2392 1150 Bergk.
2420 1095 2496 1139 Va·,

1454 1161 1531 1199 riat
1552 1161 1668 1200 lectio
1687 1174 1868 1200 versuum
1902 1161 1923 1198 3
1944 1168 1982 1198 et
2011 1166 2032 1205 4
2067 1159 2136 1211 qui
2171 1158 2294 1197 altero
2324 1156 2418 1199 *loco
2450 1156 2495 1196 in

1453 1220 1690 1260 membranis
1710 1221 1767 1259 sic
1794 1218 2022 1258 scribuntur
2051 1234 2059 1256 :
2080 1218 2205 1271 χόρτον
2226 1215 2280 1255 ἀεὶ
2295 1215 2383 1267 (vel
2405 1214 2495 1268 ἐμῇ)

1454 1281 1582 1331 συνεχῆ
1604 1278 1681 1317 δότε
1706 1277 1866 1330 γαστέρι,
1895 1276 1960 1324 ἥτε
1990 1292 2050 1327 μοι
2069 1275 2136 1314 αἷεὶ
2162 1273 2270 1328 χωρὶς
2290 1271 2499 1321 δουλοσύνης

1452 1338 1546 1376 λιτὸν
1565 1337 1668 1385 ἔθηκε
1689 1337 1776 1391 βίον.
1794 1337 1975 1376 Continet
1988 1344 2116 1374 autem
2132 1334 2197 1373 hic
2213 1334 2324 1373 locus
2338 1332 2499 1373 cavilla-

1453 1398 1597 1436 tionem
1612 1406 1748 1436 contra
1769 1397 1960 1448 parasitos
1973 1424 1984 1443 ,
2003 1395 2072 1446 qui
2095 1395 2229 1433 amicis
2261 1406 2340 1432 non
2359 1392 2493 1442 utiles,

1453 1455 1521 1494 sed
1539 1455 1706 1506 jucundi
1731 1453 1938 1508 (γλυκεροί)
1968 1462 2160 1504 coguntur
2177 1465 2287 1500 esse,
2309 1453 2496 1503 quoniam

1453 1523 1589 1552 venter
1618 1515 1791 1566 turpium
1813 1514 1987 1551 omnium
2015 1526 2145 1551 rerum
2181 1511 2292 1550 dator
2321 1509 2501 1549 habetur.

1453 1573 1521 1612 Ait
1552 1574 1656 1612 enim
1686 1573 1808 1612 Linus
1839 1572 2008 1623 (Philos.
2041 1571 2166 1612 Graec.
2198 1571 2346 1620 Fragm.
2372 1570 2452 1609 vol.
2479 1569 2499 1608 1

1453 1646 1492 1684 p.
1514 1633 1607 1684 156)
1626 1631 1727 1679 νηδὺν
1751 1631 1814 1683 μὲν
1831 1630 2000 1684 πρώτιστ’
2017 1631 2173 1682 αἰσχρῶν
2192 1628 2361 1680 δώτειραν
2381 1627 2497 1669 ἁπάν-

1457 1707 1537 1731 των.
1560 1691 1684 1730 Versu
1699 1693 1722 1729 6
1746 1705 1820 1743 pro
1848 1690 1951 1729 ὄλὸον
1973 1690 2096 1727 altero
2121 1689 2208 1727 loco
2227 1688 2371 1737 legitur
2390 1680 2496 1727 οἶτον.

1454 1749 1643 1788 Similiter
1671 1749 1914 1787 Democritus
1947 1748 2071 1799 (Phil.
2099 1747 2166 1798 Gr.
2199 1746 2347 1795 Fragm.
2373 1746 2453 1784 vol.
2476 1743 2495 1783 I

1454 1820 1492 1858 p.
1512 1809 1607 1858 344)
1629 1808 1676 1846 Οἵ
1703 1807 1863 1860 φειδωλοὶ
1883 1805 1940 1844 τὸν
1970 1808 2032 1852 τῆς
2047 1804 2234 1856 ,μελίσσης
2260 1797 2352 1842 οἶτον
2377 1802 2498 1856 ἔχουσι

1455 1866 1573 1914 dixit3
1592 1866 1828 1904 Theocritus
1845 1878 1940 1903 vero
1961 1864 2079 1915 Idyll.
2098 1863 2219 1911 XVII,
2254 1876 2326 1910 107
2346 1860 2499 1914 μυρμάὲ

1455 1940 1524 1963 κων
1545 1927 1695 1964 πλοῦτον
1715 1923 1940 1975 hujusmodi
1959 1923 2115 1962 divitias
2135 1922 2306 1962 vocavit.
2329 1919 2454 1960 Versu
2474 1923 2498 1960 8

1456 1998 1529 2036 pro
1553 1985 1681 2035 ἀγινεῖν
1705 1985 1774 2022 alii
1793 1985 1938 2022 habent
1957 1985 2075 2030 ἀσινῆ.
2098 1982 2287 2020 Caeterum
2309 1979 2444 2021 verbis
2460 1980 2498 2019 οὔ

1457 2044 1629 2088 δαπαναῖς
1645 2045 1831 2097 τρυφεραῖς
1850 2044 1928 2082 κτλ.
1951 2050 2209 2080 consentanea
2231 2048 2321 2080 sunt
2339 2053 2424 2091 quae
2451 2039 2500 2078 de

1461 2103 1631 2152 Diogene
1651 2104 1768 2142 tradit
1787 2102 1969 2141 Julianus
1987 2101 2091 2139 Orat.
2108 2100 2178 2150 vl,
2199 2113 2240 2152 p.
2263 2113 2338 2150 ¹99
2355 2112 2364 2136 ε
2386 2099 2418 2136 εἰ
2436 2096 2500 2147 δέ,

1457 2159 1508 2198 ὅτι
1535 2159 1625 2211 μηδὲ
1658 2161 1842 2214 ἐθεράπευε
1866 2159 1944 2203 τοὺς
1962 2158 2065 2206 νεώς,
2099 2156 2189 2210 μηδὲ
2221 2155 2302 2201 τοὺς
2336 2153 2498 2210 βωμούς,

1457 2218 1565 2275 ρῖεταί
1583 2236 1634 2264 τις
1654 2219 1839 2267 ἀθεότητος
1857 2212 1945 2257 εἶναι
1963 2223 2120 2268 σημεῖον,
2137 2217 2200 2255 οὔκ
2218 2216 2329 2268 ὀρθῶς
2347 2215 2496 2267 νομίζει.

1462 2276 1528 2317 Ἦν
1547 2277 1614 2331 γὰρ
1634 2278 1731 2317 οὐδὲν
1749 2279 1845 2331 αὐτῷ
1871 2279 1938 2315 τῶν
1971 2275 2150 2324 τοιούτων,
2183 2276 2221 2314 οὗ
2239 2273 2445 2321 λιὸανωτός,
2461 2275 2516 2315 οὖ.

1458 2336 1591 2384 σπονδή
1608 2367 1619 2388 ,
1639 2338 1702 2375 οὐκ
1725 2335 1903 2389 ἀργύριον,
1926 2334 2001 2373 ὅθεν
2017 2334 2107 2373 αὐτὰ
2126 2332 2281 2386 πρίαιτο·
2305 2333 2336 2372 εἷ
2363 2332 2400 2372 δὲ
2416 2332 2501 2372 ἐνόει

1458 2395 1539 2447 περὶ
1570 2397 1656 2433 θεῶν
1677 2396 1782 2448 ὀρθῶς
1796 2425 1807 2445 ,
1827 2394 1928 2447 ἤρκει
1951 2396 2052 2432 τοῦτο
2072 2391 2190 2443 μόνον.
2223 2393 2326 2444 Αὖτῇ
2345 2390 2412 2443 γὰρ
2434 2390 2500 2430 αὖ·

1463 2453 1540 2498 τοὺς
1561 2453 1745 2507 ἐθεράπευε
1765 2456 1809 2506 τῇ
1829 2454 1926 2506 ψυχῇ
1939 2482 1949 2498 ,
1965 2450 2074 2494 διδούς
2088 2481 2098 2500 ,
2114 2446 2227 2501 οἶμαι,
2243 2449 2286 2488 τὰ
2307 2447 2501 2500 τιμιώτατα

1459 2516 1527 2551 τῶν
1554 2514 1694 2560 ἑαυτοῦ,
1724 2512 1764 2550 τὸ
1792 2513 2010 2550 καθοσιῶσαι
2046 2510 2111 2558 τὴν
2142 2511 2268 2548 ἑαυτοῦ
2289 2507 2407 2562 ψυχὴν
2441 2508 2500 2547 διὰ

1458 2576 1526 2612 τῶν
1549 2573 1726 2619 ἐννοιῶν.)
2074 2575 2078 2579 ”

1510 2689 1539 2715 7.
1564 2675 1644 2714 Οὐκ
1660 2675 1783 2723 οἶσθα,
1805 2672 1901 2725 πήρα
1923 2670 2069 2720 δύναμιν
2090 2669 2217 2717 ἡλίκην
2239 2667 2312 2721 ἔχει

1556 2733 1690 2785 θέρμων
1712 2748 1749 2771 τε
1769 2731 1878 2785 χοῖνιξ
1901 2730 1961 2770 καὶ
1982 2730 2021 2768 τὸ
2042 2727 2188 2781 μηδενὸς
2211 2728 2345 2780 μέλειν.

1512 2839 1522 2887 (
1536 2839 1649 2877 Teles
1667 2838 1769 2890 apud
1794 2837 1989 2875 Stobaeum
2017 2835 2116 2874 Flor.
2141 2833 2295 2883 XCVII,
2331 2834 2376 2871 31
2403 2847 2412 2870 :
2435 2835 2501 2870 οὐκ

1459 2898 1573 2945 ἀηδῶς
1591 2898 1659 2951 γὰρ
1681 2897 1836 2950 Κράτης·
1854 2898 1932 2935 Οὐκ
1961 2888 2081 2940 οἶσθα,
2104 2893 2205 2947 φησί,
2226 2893 2304 2932 κτλ.
2328 2892 2375 2930 ln
2402 2905 2502 2930 ean-

401 3030 431 3058 5.
451 3027 527 3058 Haec
545 3024 660 3062 liabeo,
678 3031 751 3064 quae
771 3022 867 3054 didici
881 3031 919 3054 ac
939 3022 1111 3056 meditatus
1126 3033 1200 3056 sum
1227 3025 1396 3066 Musisque

360 3083 588 3125 adJuvantibus
616 3081 724 3123 gravia
747 3080 890 3122 percepi;
915 3081 948 3113 at
974 3081 1074 3114 multa
1099 3082 1153 3114 illa
1181 3083 1213 3115 et
1245 3080 1398 3123 praeclara

361 3144 461 3176 fastus
480 3141 624 3174 abstulit.
1283 3148 1286 3152 “

361 3207 391 3235 6.
451 3203 674 3241 mnemosynes
690 3200 721 3232 et
736 3198 825 3231 Jovis
844 3198 985 3239 Olympii
1004 3199 1089 3231 clara
1108 3200 1234 3233 suboles
1246 3224 1255 3241 ,

442 3264 545 3295 Musae
562 3260 713 3302 Pierides,
730 3259 837 3292 audite
849 3267 901 3291 me
913 3260 1110 3299 precantem:

443 3321 550 3353 cibum
565 3320 692 3352 assidue
707 3319 813 3352 ventri
834 3326 904 3350 meo
926 3317 1011 3358 date,
1030 3319 1063 3350 et
1075 3318 1148 3350 date

446 3381 512 3412 sine
530 3379 702 3420 servitute,
719 3386 792 3419 quae
810 3379 939 3411 tenuem
958 3376 1056 3409 eflicit
1071 3377 1192 3408 victum

680 3438 696 3455 t
861 3436 879 3454 ἡ
1065 3435 1083 3452 *

448 3496 556 3529 utilem
576 3505 671 3537 porro
690 3489 820 3537 amicis,
842 3493 908 3528 non
923 3493 1100 3536 jucundum
1118 3494 1222 3527 facite.

1535 3027 1709 3060 Pecuniam
1729 3035 1805 3058 vero
1820 3026 1895 3058 nolo
1911 3033 2024 3065 cogere
2046 3023 2208 3064 inclytam,
2225 3021 2381 3055 scarabaei
2399 3019 2499 3056 felici·-

1534 3087 1740 3127 sormicaeque
1755 3085 1885 3118 divitias
1904 3084 2070 3126 pecuniam
2086 3079 2246 3123 quaerens,
2272 3112 2275 3114 .
2370 3079 2500 3122 [talem,

1535 3146 1591 3179 sed
1606 3146 1743 3188 justitiae
1756 3153 1888 3178 consors
1906 3152 1975 3177 esse
1990 3146 2023 3176 et
2035 3152 2114 3185 opes
2127 3142 2290 3183 acquirere
2421 3138 2500 3181 [sas.

1537 3204 1731 3246 tolerabiles,
1745 3203 1914 3247 parabiles,
1931 3203 1970 3235 ad
1985 3201 2197 3235 exercendam
2218 3200 2372 3234 virtutem
2386 3197 2501 3239 pretio-

1534 3266 1596 3296 Eas
1616 3266 1804 3296 consecutus
1819 3261 2012 3295 Mercurium
2031 3262 2063 3293 et
2081 3261 2190 3293 Musas
2213 3259 2318 3290 castas
2341 3255 2498 3298 placabo,

1534 3331 1598 3354 non
1614 3322 1783 3363 impendiis
1795 3320 1967 3354 luxuriosis
1979 3344 1989 3360 ‚
2005 3319 2061 3352 sed
2078 3318 2250 3351 virtutibus
2265 3315 2399 3349 sanctis.

1461 3383 1490 3413 7.
1536 3383 1681 3421 Ignoras,
1701 3381 1853 3421 quantam
1871 3379 1936 3411 vim
1949 3378 2064 3410 habeat
2082 3385 2157 3418 pera

1536 3443 1568 3472 et
1578 3439 1765 3481 lupinorum
1778 3437 1909 3472 choenix
1921 3438 1955 3471 et
1973 3436 2102 3470 animus
2117 3441 2262 3468 securus.

2596 3290 2606 3497 3
