2638 3840
357 243 453 270 1,le

354 319 495 358 debant
509 327 621 369 atque
645 316 901 367 exagitabant.
925 313 1251 361 Quemadmodum
1268 313 1388 363 igitur

353 378 532 416 Cratinus
551 377 593 415 in
609 377 777 414 Oculatis
791 373 1024 428 (Πανόπταις)
1044 373 1263 424 Hipponem
1287 373 1383 425 (19),

353 437 422 488 qui
444 445 508 474 aut
533 448 672 486 aquam
702 444 767 473 aut
800 433 1000 471 humidum
1030 440 1096 469 aut
1133 445 1270 482 aquam
1305 432 1387 482 igni

354 493 598 545 conjunctam
619 506 748 532 rerum
766 491 1003 543 principium
1021 503 1103 527 esse
1120 489 1387 538 contendebat,

355 553 500 592 facetiis
518 551 746 603 perstrinxit
763 565 770 587 :
785 550 840 588 sic
858 548 1133 599 Aristophanes
1154 548 1195 585 in
1209 547 1388 587 Nubibus

351 614 543 649 Socratem
562 619 742 659 tanquam
759 607 974 657 Sophistam
995 613 1032 642 et
1052 604 1151 643 ἄθεον
1167 605 1244 657 (20)
1260 607 1388 645 omni-

351 669 424 708 bus
444 668 688 707 contumeliis
707 666 876 704 vexavit.
905 665 1059 702 Scilicet
1075 673 1196 715 poetae
1213 664 1278 702 isti
1298 665 1387 715 phi·-

352 729 599 780 losophorum
622 726 786 763 decretis
803 723 995 761 neminem
1016 723 1063 761 ad
1089 722 1186 760 bene
1201 722 1388 774 beateque

351 787 561 825 vivendum
582 785 638 822 uti
669 795 781 834 posse
812 780 1117 828 arbitrabantur,
1144 794 1304 831 eamque
1335 781 1387 819 ob

351 858 500 883 causam
520 846 560 881 in
590 855 655 880 eos
672 841 803 879 invehi
825 848 1113 878 consueverant.
1136 839 1212 877 Nec
1231 839 1388 878 deerant

350 904 417 954 qui
446 903 700 947 affirmarent,
733 898 991 950 philosophias
1030 897 1232 949 prameptis
1269 907 1383 949 atque

350 961 534 998 institutis
571 972 648 996 non
685 957 809 996 solum
844 957 1024 1007 pietatem
1056 956 1244 994 adversus
1272 956 1385 1004 deos,

349 1019 414 1065 sed
433 1019 544 1056 fidem
564 1018 677 1055 etiam
698 1025 736 1054 et
752 1015 971 1054 societatem
994 1015 1149 1064 generis
1165 1015 1326 1052 humani
1347 1008 1388 1053 et

344 1076 535 1127 justitiam
555 1075 639 1113 tolli
654 1104 663 1122 ‚
684 1074 724 1111 in
740 1086 815 1125 qua
829 1072 989 1111 colenda
1005 1074 1205 1111 civitatum
1225 1074 1385 1112 salutem

348 1135 508 1185 positam
525 1146 608 1171 esse
629 1145 762 1170 omnes
782 1131 964 1171 mortales
987 1145 1064 1169 una
1084 1141 1209 1170 mente
1228 1145 1387 1171 consen-

347 1194 460 1233 tiunt.
477 1193 599 1238 Quam
620 1192 778 1229 inimice
807 1191 1080 1242 Aristophanes
1098 1190 1294 1229 Socratem
1324 1193 1387 1229 in-

347 1260 510 1289 sectatus
530 1251 597 1297 sit,
617 1251 781 1300 longum.
805 1258 863 1288 est
884 1249 1014 1287 dicere
1046 1259 1083 1287 et
1117 1249 1166 1287 ab
1196 1250 1270 1287 hoc
1299 1250 1385 1289 loco

348 1310 527 1347 alienum.
550 1309 635 1346 Duo
653 1321 744 1346 vero
762 1307 954 1345 neminem
972 1308 1040 1358 qui
1053 1307 1219 1345 fabulam
1236 1308 1386 1346 Aristo-

354 1368 544 1419 phaneam
576 1375 716 1404 attente
746 1367 883 1417 legerit
916 1375 1141 1416 negaturum
1182 1380 1265 1405 esse
1307 1367 1388 1404 exi-

348 1427 477 1474 stimo,
490 1427 659 1477 primum
673 1426 815 1476 ineptis
829 1425 1146 1463 cavillationibus
1160 1426 1387 1477 sophisticae

348 1485 421 1521 arti
454 1484 645 1535 oppositis
665 1483 857 1521 Socratem
874 1513 884 1530 ‚
908 1484 1177 1535 Sophistarum
1209 1485 1386 1522 adversa-

348 1543 462 1588 rium,
474 1554 552 1580 non
563 1542 667 1591 tangi
681 1557 691 1590 ;
704 1542 844 1580 deinde
859 1551 938 1580 tota
950 1542 1079 1580 fabula
1090 1543 1382 1581 Atheniensium

349 1613 500 1650 mores,
517 1600 646 1651 quales
674 1609 783 1637 erant
803 1600 912 1653 circa
933 1600 1028 1638 belli
1062 1601 1382 1652 Peloponnesiaci

391 1739 456 1781 (19)
490 1739 564 1771 Vid.
595 1740 676 1772 Phil.
698 1741 803 1772 Graec.
834 1741 962 1780 Fragm.
991 1740 1057 1772 vol.
1078 1743 1094 1773 Ι
1119 1750 1149 1780 p.
1179 1743 1215 1773 81
1247 1750 1315 1780 seq,
1343 1759 1386 1764 —

350 1787 418 1827 (20)
441 1789 605 1820 Socratem
623 1788 755 1820 Melium
774 1789 902 1820 vocavit
926 1797 974 1819 vs.
995 1791 1068 1829 830,
1086 1789 1178 1829 quasi
1194 1788 1233 1821 de
1251 1789 1384 1828 Diagora

349 1834 444 1866 Melio
463 1835 646 1875 loqueretur
662 1844 757 1870 auem
773 1836 903 1868 atheum
925 1836 1021 1868 fuisso
1039 1837 1174 1869 constat.
1193 1835 1388 1878 —(21)Ari-

1221 226 1287 264 DE
1325 223 1605 265 SOPHlSTIS.

1450 322 1643 364 tempora,
1679 309 1849 349 irrideri.
1897 309 2175 355 Quamobrem—
2204 310 2414 362 impietatis
2452 321 2491 350 et

1450 371 1631 418 ἀθεότητος
1648 369 1834 407 maculam
1852 382 1931 407 non
1949 378 2026 407 tam
2048 369 2209 419 singulis
2226 369 2323 408 viris
2339 369 2491 420 sapien-

1450 430 1513 468 tiae
1535 428 1777 481 professione
1807 428 1922 466 claris
1949 436 2015 466 aut
2043 427 2112 466 uni
2137 426 2311 475 Socrati,
2338 426 2490 465 homini

1450 488 1596 540 optime
1629 487 1676 524 de
1696 485 1850 525 civibus
1874 486 2131 534 suis‘merito,
2152 499 2267 537 quam
2292 485 2489 524 universis

1450 544 1751 585 Atheniensibus
1771 543 1852 597 (21)
1871 557 2074 596 aspergere
2095 545 2264 584 voluisse
2282 552 2396 596 poeta
2414 557 2489 593 pu-

1449 606 1586 644 tandus
1606 613 1675 643 est.
1693 603 1752 642 lta
1763 604 1867 642 enim
1886 617 1908 642 a
1926 604 2087 655 perenni
2105 611 2391 655 contestataque
2409 615 2488 640 ma-

1445 666 1575 716 jorum
1594 664 1737 701 virtute
1763 661 1844 713 jam
1869 662 2196 712 degeneraverant
2215 662 2484 708 Athenienses,

1449 732 1493 761 ut
1507 723 1598 760 licet
1610 721 1769 773 optimis
1783 720 1932 759 artibus
1947 722 2074 759 ornati
2085 730 2199 772 atque
2210 721 2317 759 omni
2331 720 2488 759 liberali

1449 781 1627 820 doctrina
1639 780 1751 831 politi
1766 787 1905 826 essent,
1923 788 2051 818 tamen
2060 788 2227 818 veterem
2240 779 2488 831 disciplinam

1449 840 1637 878 desertam
1650 868 1661 886 ,
1685 839 1727 876 in
1751 851 1928 876 somnum
1946 851 1968 876 a
1985 837 2156 889 vigiliis,
2179 851 2203 877 a
2221 838 2423 877 laboribus
2438 839 2486 878 ad

1451 898 1684 949 voluptates,
1703 911 1726 936 a
1745 897 1912 947 negotiis
1934 897 1977 936 in
2007 897 2128 936 otium
2148 910 2374 937 conversam
2406 910 2490 936 esse

1450 958 1648 997 civitatem
1686 964 1903 1008 appareret.
1927 955 2062 1007 Itaque
2097 956 2286 1007 querelae,
2307 956 2488 1009 quamvis

1453 1015 1613 1054 forsitan
1633 1015 1787 1053 civibus
1806 1014 2038 1065 quibusdam
2058 1014 2172 1053 bonis
2203 1023 2242 1053 et
2267 1013 2494 1066 reipublicae

1454 1074 1640 1113 studiosis
1668 1073 1895 1112 necessariae
1922 1072 2168 1120 viderentur,
2190 1073 2336 1111 nemini
2365 1081 2494 1111 tamen

1451 1141 1566 1182 gratae
1587 1132 1709 1182 fuere,
1728 1131 1946 1181 comicique
1960 1139 2080 1182 poetae
2099 1130 2192 1170 dum
2209 1143 2337 1169 mores
2359 1143 2490 1169 emen·

1452 1190 1546 1229 dare
1566 1199 1761 1229 conantur
1781 1190 1999 1240 veterisque
2017 1190 2237 1241 disciplinae
2252 1190 2423 1240 rigorem
2449 1201 2494 1228 ac

1456 1251 1702 1289 severitatem
1717 1248 1978 1287 desiderantes
1993 1249 2123 1286 onmia
2136 1249 2177 1286 in
2197 1250 2397 1300 antiquum
2419 1257 2492 1288 sta-

1453 1319 1533 1348 tum
1555 1309 1706 1348 restitui
1726 1307 1888 1359 cupiunt
1901 1335 1912 1354 ,
1941 1307 2040 1346 nihil
2061 1316 2234 1357 egerunt.
2259 1308 2389 1359 Atque
2409 1307 2492 1346 haec

1454 1367 1609 1418 quidem
1638 1367 1686 1406 de
1717 1366 1910 1418 Sophistis
1934 1366 1974 1404 in
1995 1367 2223 1406 universum
2258 1366 2362 1405 dicta
2381 1366 2489 1405 susti-

1451 1426 1568 1466 ciant.

1501 1484 1685 1536 Superest
1716 1493 1758 1523 ut
1794 1485 1842 1524 de
1867 1485 2110 1534 singulorum
2142 1484 2362 1537 sophisticae
2400 1486 2494 1523 artis

1450 1544 1652 1582 doctorum
1672 1544 1768 1591 vita,
1798 1543 1994 1594 moribus,
2028 1545 2145 1583 rebus
2172 1544 2311 1595 gestis,
2333 1542 2491 1595 scriptis

1449 1611 1487 1641 et
1509 1603 1661 1654 placitis
1677 1602 1839 1642 uberius
1859 1603 2062 1642 disseram.

1447 1741 1633 1783 stophanes,
1647 1743 1682 1775 ut
1700 1742 1759 1775 hoc
1773 1750 1873 1774 unum
1890 1748 2152 1782 commemorem,
2166 1741 2248 1775 Nub.
2263 1750 2311 1774 vs.
2329 1743 2466 1775 8184}st
2480 1749 2490 1770 ε

1447 1789 1515 1868 ἴδολὺ
1531 1789 1560 1830 γ’
1571 1789 1641 1869 ἰδοὺί
1649 1789 1697 1822 Δί’
1712 1790 1894 1846 Ὀλύμπιον·
1914 1793 1967 1828 τῆς
1981 1789 2110 1831 μωρίας·
2121 1789 2158 1821 τὸ
2174 1789 2234 1821 Δία
2245 1788 2398 1830 νομίζειν,
2417 1787 2494 1822 ὄντα

1447 1847 1486 1875 τη
1506 1848 1627 1869 ικουτον
1647 1861 1655 1869 .

2618 170 2638 235 ἑὲ

2622 1375 2638 1452 ηιέἕὲῑ
2626 1347 2638 1369 vic
2623 1330 2638 1339 A
2627 1294 2638 1322 ff:-
2627 1235 2638 1288 nex-i·
2633 1218 2638 1226 2
2625 1198 2638 1208 Δ,

2622 2167 2638 2206 ,ῖ-ἐλε
2629 2125 2638 2159 -n
2623 2086 2638 2121 Len-⁴
2631 2076 2638 2082 A·
2629 2045 2638 2060 ,ω

2620 2579 2626 2593 r
2618 2522 2622 2527 '·
2616 2211 2638 2500 'mame-fflffifflnffl„
