2606 3828
516 439 697 539 DE
796 432 1379 539 MAXIMO
1479 434 2056 540 CYNICO.

1150 630 1484 650 *—

274 754 469 793 Maximus
485 750 742 804 Ephesius(x)
756 763 869 803 quem
887 751 954 790 alii
971 752 1167 803 Epirotam
1185 751 1266 790 sive.

221 813 451 866 Byzantium
494 810 614 850 fuisse
652 809 787 862 ajunt,
830 808 980 849 Juliani
1017 808 1266 862 imperatoris

223 879 442 926 preceptor
461 868 626 921 ejusque
643 868 820 921 epistolis
836 867 1066 908 nobilitatus
1079 898 1091 916 ,
1108 868 1266 919 Cynicis

161 951 175 958 -
224 930 474 970 annumerari
486 937 524 967 et
538 936 662 981 potest
672 935 709 966 et
722 929 832 967 solet.
847 926 971 979 liujus
985 927 1105 966 multa
1119 926 1266 976 ingenii

223 996 474 1028 monumenta
498 986 641 1026 litteris
671 986 851 1025 mandata
875 985 1098 1033 exstabant,
1125 985 1270 1037 quibus

223 1060 366 1087 nomen
394 1059 507 1086 suum
528 1044 575 1084 ad
608 1044 911 1085 immortalitatis
929 1044 1155 1083 memoriam
1176 1057 1268 1081 con·

224 1107 402 1147 set-ravit.
427 1104 594 1157 Nempe,
614 1105 646 1143 si
677 1103 774 1144 fides
798 1103 927 1142 Suidae
958 1104 1029 1157 (a),
1050 1102 1267 1142 confecerat

224 1165 371 1204 librum
390 1177 508 1203 unum
531 1163 581 1201 de
612 1161 893 1202 insolubilibus
915 1160 1269 1214 objectationibus,

228 1226 349 1265 alium
371 1223 420 1263 de
446 1222 673 1275 principiis,
695 1220 850 1260 tertium
872 1220 921 1259 de
946 1220 1143 1267 numeris;
1173 1233 1273 1272 prae-

227 1293 334 1324 terea
364 1281 682 1322 commentarium
721 1281 761 1319 in
797 1278 1044 1318 Aristotelem
1081 1279 1133 1329 (3)
1159 1287 1275 1330 atque

230 1343 305 1383 alia
318 1342 495 1394 quaedam
515 1340 715 1379 volumina
733 1338 894 1377 Juliano
912 1337 1087 1376 dedicata
1106 1338 1274 1375 conscri-

230 1410 374 1455 pserat.
398 1399 481 1438 nuc
501 1397 744 1451 pertinebant
763 1397 848 1435 sine
869 1395 991 1435 dubio
1019 1396 1134 1434 etiam
1158 1396 1275 1434 variae

229 1461 532 1503 declamationes
549 1458 705 1513 (μελέται
723 1458 893 1511 διάφοροι)
913 1471 1009 1509 quas
1026 1457 1196 1497 Maximo
1213 1471 1275 1496 so·

230 1522 370 1574 phistae
394 1520 565 1571 assignat
591 1518 756 1557 Photius
775 1518 865 1558 cod.
890 1516 1074 1558 CXXXV.
1093 1517 1168 1556 Sed
1197 1518 1278 1556 vita

232 1579 509 1620 honestissime
538 1586 643 1626 aeta,
661 1577 751 1616 licet
782 1576 1036 1628 amplissimis
1064 1575 1279 1615 honoribus

233 1649 271 1680 et
301 1638 474 1692 praemiis
505 1650 528 1676 a
558 1636 720 1675 Juliano
762 1635 968 1674 decoratus
1000 1643 1122 1682 esset,
1152 1642 1278 1673 tamen

233 1697 340 1751 quod
371 1696 509 1747 magi-‘e
534 1694 736 1733 illecebras
762 1702 984 1744 exerceret,
1002 1693 1113 1745 jussu
1139 1693 1280 1732 Valen-

234 1757 375 1797 tiniani
397 1754 622 1795 interfectus
639 1761 698 1791 est
721 1751 791 1803 (4).
813 1751 962 1790 Etenim
987 1751 1115 1790 virum
1146 1759 1281 1790 caetera

235 1814 435 1865 egregium
452 1825 475 1851 a
491 1810 655 1861 magicis
670 1809 914 1849 vanitatibus
931 1823 1009 1849 non
1031 1809 1281 1849 abhorruisse

239 1871 355 1910 fidem
385 1871 477 1910 facit
505 1868 662 1908 libellus
686 1866 771 1919 ejus
799 1866 880 1918 περὶ
906 1869 1095 1920 καταρχῶν
1125 1867 1212 1906 sive
1234 1866 1283 1904 de

241 1929 429 1982 auspiciis
470 1940 600 1967 rerum
638 1926 896 1965 humanarum
945 1927 1280 1976 negotiorumque.

239 1989 430 2029 Nimirum
449 1987 491 2027 in
510 1986 584 2025 hoc
604 1986 888 2035 astrologorum
907 1984 1016 2023 illius
1034 1985 1156 2023 tetatis
1175 1996 1284 2023 more

239 2049 308 2101 qui
330 2055 539 2098 nugatores
556 2057 638 2084 esse
656 2042 854 2091 solebant,
873 2056 1066 2095 perversae
1085 2042 1284 2095 sapientiae

243 2113 435 2158 proecepta
453 2102 636 2142 versibus
655 2101 784 2141 tradit.
821 2101 923 2140 Bene
939 2109 1063 2140 autem
1083 2099 1286 2139 nobiscum

243 2164 390 2215 agitur,
409 2160 516 2215 quod
535 2161 639 2201 istud
657 2170 736 2199 tum
752 2159 980 2213 philosophi
999 2169 1078 2199 tum
1096 2167 1286 2198 astrorum

244 2222 473 2275 interpretis
506 2233 661 2260 carmen
675 2249 687 2268 ‚
718 2219 894 2271 quamvis
936 2219 1051 2258 initio
1085 2218 1286 2265 mutilum,

242 2294 384 2334 magna
405 2294 455 2320 ex
474 2289 584 2333 parte
612 2288 789 2331 superest
811 2280 850 2318 in
871 2278 1004 2317 codice
1023 2278 1197 2317 mediceo
1218 2278 1288 2328 (5),

244 2352 291 2379 ex
309 2352 390 2391 quo
406 2338 704 2390 transscriptum
716 2337 918 2390 superiore
931 2337 1074 2375 saeculo
1087 2337 1209 2375 edidit
1224 2335 1288 2374 Jo.

246 2398 335 2440 Alb.
353 2397 554 2437 fabricius
571 2397 674 2436 Bibl.
690 2395 819 2435 Graec.
835 2395 913 2434 vol.
927 2394 1013 2434 vul
1031 2409 1069 2447 p.
1089 2395 1164 2440 415
1178 2407 1288 2446 seqq.

246 2458 375 2499 Porro
392 2469 529 2509 poema
550 2455 647 2495 illud
669 2457 709 2495 in
727 2455 943 2508 pedestrem
965 2467 1183 2493 sermonem
1203 2466 1289 2491 vcr-

245 2530 332 2558 sum
356 2524 481 2556 exstat
502 2514 705 2555 florentia
725 2514 765 2553 in
786 2514 917 2553 eadem
941 2513 1182 2552 Bibliotheca
1208 2510 1289 2549 Me-

247 2577 359 2616 dicea
388 2576 462 2627 (6).
487 2573 580 2626 Ejus
607 2573 954 2625 interpretationis,
967 2584 1083 2623 quam
1103 2571 1290 2621 integram

249 2646 335 2675 esse
356 2634 527 2681 scimus,
547 2632 704 2672 initium
723 2639 780 2670 est
800 2644 810 2672 ε
827 2631 902 2675 πῶς
920 2631 940 2668 ὁ
958 2628 1091 2682 τεχθεὶς
1119 2628 1297 2679 ἅνθρωπος

249 2691 508 2748 αὗξιφωτούσης
548 2693 612 2737 τῆς
652 2689 801 2738 σελήνης
834 2689 1034 2741 luitperto<
1078 2686 1176 2726 ἱσται
1215 2688 1293 2724 κτλ.

290 2802 337 2844 (t)
356 2802 502 2835 Socrates
517 2800 595 2834 hist.
614 2799 676 2839 ΙΙΙ,
690 2800 718 2832 t.
733 2796 932 2839 nimpham·
948 2796 989 2833 Χ.
1006 2798 1033 2827 t.
1049 2811 1087 2818 -
1101 2795 1147 2833 (2)
1165 2792 1298 2830 sumn.

250 2850 392 2892 Μάξιμος
402 2872 412 2890 ,
429 2848 621 2890 Ἠπειρώτης
634 2847 654 2884 ἢ
670 2844 831 2884 Βυζάντιος
848 2842 1029 2884 φιλόσοφος,
1042 2841 1208 2873 'touta-0023
1224 2840 1295 2872 Kai-

251 2907 346 2939 σαφος
360 2899 417 2928 τῶ
434 2894 616 2938 παραδότω
630 2894 827 2926 διδάσκαλος.
843 2891 984 2932 Ἔγραψε
999 2890 1068 2930 περὶ
1086 2888 1206 2920 amr-v
1221 2887 1300 2918 am·

251 2942 380 2980 uam.
396 2942 466 2982 περὶ
491 2941 671 2983 nar-neh,
694 2939 764 2980 περὶ
791 2938 940 2980 ἀριθμῶν,
959 2936 1131 2974 ὑπόμνημα
1160 2934 1202 2969 εἰς
1220 2932 1297 2972 Ἀρι·

253 2988 400 3027 σπατίλην
412 2988 465 3020 καὶ
478 2986 556 3019 ἄλλα
566 2987 636 3020 τινα
649 2986 726 3028 πρὸς
737 2986 790 3018 τὸν
803 2984 896 3017 αὐτὸν
909 2983 1088 3015 Ἰουλιανόν.
1097 2979 1138 3013 C(
1157 2978 1300 3013 Eudocia

253 3036 287 3069 lu
306 3034 473 3069 vtttoboe.
490 3032 610 3067 Anae-i.
628 3033 693 3066 vol.
716 3033 728 3065 Ι
745 3041 776 3074 p.
795 3034 866 3065 800.
886 3048 923 3054 -
941 3030 984 3069 (2)
1009 3027 1102 3061 conf.
1116 3026 1298 3068 Simtsslctus

255 3082 288 3115 tn
319 3082 430 3120 caten.
456 3081 512 3113 tot.
544 3083 556 3113 t
583 3087 615 3113 a.
641 3097 682 3108 -
711 3078 757 3119 (t)
798 3080 961 3118 nummu·
990 3075 1047 3107 vit.
1084 3072 1229 3106 manunt.
1260 3088 1297 3095 -—

255 3131 301 3169 (ὁ)
319 3128 436 3161 XXV„
457 3126 537 3168 plut.
555 3128 595 3159 2⁸
611 3127 691 3160 tat·
710 3124 865 3159 mediato
881 3123 983 3157 catat.
1002 3120 1097 3153 codd.
1116 3129 1176 3152 tus.
1198 3128 1246 3160 gr.
1270 3119 1299 3152 ΙΙ

258 3187 288 3216 ιν.
300 3179 351 3208 Μ.
365 3192 404 3199 -
416 3179 463 3214 (o)
479 3174 612 3208 usuum.
626 3173 726 3207 catat.
741 3171 834 3205 codd.
848 3180 905 3204 m«.
920 3179 967 3210 gr.
981 3170 1008 3203 ΙΙ
1024 3178 1055 3210 p.
1073 3171 1126 3206 at.
1141 3176 1188 3199 ιιι.
1205 3165 1297 3199 xvii

1330 752 1505 791 Primum
1523 756 1638 804 caput
1655 760 1712 791 est
1728 750 1807 804 περὶ
1822 750 1976 798 κτήσεως
1991 749 2139 800 δούλων,
2158 748 2368 788 secundum

1329 809 1408 862 περὶ
1427 811 1515 848 πλοῦ
1541 810 1601 848 καὶ
1629 810 1922 861 ἐμπορίας,ιιιι;ιε
1950 809 1990 847 in
2022 807 2198 847 carmine
2217 807 2372 846 deside-

1330 877 1476 907 rantur.
1503 870 1726 920 Sequuntur
1755 869 1881 919 capita
1911 876 1949 905 et
1978 867 2105 919 ipsius
2134 866 2316 905 carminis
2337 875 2374 905 et

1331 927 1663 979 interpretationis
1693 927 1915 966 communia
1945 925 2026 978 περὶ
2061 925 2257 979 ὁδοιπορίας
2287 927 2374 965 sive

1331 985 1512 1035 ξενιτείας,
1531 986 1611 1039 περὶ
1629 986 1764 1037 γάμου,
1790 986 1869 1036 περὶ
1897 984 2023 1035 νόσων,
2037 984 2118 1038 περὶ
2141 985 2273 1034 τομῆς,
2294 984 2375 1036 περὶ

1330 1044 1565 1097 χειρουργίας,
1580 1044 1660 1097 περὶ
1677 1045 1870 1096 δραπετῶν,
1884 1044 1964 1097 περὶ
1980 1043 2114 1083 παίδων
2131 1043 2373 1093 διδασκαλίας,

1332 1103 1411 1158 περὶ
1437 1104 1628 1156 γεωργίας,
1657 1104 1737 1158 περὶ
1757 1105 1826 1143 τῶν
1846 1104 1881 1142 ἄν
1905 1103 2044 1153 δεσμοῖς
2062 1112 2099 1141 et
2119 1100 2199 1155 περὶ
2218 1102 2374 1151 κλοπῆς,

1334 1164 1374 1202 ὶη
1404 1164 1548 1215 quibus
1567 1176 1589 1202 e
1608 1163 1708 1202 lunae
1740 1176 1858 1202 cursu
1882 1175 1952 1214 per
1981 1161 2116 1200 orbem
2147 1160 2377 1210 signiferum

1336 1222 1395 1260 vel
1431 1222 1643 1261 errantium
1683 1222 1882 1260 stellarum
1926 1230 2103 1272 respectu
2148 1220 2378 1265 aestimatur‚

1334 1281 1440 1331 quod
1472 1283 1523 1320 sit
1558 1281 1911 1333 auspicatissimum
1947 1288 2099 1332 tempus
2139 1277 2378 1331 suscipiendi

1335 1340 1488 1379 itineris
1507 1341 1568 1379 vel
1590 1340 1830 1379 matrimonii
1854 1338 2132 1390 contrahendi,
2153 1338 2213 1377 vel
2233 1340 2300 1389 qui
2322 1338 2381 1376 su·

1338 1407 1449 1439 turus
1465 1400 1516 1438 sit
1535 1399 1663 1438 morbi
1690 1408 1868 1449 eventus,
1888 1397 1948 1436 vel
1964 1397 2122 1449 quando
2142 1398 2225 1435 sive
2245 1409 2381 1434 venatu

1339 1458 1459 1496 incidi
1478 1458 1563 1497 sive
1579 1458 1839 1508 chirurgicam
1856 1465 1977 1496 artem
1997 1455 2172 1494 adhiberi
2193 1463 2381 1507 oporteat,

1338 1516 1495 1567 quando
1537 1518 1737 1569 auspicato
1791 1516 2060 1555 conducantur
2099 1516 2227 1564 servi,
2271 1515 2383 1567 pueri

1338 1575 1487 1627 optime
1517 1576 1786 1623 instituantur,
1806 1588 1897 1626 ager
1916 1575 2086 1622 columi-3
2108 1573 2264 1625 quando
2297 1586 2384 1625 spes

1340 1634 1391 1672 sit
1417 1634 1499 1672 fore
1531 1643 1574 1673 ut
1606 1634 1785 1673 homines
1805 1646 1827 1672 e
1847 1633 2016 1672 vinculis
2035 1641 2072 1671 et
2093 1632 2318 1684 captivitate
2337 1631 2385 1670 li-

1341 1691 1526 1732 berentur
1544 1693 1604 1731 vel
1624 1706 1685 1732 res
1703 1692 1848 1731 furtiva
1866 1691 2106 1731 restituatur.
2131 1690 2299 1729 Fuerunt
2317 1689 2384 1741 qui

1343 1750 1514 1790 Maximo
1542 1752 1619 1790 tale
1638 1765 1793 1791 carmen
1826 1750 2095 1803 abjudicarent
2116 1758 2229 1800 atque
2265 1748 2385 1793 illud,

1342 1811 1447 1862 quod
1477 1811 1551 1851 sub
1584 1812 1668 1863 ejus
1696 1813 1854 1850 nomine
1888 1810 2025 1857 fertur,
2061 1817 2185 1861 poetae
2220 1808 2387 1846 Alexan-

1342 1870 1479 1920 drino,
1501 1869 1729 1909 Callimachi
1755 1878 1793 1908 et
1823 1869 2024 1922 Apollonii
2053 1867 2193 1906 Rhodii
2224 1867 2386 1918 annuali,

1345 1928 1561 1968 tribuerent
1592 1930 1660 1982 (7).
1696 1928 1902 1980 Utcunque
1944 1936 2022 1978 cst,
2053 1926 2282 1979 praeclarum
2304 1939 2388 1964 esse

1344 2001 1499 2026 carmen
1518 2001 1633 2026 nemo
1650 1987 1820 2038 negabit.

1400 2047 1551 2086 Accedo
1571 2047 1617 2086 ad
1638 2047 1801 2086 alterum
1818 2045 1906 2098 ejus
1925 2044 2029 2096 quod
2046 2055 2248 2096 superesse
2263 2043 2388 2082 voluit

1348 2107 1501 2147 fortuna
1532 2106 1764 2159 opusculum
1799 2105 1848 2143 ‹le
1884 2105 2138 2142 insolubilibus
2172 2104 2389 2150 «mse-cencio-

1346 2169 1466 2206 m'bus.
1483 2166 1564 2205 noc
1581 2166 1621 2205 in
1638 2164 1875 2204 membranis
1891 2163 2046 2202 Venetis
2065 2163 2111 2202 Ι).
2132 2161 2249 2199 Marci
2268 2160 2389 2200 mni

1348 2237 1384 2264 et
1411 2225 1520 2265 Dxn
1543 2226 1596 2278 (8)
1616 2233 1812 2264 servatum
1842 2223 1993 2275 primus
2014 2222 2054 2260 in
2077 2221 2198 2259 lucem
2231 2219 2392 2270 protulit

1349 2286 1512 2326 Carolus
1530 2284 1748 2336 Stephanus
1770 2281 2053 2332 subjunxitque
2076 2278 2256 2329 Dionysii
2282 2279 2392 2317 llali·

1350 2343 1786 2395 carnassensisepistolae
1797 2340 1844 2380 ad
1857 2340 2083 2392 pompejum
2097 2338 2257 2376 Parisiis
2274 2338 2391 2383 1551..

1353 2407 1489 2445 Postea
1505 2404 1568 2443 Jo.
1585 2403 1671 2442 Alb.
1692 2400 1894 2440 Fabricius
1909 2398 2070 2439 eandem
2091 2397 2393 2448 disputationem

1353 2478 1473 2515 grace
1487 2473 1524 2502 et
1542 2463 1659 2501 latine
1674 2459 1829 2512 repetiit
1846 2458 1885 2497 in
1899 2457 2001 2497 Bibl.
2015 2456 2086 2494 (ir.
2100 2455 2179 2493 vol.
2196 2453 2244 2493 ΙΧ
2262 2468 2300 2506 p.
2319 2455 2396 2506 569

1354 2537 1488 2576 seqq.;
1506 2523 1600 2561 Chr.
1616 2519 1787 2558 Walsius
1805 2527 1931 2556 autem
1951 2516 2078 2555 Rhett.
2107 2514 2232 2554 Graec.
2259 2522 2350 2552 tum.
2366 2513 2394 2551 V

1355 2583 1532 2629 inclusit,
1564 2580 1666 2619 unde
1693 2591 1764 2618 nos
1793 2577 2058 2628 depromunt,
2087 2573 2323 2623 recognitam
2359 2583 2398 2612 et

1355 2652 1530 2683 accurate
1549 2651 1774 2679 conversam
1797 2636 1860 2676 hic
1882 2637 2109 2675 inseremus.
2131 2635 2226 2672 Nam
2243 2633 2396 2684 quomi-

1357 2716 1430 2742 nus
1468 2712 1623 2740 carmen
1664 2698 1794 2737 denuo
1830 2694 2122 2746 divulgaremus
2164 2704 2313 2731 summa
2349 2693 2395 2730 Λ.

1358 2759 1520 2809 Koechly
1552 2767 1589 2797 et
1622 2755 1736 2796 Fre-d.
1780 2753 1954 2794 Diibneri
1990 2751 2141 2791 obstitit
2173 2750 2396 2801 diligentia,

1357 2818 1424 2869 qui
1460 2816 1555 2856 illud
1581 2817 1660 2865 jam
1690 2813 1840 2867 pridem
1862 2824 1949 2851 cum
1979 2810 2208 2864 paraphrasi
2243 2808 2398 2848 Floren-

1358 2877 1438 2915 tiua
1459 2878 1497 2914 in
1524 2873 1772 2914 bibliotheca.-
1790 2870 1907 2923 hujus
1924 2870 2122 2908 volumine
2143 2867 2246 2907 xxti
2267 2867 2398 2920 puhli-

1359 2943 1506 2973 carnut.

1358 3068 1431 3100 cml.
1451 3068 1533 3100 XXX
1542 3067 1596 3099 lv.
1605 3081 1646 3090 -
1655 3065 1701 3105 (7)
1715 3063 1923 3098 Ruhnkenius
1935 3062 2024 3103 Epis-t
2055 3060 2093 3092 ad
2109 3060 2267 3100 lleynlum
2280 3061 2400 3097 (ηιιειια.

1361 3117 1425 3148 vot.
1456 3116 1483 3149 u
1511 3124 1542 3157 p.
1568 3114 1628 3146 ⁶⁸7
1656 3112 1708 3145 ed.
1737 3111 1956 3145 rotumum.
1977 3126 2013 3133 —
2035 3112 2082 3146 (ιι)
2111 3108 2211 3139 eat-t.
2232 3115 2262 3143 ιι.
2292 3107 2351 3138 ²711
2370 3109 2401 3138 et

1358 3166 1431 3197 27⁵.

1151 3327 1525 3353 *—
