2638 3840
711 255 941 304 EJUSQUE
969 255 1255 298 DISCIPULIS
1283 259 1348 298 ET
1376 257 1795 298 SUCCESSORIBUS.

178 360 238 391 ter
265 349 399 389 omnia
422 346 553 397 habet,
584 345 652 385 sed
685 358 826 397 nempe
850 345 940 383 aliis
965 345 1127 384 tradidit
1151 346 1223 384 ha-

174 408 316 450 benda.
333 407 394 447 Ad
414 407 543 458 ipsum
562 404 628 444 hic
654 418 756 444 unus
779 417 873 443 usus
901 405 1086 457 pertinet,
1119 406 1225 456 quod

175 468 309 508 utendi
326 467 443 507 etiam
466 465 651 505 omnibus
683 477 800 504 causa
824 473 883 503 est
919 478 928 503 ε
960 467 1121 517 sapiens
1146 473 1223 503 tam

174 542 289 580 aequo
308 527 442 566 animo
461 526 596 565 omnia
612 523 719 577 apud
745 524 843 563 alios
864 523 974 562 videt
994 525 1224 563 contemnit-

173 602 263 641 que,
281 601 397 640 quam
431 586 601 639 Jupiter.
641 584 689 624 Et
718 584 795 623 hoc
821 597 863 623 se
891 586 1014 635 magis
1046 583 1225 636 suspicit,

174 648 281 700 quod
300 647 458 699 Jupiter
474 646 533 685 uti
556 644 638 684 illis
667 657 749 684 non
780 652 910 696 potest
924 671 936 691 ,
963 643 1121 696 sapiens
1146 657 1226 682 non

172 706 271 745 vult.
296 706 510 745 Credamus
540 705 673 756 itaque
693 703 854 750 Sextio,
875 705 1111 743 monstranti
1134 704 1224 755 pul-

174 765 414 805 cherrimum
434 764 511 803 iter
525 772 564 802 et
577 762 760 802 clamanti
777 775 790 802 ε
814 762 895 801 Hac
917 762 998 801 itur
1017 763 1066 802 ad
1087 772 1191 802 astra
1212 777 1221 800 :

173 824 247 864 hac
265 823 482 865 secundum
503 820 764 874 frugalitatem
779 837 791 870 3
804 821 878 860 hac
898 822 1113 861 secundum
1134 830 1227 861 tem·

2228 271 2332 301 XXXI

1287 356 1402 398 atque
1426 347 1504 386 alia
1531 347 1726 392 describi,
1760 355 1798 384 et
1824 346 2095 396 migrationem
2115 359 2199 386 esse
2218 361 2333 399 quam

1286 405 1454 445 dicimus
1472 406 1660 444 mortem?
1686 404 1771 444 Non
1795 404 1923 443 credis
1955 405 1997 443 in
2035 405 2097 444 his
2117 406 2335 457 pecudibus

1286 465 1429 506 ferisve
1453 474 1518 503 aut
1550 478 1651 517 aqua
1677 464 1816 502 mersis
1837 464 1949 502 illum
1976 465 2173 515 quondam
2207 465 2335 504 homi-

1287 524 1350 562 nis
1384 525 1556 562 animum
1584 524 1760 563 morari?
1786 522 1874 562 Non
1908 523 2036 562 credis
2067 524 2166 562 nihil
2204 526 2336 576 perire

1286 582 1328 621 in
1353 582 1428 621 hoc
1448 583 1615 630 mundo,
1632 583 1701 622 sed
1729 591 1879 622 mutare
1898 583 2127 633 regionem?
2150 597 2221 622 nec
2242 593 2334 622 tan-

1286 648 1366 679 tum
1385 643 1557 681 coelestia
1571 656 1642 694 per
1658 651 1785 682 certos
1807 642 1996 681 circuitus
2023 644 2146 692 verti,
2163 644 2230 682 scd
2251 646 2337 684 ani-

1285 702 1403 739 malia
1418 715 1574 753 quoque
1587 715 1656 754 per
1666 702 1774 741 vices
1792 702 1871 752 ire,
1886 710 1924 740 et
1937 702 2092 741 animos
2112 717 2182 754 per
2196 703 2332 742 orbem

1285 760 1375 810 agi?
1407 761 1538 810 Magni
1560 761 1634 799 ista
1664 761 1915 800 crediderunt
1943 761 2037 802 viri.
2063 761 2199 813 ltaque
2228 762 2337 814 judi-

1286 822 1389 858 cium
1411 820 1569 871 quidem
1589 829 1698 859 tuum
1713 821 1861 860 sustine
1883 829 2087 860 :caeterum
2108 823 2242 860 onmia
2264 823 2335 863 tibi

172 884 409 936 pei-amiam
421 883 494 926 hac
507 877 721 922 secundum
731 881 1018 921 fortitudinem.
1035 880 1122 920 Non
1136 890 1227 921 sunt
1284 882 1439 931 integra
1454 894 1583 920 serva.
1603 880 1642 918 Si
1662 894 1758 919 vera
1773 889 1864 920 sunt
1882 880 1975 929 ista,
1993 880 2231 921 abstinuisse
2251 884 2337 922 ani-

174 943 231 982 dii
253 942 461 990 fastidiosi,
485 955 564 981 non
592 941 723 981 invidi
751 955 760 979 z
788 940 1000 980 admittunt
1020 950 1059 980 et
1086 954 1225 980 ascen·
1285 939 1456 978 malibus
1473 940 1698 978 innocentia
1726 949 1785 978 est
1806 954 1815 977 ε
1840 940 1875 979 si
1904 940 2014 986 falsa,
2037 940 2243 992 frugalitas
2257 952 2330 981 est.

172 1001 358 1042 dentibus
386 1014 543 1040 manum
571 1002 797 1054 porrigunt.
832 999 994 1040 Miraris
1024 1000 1223 1040 hominem
1254 983 1258 1035 l
1284 999 1495 1046 Quodistic
1506 998 1831 1038 crudelitatistuae
1842 999 2026 1038 damnum
2043 1002 2127 1039 est?
2145 1001 2340 1041 Alimenta

174 1062 224 1101 ad
243 1061 337 1100 deos
370 1061 452 1100 ire?
483 1061 588 1099 Deus
621 1062 671 1100 ad
702 1060 885 1099 homines
921 1060 1043 1108 venit,
1083 1060 1224 1108 immo,
1285 1059 1361 1098 tibi
1388 1059 1545 1098 leonum
1573 1066 1611 1097 et
1635 1059 1837 1097 vulturum
1861 1059 2005 1111 eripio.
2036 1059 2106 1098 His
2128 1060 2337 1100 instinctus

173 1120 281 1172 quod
306 1120 473 1173 propius
493 1129 567 1167 est,
588 1120 631 1159 in
656 1120 842 1159 homines
859 1119 985 1158 venit.
1004 1119 1123 1159 Nulla
1140 1121 1225 1159 sine
1255 1107 1258 1132 '
1285 1118 1739 1176 abstinerepnimalibus
1758 1119 1860 1170 coepi
1874 1146 1885 1165 ,
1909 1127 1946 1157 et
1963 1132 2066 1157 anno
2086 1129 2242 1171 peracto
2260 1134 2340 1159 non

175 1180 259 1219 Deo
278 1193 390 1219 mens
414 1179 522 1218 bona
540 1189 612 1220 est.
639 1179 798 1218 Semina
816 1180 859 1218 in
886 1178 1122 1231 corporibus
1151 1179 1226 1218 hu·
1255 1166 1258 1218 l
1285 1188 1434 1217 tantum
1457 1178 1582 1216 facilis
1593 1187 1675 1216 erat
1687 1178 1784 1217 mihi
1801 1178 2141 1226 consuetudo,sed
2160 1179 2300 1220 dulcis.
2318 1199 2334 1215 υ

176 1240 303 1279 manis
319 1239 457 1278 divina
475 1239 652 1292 dispersa
671 1248 778 1279 sunt.
796 1239 892 1286 Quae
908 1238 943 1277 si
953 1238 1084 1278 bonus
1098 1241 1227 1279 cultor

174 1299 338 1351 excipit,
355 1299 504 1338 similia
525 1298 670 1349 origini
687 1298 899 1351 prodeunt,
911 1305 950 1336 et
965 1299 1078 1350 paria
1094 1299 1157 1338 his
1178 1313 1227 1338 ex

175 1357 319 1411 quibus
340 1367 426 1397 orta
447 1366 539 1397 sunt
563 1367 729 1409 surgunt
755 1372 765 1396 t
787 1358 821 1397 si
844 1358 983 1405 malus,
1006 1372 1087 1397 non
1108 1359 1224 1397 aliter

173 1431 292 1468 qnam
305 1417 448 1457 humus
460 1418 606 1457 sterilis
619 1431 664 1457 ac
676 1418 871 1470 palustris,
882 1426 1007 1464 necat,
1022 1431 1067 1456 ac
1083 1418 1226 1457 deinde

173 1485 279 1516 creat
298 1485 554 1530 purgamenta
578 1491 652 1530 pro
675 1476 870 1528 frugibus.
893 1495 909 1511 υ

228 1536 351 1576 Multa
376 1550 400 1576 a
439 1537 694 1590 Pythagoreis
730 1545 931 1576 mutuatus
963 1546 1022 1576 est
1054 1537 1226 1578 Sextius.

176 1594 351 1647 Namque
369 1608 504 1635 eorum
520 1609 631 1635 more
645 1597 753 1647 (215)
771 1595 847 1635 hoc
861 1595 1047 1646 faciebat,
1069 1606 1112 1635 ut
1132 1611 1224 1636 con-

174 1663 367 1694 summato
380 1655 447 1695 die
459 1669 580 1708 quum
595 1669 637 1695 se
655 1656 705 1695 ad
719 1664 950 1695 nocturnam
970 1656 1140 1708 quietem
1165 1671 1227 1696 re-

174 1715 340 1767 cepisset
352 1715 611 1767 interrogaret
624 1717 817 1763 animum,
828 1715 935 1767 quod
947 1715 1064 1754 hodie
1081 1717 1226 1756 malum

173 1781 284 1813 tuum
298 1774 470 1813 sanasti?
485 1775 549 1815 cui
569 1775 668 1814 vitio
684 1774 900 1815 obstitisti?
916 1789 995 1827 qua
1012 1785 1125 1826 parte
1150 1790 1228 1816 me-

174 1831 255 1872 lior
271 1834 339 1872 es?
361 1833 557 1873 Carnibus
576 1834 683 1874 vesci
698 1848 786 1873 cum
806 1836 893 1887 ipse
908 1835 1034 1874 noluit
1054 1836 1225 1888 Sextius,

174 1899 258 1930 tum
273 1892 424 1931 sodales
436 1893 487 1932 iis
505 1892 703 1932 abstinere
717 1893 852 1946 jussit,
880 1894 989 1946 quod
1003 1894 1095 1933 vitae
1116 1895 1227 1935 insti-

175 1959 258 1990 tum
269 1959 404 2004 postea
422 1960 460 1990 et
478 1951 633 1991 Sotioni
646 1953 807 2005 placuit.
829 1954 891 1993 De
910 1962 1078 2006 utroque
1092 1955 1148 1994 sic
1161 1956 1227 1995 Se-

181 2023 279 2049 neca
291 2011 411 2063 epist.
433 2013 521 2051 108.
541 2028 557 2045 α
581 2010 777 2057 Quoniam
797 2013 900 2065 coepi
918 2012 990 2052 tibi
1006 2026 1224 2065 exponere,

175 2078 363 2120 qnantum
384 2069 526 2122 majori
545 2070 695 2121 impetu
715 2070 766 2109 ad
792 2071 1089 2124 philosophiam
1106 2072 1222 2124 juve-

176 2128 242 2168 nis
264 2132 508 2178 accesserim,
531 2143 647 2182 qnam
666 2143 786 2170 senex
805 2144 982 2183 pergam,
1004 2144 1083 2170 non
1102 2133 1228 2184 pude-

178 2186 240 2228 bit
257 2188 384 2237 fateri,
410 2203 527 2242 quem
548 2190 646 2229 mihi
667 2203 843 2229 amorem
869 2190 1103 2243 Pythagorae
1131 2192 1228 2244 inje-

176 2249 274 2288 cerit
308 2249 462 2291 Sotion.
502 2249 697 2296 Docebat,
732 2262 854 2302 quare
891 2249 961 2288 ille
991 2249 1228 2290 animalibus

175 2307 448 2360 abstinuisset,
482 2323 605 2362 quare
639 2318 775 2363 postea
802 2310 971 2349 Sextius.
1007 2310 1226 2350 Dissimilis

178 2369 339 2420 utrique
359 2382 474 2408 causa
497 2379 581 2409 erat
595 2398 606 2418 ,
628 2370 696 2409 sed
718 2370 878 2422 utrique
899 2371 1121 2421 magnifica.
1150 2371 1221 2410 llic

177 2426 331 2467 homini
353 2430 447 2468 satis
472 2429 750 2469 alimentorum
772 2430 873 2469 citra
893 2430 1124 2482 sanguinem
1145 2444 1227 2470 esse

180 2486 376 2536 credebat,
391 2497 431 2527 et
447 2488 687 2528 crudelitatis
699 2489 1020 2530 consuetudinem
1036 2490 1137 2536 fieri,
1158 2490 1226 2529 ubi

177 2545 221 2586 in
239 2546 479 2599 voluptatem
493 2557 594 2587 esset
607 2548 772 2589 adducta
787 2550 988 2590 laceratio.
1008 2548 1229 2602 Adjiciehat

177 2605 479 2646 contrahendam
500 2609 701 2647 materiam
715 2621 800 2649 esse
813 2609 996 2657 luxuriae,
1019 2608 1228 2660 colligebat

177 2663 292 2704 bonae
318 2665 535 2706 valetudini
570 2668 768 2707 contraria
795 2681 880 2708 esse
899 2668 1085 2707 alimenta
1116 2670 1227 2707 varia

176 2731 215 2762 et
249 2724 393 2764 nostris
434 2725 562 2765 aliena
604 2725 854 2780 corporibus.
893 2728 945 2767 At
981 2726 1227 2779 Pythagoras
1259 2775 1261 2778 Α

178 2781 353 2821 omnium
378 2782 481 2823 inter
499 2784 632 2823 omnia
650 2786 921 2836 cognationem
944 2798 1029 2825 esse
1048 2785 1225 2835 dicebat,

177 2848 216 2879 et
235 2840 402 2881 aliorum
423 2845 701 2884 commercium
718 2846 760 2884 in
780 2845 877 2885 alias
893 2853 1010 2897 atque
1032 2845 1131 2885 alias
1149 2846 1227 2885 for·

178 2911 261 2938 mas
279 2902 574 2943 transeuntium.
601 2902 730 2954 Nulla,
748 2905 782 2943 si
810 2904 868 2944 illi
901 2904 1059 2952 credas,
1098 2906 1228 2944 anima

177 2956 333 3010 interit,
360 2972 432 2999 nee
450 2970 573 3001 cessat
589 2962 748 3014 quidem
764 2964 840 3003 nisi
860 2972 1035 3016 tempore
1055 2964 1200 3014 exiguo
1213 2996 1223 3014 ‚

178 3016 271 3057 dum
291 3018 333 3058 in
358 3019 467 3060 aliud
495 3035 639 3075 corpus
669 3023 973 3063 transfunditur.
999 3022 1228 3064 Videbimus

178 3089 250 3129 per
270 3091 368 3130 quas
390 3087 611 3133 temporum
640 3082 748 3122 vices
767 3091 805 3122 et
823 3082 982 3135 quando
1017 3084 1228 3134 pererratis

178 3136 359 3188 pluribus
369 3138 584 3180 domiciliis
602 3141 644 3180 in
657 3141 854 3181 hominem
866 3150 1083 3181 revertatur
1100 3155 1108 3179 z
1127 3142 1228 3181 inte·

178 3195 252 3235 rim
270 3196 431 3237 sceleris
444 3198 672 3240 hominibus
682 3214 727 3240 ac
739 3201 944 3254 parricidii
963 3209 1105 3240 metum
1120 3201 1224 3251 fecit,

178 3266 298 3306 quum
319 3258 471 3308 possint
496 3258 536 3297 in
558 3260 731 3311 parentis
746 3261 916 3299 animam
943 3260 1059 3299 inscii
1086 3260 1228 3300 incur-

178 3323 287 3361 rere,
309 3323 347 3353 et
374 3315 478 3355 ferro
506 3330 688 3358 morsuve
708 3319 857 3359 violare
886 3334 894 3357 ε
929 3319 968 3357 in
989 3332 1068 3371 quo
1088 3332 1229 3371 cogna-

179 3379 242 3413 tus
256 3373 400 3426 aliquis
421 3377 584 3428 spiritus
610 3377 886 3431 hospitaretur.
907 3378 995 3417 Haec
1014 3391 1134 3430 quum
1154 3392 1229 3419 ex—

180 3433 370 3483 posuisset
390 3434 525 3475 Sotion
550 3444 589 3476 et
620 3437 819 3489 implesset
850 3437 1090 3488 argumentis
1108 3438 1191 3479 suis
1213 3455 1222 3479 ε

179 3486 265 3530 Non
308 3492 455 3543 credis,
492 3495 641 3547 inquit,
681 3494 830 3536 am‘mas
862 3497 904 3535 in
935 3497 1013 3537 alia
1054 3510 1222 3551 corpora

1285 1238 1393 1277 ldem
1422 1238 1470 1276 de
1496 1238 1560 1276 lra
1578 1238 1648 1276 lib.
1671 1238 1709 1276 ll
1741 1251 1827 1290 cap.
1861 1239 1910 1276 36
1934 1252 1943 1276 :
1971 1256 1988 1273 ει
2011 1237 2269 1288 Quibusdam,
2298 1249 2341 1279 ut

1257 1342 1259 1351 ι
1288 1299 1343 1337 ait
1357 1298 1534 1349 Sextius,
1561 1298 1672 1337 iratis
1707 1298 1858 1350 profuit
1883 1299 2083 1350 aspexisse
2115 1299 2335 1350 speculum.

1257 1359 1259 1408 ᾗ
1287 1357 1538 1396 Perturbavit
1555 1357 1646 1396 illos
1664 1365 1770 1396 tanta
1786 1357 1951 1395 mutatio
1966 1357 2025 1395 sui
2045 1371 2054 1395 :
2074 1357 2182 1396 velut
2198 1358 2239 1396 in
2258 1372 2340 1397 rem

1287 1425 1518 1468 praesentem
1543 1416 1699 1455 adducti
1719 1430 1799 1455 non
1818 1425 2061 1467 agnoverunt
2081 1429 2136 1455 se.
2162 1416 2207 1454 Et
2221 1430 2341 1468 quan-

1288 1476 1412 1514 tulum
1446 1489 1495 1514 ex
1522 1489 1615 1514 vera
1645 1475 1895 1514 deformitate
1924 1475 2053 1525 imago
2082 1475 2152 1513 illa
2180 1477 2339 1527 speculo

1286 1547 1517 1586 repercussa
1540 1533 1763 1573 reddebat?
1785 1534 1940 1573 animus
1960 1534 1994 1572 si
2020 1533 2173 1572 ostendi
2194 1543 2232 1573 et
2248 1538 2279 1574 si
2301 1536 2340 1574 in

1257 1591 1259 1599 ¹
1288 1593 1370 1631 ulla
1405 1593 1567 1632 materia
1598 1594 1802 1646 perlucere
1844 1601 2000 1646 posset,
2038 1593 2235 1633 intuentes
2270 1609 2341 1634 nos

1286 1653 1554 1701 confunderet,
1572 1662 1654 1692 ater
1683 1653 1997 1704 maculosusque,
2018 1661 2184 1692 aestuans
2203 1662 2241 1692 et
2261 1654 2341 1693 dis·

1286 1719 1411 1751 tortus
1430 1721 1469 1751 et
1492 1712 1678 1751 tumidus.
1706 1712 1816 1752 Nunc
1840 1724 1998 1764 quoque
2018 1720 2124 1750 tanta
2149 1713 2343 1752 deformi-

1286 1779 1344 1810 tas
1354 1771 1439 1824 ejus
1452 1781 1511 1812 est
1523 1786 1594 1825 per
1610 1786 1699 1811 ossa
1712 1784 1926 1824 carnesque
1933 1780 1971 1809 et
1987 1780 2043 1809 tot
2059 1772 2339 1824 impedimenta

1286 1830 1483 1870 effluentis
1505 1846 1514 1870 ε
1537 1832 1634 1883 quid
1651 1832 1686 1871 si
1707 1832 1836 1871 nudus
1854 1831 2155 1871 ostenderetur?
2181 1850 2196 1867 u

1339 1892 1467 1939 Quum
1491 1901 1618 1931 autem
1635 1893 1789 1931 Sextius
1813 1891 1970 1931 familiae
1987 1892 2172 1944 princeps
2200 1901 2238 1931 et
2253 1907 2342 1944 cog-

1286 1952 1457 1991 nominis
1485 1951 1712 2004 philosophi
1742 1959 1853 2003 pater
1887 1950 2014 2003 majus
2044 1964 2143 2002 opus
2183 1966 2343 2004 compo-

1288 2011 1414 2051 suisse
1449 2011 1642 2059 videatur,
1671 2024 1692 2050 e
1719 2025 1798 2062 quo
1833 2011 1971 2063 procul
2002 2009 2126 2049 dubio
2160 2021 2341 2064 excerpta

1286 2079 1378 2109 sunt
1399 2084 1485 2121 quae
1508 2071 1611 2123 apud
1644 2072 1829 2109 Senecam
1865 2079 2019 2109 exstant
2050 2083 2214 2123 quaeque
2240 2071 2343 2110 Por—

1287 2130 1454 2183 phyrius
1476 2130 1734 2183 (216)Quaest.
1751 2131 1910 2171 Homer.
1932 2132 1982 2169 26
2004 2130 2117 2169 affert
2135 2145 2144 2168 :
2169 2131 2343 2170 enchiri-

1287 2190 1382 2230 dion
1399 2191 1497 2230 illud
1519 2205 1647 2242 graeco
1678 2204 1858 2231 sermone
1889 2192 2107 2230 confectum
2130 2192 2236 2243 quod
2260 2192 2337 2231 ltu-

1289 2249 1391 2289 finus
1407 2251 1527 2290 latine
1544 2251 1677 2299 vertit,
1696 2251 1831 2290 Sextio
1852 2252 1936 2290 filio
1956 2251 2180 2291 tribuerim.
2203 2252 2337 2303 Neque

1289 2317 1348 2347 est
1367 2323 1438 2348 cur
1458 2311 1507 2348 de
1532 2309 1625 2349 libri
1644 2311 1874 2349 auctoritate
1907 2309 2146 2350 dubitemus.
2166 2310 2341 2350 Primum

1289 2368 1394 2407 enim
1407 2369 1486 2408 loci
1501 2382 1637 2408 omnes
1648 2371 1696 2408 ab
1716 2369 2070 2421 Origene‚.loanne
2085 2370 2340 2419 Damasceno,

1288 2426 1463 2466 Antonio
1482 2436 1520 2466 et
1546 2428 1719 2467 Maximo
1738 2441 1760 2467 e
1785 2441 1914 2478 graeco
1940 2429 2122 2481 exemplo
2147 2429 2342 2481 depromti

1289 2486 1453 2525 mirifice
1477 2496 1699 2538 congruunt
1734 2502 1822 2527 cum
1858 2488 1989 2528 Rufini
2022 2490 2343 2542 interpretatione

1288 2546 1433 2595 latina,
1469 2546 1610 2586 deinde
1634 2548 1754 2586 multa
1775 2557 1856 2587 tum
1890 2548 2227 2600 Pythagoreorum
2260 2559 2340 2590 tum

1290 2606 1459 2645 aliorum
1474 2606 1800 2659 philosophorum
1817 2606 1938 2655 dicta,
1958 2620 2045 2659 quae
2061 2607 2188 2655 Plato,
2210 2608 2340 2647 Xeno-

1288 2664 1410 2717 phon,
1436 2665 1629 2717 Diogenes
1642 2667 1836 2714 Laertius,
1852 2666 2110 2719 Demophilus
2125 2698 2136 2718 ,
2154 2668 2332 2708 Clemens

1290 2724 1593 2773 Alexandrinus,
1616 2726 1818 2765 Hierocles
1833 2726 1875 2764 in
1896 2726 2190 2766 Commentario
2205 2727 2253 2766 ad
2270 2742 2339 2767 au·

1288 2794 1398 2821 reum
1415 2796 1589 2835 carmen,
1608 2783 1853 2837 Porphyrius
1869 2785 1911 2824 in
1932 2785 2099 2837 epistola
2113 2786 2159 2824 ad
2176 2786 2339 2825 Marcel-

1290 2841 1366 2880 lam
1382 2856 1544 2882 uxorem
1561 2843 1709 2896 aliique
1732 2844 1948 2896 scriptores
1967 2844 2095 2884 Graeci
2113 2854 2335 2895 servarunt,

1288 2899 1330 2940 in
1352 2901 1425 2942 hoc
1454 2901 1589 2942 libello
1622 2904 1886 2956 reperiuntur.
1921 2904 2035 2951 Quod
2070 2919 2150 2957 quo
2186 2905 2339 2945 facilius

1290 2958 1581 3012 intelligeretur
1603 2961 1652 3001 ad
1672 2962 1828 3013 singula
1850 2962 1981 3011 effata,
2003 2964 2044 3003 in
2064 2963 2210 3015 quibus
2231 2973 2336 3003 vete-

1287 3018 1344 3058 ris
1370 3021 1570 3073 sapientiai
1595 3022 1761 3073 vestigia
1781 3031 1994 3075 apparent,
2010 3022 2153 3062 breves
2174 3033 2336 3062 annota-

1289 3080 1414 3120 tiones
1446 3082 1628 3134 apposui.
1674 3081 1732 3121 lta
1772 3081 2056 3131 demonstrata,
2094 3083 2222 3134 quoad
2250 3083 2340 3134 ejus

1289 3138 1374 3178 fieri
1410 3148 1562 3193 potest,
1601 3140 1726 3181 libelli
1763 3142 2018 3194 antiquitate,
2055 3151 2159 3195 patet
2198 3156 2336 3181 corum

1288 3199 1570 3252 explodendam
1588 3214 1673 3241 esse
1686 3204 1913 3241 sententiam
1931 3203 2000 3254 qui
2015 3203 2089 3241 tale
2104 3203 2334 3254 opusculum

1290 3257 1341 3297 ab
1359 3258 1521 3299 homine
1542 3259 1763 3300 christiano
1792 3261 2011 3312 eodemque
2029 3262 2216 3313 episcopo
2237 3275 2281 3299 ac
2302 3262 2335 3301 si

1286 3316 1364 3356 diis
1395 3319 1520 3371 placet
1552 3328 1721 3372 martyre
1751 3321 2019 3373 conscriptum
2050 3334 2134 3360 esse
2160 3319 2337 3361 arbitrati

1329 3464 1416 3505 (²¹5)
1431 3467 1552 3499 seneca
1567 3466 1609 3500 de
1628 3468 1678 3500 lfa
1693 3467 1747 3500 lib.
1764 3469 1812 3501 ΙΙΙ
1830 3477 1901 3510 cap.
1921 3470 1973 3509 36,
1996 3471 2029 3502 2.

1328 3514 1417 3554 (210)
1433 3513 1507 3547 vtd.
1523 3514 1607 3548 Ptin.
1621 3518 1722 3548 Grmc.
1743 3516 1868 3556 fragm.
1890 3515 1954 3548 rol.
1974 3516 2071 3557 lpag.
2095 3519 2168 3549 5²².
