2606 3828
333 241 407 275 314
1048 234 1358 274 emmonem
1387 223 1738 277 FRAGMENTA(

383 336 445 364 lu.
474 324 703 376 Θεασάμενός
719 341 801 365 ποτε
821 324 999 375 μειράκιον
1013 322 1132 381 ’λίθους
1153 322 1283 375 βάλλον
1304 322 1362 362 ἐπὶ

328 384 488 437 σταυρόν·
518 379 609 437 Εὖγε
625 415 634 431 ,
653 384 719 437 ἔφη
732 414 741 430 ,
755 383 856 434 τεύξῃ
882 382 948 435 γὰρ
971 386 1031 420 τοῦ
1058 385 1206 421 σκοποῦ.

382 443 596 496 (Diogenes
618 443 792 481 Laertius
813 441 881 479 lib.
900 441 965 488 Vl,
984 441 1044 485 [45.
1061 441 1072 493 )

381 515 444 542 145.
475 501 573 554 Πρὸς
604 501 646 539 τὰ
675 500 885 552 περιστάντα
919 499 1083 551 μειράκια
1104 499 1165 538 καὶ
1197 499 1359 549 εἰπόντα,

326 560 516 611 Βλέπωμεν
543 561 591 610 μὴ
625 559 713 611 δάκῃ
747 562 861 608 ἡμᾶς,
890 560 1091 611 Θαῤῥεῖτε,
1122 557 1202 611 ἔφη,
1224 559 1360 597 παιδία·

324 619 415 658 κύων
433 619 574 658 τευτλία
594 622 655 657 οὐκ
676 618 790 656 ἐσθίει.

379 678 592 729 (Diogenes
611 677 785 714 Laertius
809 676 876 713 lib.
893 675 961 726 VI,
988 676 1053 721 45.
1070 675 1137 715 Est
1153 677 1257 715 enirn
1271 677 1363 716 beta

324 749 444 786 genus
460 736 578 773 oleris
596 735 699 786 quod
714 747 831 785 quum
850 734 1101 772 tenerrimum
1119 748 1163 773 ac
1178 736 1361 775 mollissi-

324 808 426 832 mum
444 795 587 833 caulem
605 803 641 831 et
658 794 750 830 folia
766 793 1100 840 habeat,omnium
1121 795 1361 834 hortensium

324 854 562 891 levissimum
599 866 681 891 esse
718 853 870 890 Plinius
907 853 989 891 Nat.
1025 854 1117 892 hist.
1157 854 1226 893 lib.
1260 853 1361 903 XIX,

324 914 359 960 8,
381 918 428 956 40
449 912 597 951 scribit.
628 912 727 949 l‘linc
760 914 921 949 berizare
944 914 1142 963 Augustus
1167 928 1239 965 pro
1277 917 1360 952 lan-

319 985 432 1019 guere
450 971 548 1008 dixit
569 979 663 1008 teste
682 970 868 1008 Suetonio
898 971 940 1008 in
967 970 1052 1021 ejus
1089 971 1168 1009 vita
1188 986 1271 1023 cap.
1296 974 1359 1021 87.

322 1029 456 1067 Simile
476 1029 612 1080 Cynici
632 1029 778 1067 dictum
799 1038 856 1067 est
872 1030 974 1082 apud
992 1029 1185 1068 Laertium
1209 1031 1277 1069 lib.
1298 1031 1360 1079 Vl,

321 1090 365 1126 61
395 1103 403 1124 :
427 1089 486 1127 δύο
516 1091 682 1139 μαλακῶν
709 1088 1029 1142 ὑποκρυπτομένων
1052 1090 1176 1134 αὑτοὺς
1195 1090 1274 1144 ἔέρη·
1297 1092 1358 1140 Μὴ

320 1148 542 1195 εὖλαὸεῖσθε,
559 1147 650 1186 κύων
667 1149 796 1187 τεῦτλα
817 1151 855 1187 οὐ
870 1148 1038 1200 τρώγει.)

373 1220 434 1245 146.
453 1206 548 1259 Πρὸς
563 1206 622 1245 τὸν
648 1207 706 1245 ἐπὶ
723 1210 766 1259 τῇ
789 1208 912 1259 λεοντῇ
933 1208 1180 1259 θρυπτόμενον·
1203 1211 1360 1259 Παῦσαι,

318 1264 382 1318 ἔφη
396 1295 406 1312 ,
427 1264 471 1303 τὰ
490 1268 552 1313 τῆς
568 1268 692 1319 ἀρετῆς
712 1259 906 1318 στρώματα
927 1267 1182 1319 καταισχύνων.

372 1325 587 1375 (Diogenes
608 1324 785 1364 Laertius
805 1325 875 1365 lib.
893 1325 960 1374 vl,
983 1326 1070 1378 45.)

372 1396 435 1423 1⁴7.
461 1383 552 1435 Πρὸς
587 1382 644 1421 τὸν
681 1383 919 1436 μακαρίζοντα
948 1384 1186 1431 Καλλισθένην
1216 1385 1276 1424 καὶ
1299 1386 1361 1424 λέ-

316 1456 435 1491 γοντα,
452 1444 498 1484 ὡς
514 1444 716 1481 πολυτελῶν
734 1444 832 1496 παρὰ
857 1443 1072 1497 Ἀλεξάνδρῳ
1091 1445 1255 1497 μετέχει,
1281 1448 1360 1485 Κα-

316 1499 494 1551 κοδοιίμων
517 1499 579 1548 μὲν
606 1494 665 1539 οῦν
694 1503 807 1549 ἐστιν,
834 1496 944 1549 εἶπεν,
979 1502 1014 1547 ὃς
1049 1503 1109 1541 καὶ
1138 1506 1267 1559 ἀριστᾷ
1300 1506 1360 1544 καὶ

318 1560 446 1597 δειπνεῖ
462 1589 472 1609 ,
495 1558 576 1597 ὅταν
593 1559 807 1613 Ἀλεξάνδρῳ
828 1561 923 1613 δόξῃ.

372 1619 584 1669 (Diogenes
605 1619 781 1659 Laertius
798 1620 866 1659 lib.
893 1620 959 1668 Vl,
985 1621 1048 1665 45.
1075 1628 1125 1660 At
1144 1623 1192 1660 de
1211 1625 1361 1663 Aristo-

1482 337 1544 364 1⁴9.
1580 326 1784 379 Χρημάτων
1806 327 1965 378 δεόμενος
1991 329 2152 367 ἀπαιτεῖν
2183 328 2281 382 ἔλεγε
2308 329 2389 375 τοὺς
2403 329 2465 384 φί-

1425 384 1503 428 λους
1517 414 1527 432 ,
1553 386 1615 423 οὐκ
1635 386 1755 425 αἰτεῖν.

1479 443 1699 496 (Diogenes
1730 445 1906 485 Laertius
1925 445 1995 484 lib.
2013 445 2081 494 vl,
2105 446 2194 500 46.)

1485 514 1548 542 150.
1578 501 1667 546 Τοὺς
1688 502 1836 557 ῥήτορας
1862 503 1921 543 καὶ
1948 503 2082 550 πάντας
2102 504 2182 550 τοὺς
2203 505 2465 559 ἐνδοξολογοῦν-

1423 576 1486 604 τας
1507 562 1784 614 τρισανθρώπους
1802 563 1922 615 γἐκάλει
1941 563 2018 602 ἀντὶ
2036 567 2097 602 τοῦ
2115 565 2347 617 τρισαθλίους.

1480 619 1696 672 (Diogenes
1719 622 1895 662 Laertius
1914 622 1984 661 lib.
2004 622 2070 671 vl,
2094 625 2185 676 47.)

1481 691 1540 717 151.
1547 678 1619 719 Τὸν
1628 680 1791 720 πλούσιον
1803 683 1923 732 ἀμαθῆ
1932 682 2108 736 πρόὸατον
2117 676 2192 722 εἶπε
2208 682 2467 736 χρυσόμαλλον.

1478 738 1691 790 (Diogenes
1711 740 1888 780 Laertius
1906 741 1974 780 lib.
1992 742 2055 792 vl,
2080 744 2242 792 47.-Atii
2261 744 2375 783 aliter
2389 743 2466 784 hoc

1424 797 1570 836 dictum
1599 800 1782 837 referunt.
1820 800 1928 838 Theo
1956 801 2128 852 sophista
2155 802 2197 840 in
2228 802 2466 856 Progymna·
2501 828 2507 834 ·

1425 858 1557 896 smatis
1572 870 1582 898 t
1595 858 1759 909 Διογένην
1775 858 1833 897 τὸν
1846 860 1995 899 Κυνικὸν
2004 861 2205 916 φιλόσοφον,
2216 862 2334 902 ἷδόντα
2345 861 2470 917 μειρᾶ·

1424 930 1497 954 κιον
1516 915 1680 955 πλούσιον
1710 917 1935 967 ἀπαίδευτον,
1967 921 2071 971 φασὶν
2104 922 2229 969 εἰπεῖν,
2267 915 2364 967 οὗτός
2392 923 2468 962 ἐστι

1425 973 1528 1027 ῥύπος
1566 975 1903 1028 περιηργυρωμένος.
1945 977 2010 1016 Sic
2050 979 2167 1017 etiam
2201 980 2395 1020 Maximus
2424 981 2468 1020 in

1424 1034 1648 1084 Sententiis,
1671 1049 1904 1087 quamquam
1926 1046 2016 1076 sunt
2038 1038 2106 1090 qui
2126 1038 2183 1078 ibi
2199 1038 2306 1084 ἵππος
2323 1054 2470 1093 περιηρ-

1422 1093 1616 1145 γυρωμένος
1641 1094 1802 1146 legant.)

1478 1165 1541 1190 152.
1559 1153 1786 1202 Θεασάμενος
1803 1153 1862 1191 ἐπὶ
1876 1153 2012 1193 ἀσώτου
2032 1154 2126 1210 οἰκία
2147 1156 2464 1209 ἐπιγεγραμμένον,

1425 1208 1777 1266 Πράσιμος,’ᾞδειν,
1806 1206 1912 1261 εἶπεν,
1943 1213 1996 1251 ὅτι
2025 1213 2118 1252 οὕτω
2143 1217 2380 1268 κραιπαλῶσα
2402 1217 2468 1271 ῥᾳ-

1423 1269 1503 1311 δίως
1524 1269 1698 1319 ἐξεμέσοις
1718 1270 1776 1310 τὸν
1793 1272 2022 1323 κεκτημένον.

1476 1329 1688 1379 (Diogenes
1710 1329 1886 1370 Laertius
1909 1331 1981 1370 lib.
1998 1332 2066 1384 VI,
2084 1333 2174 1385 47.)

1476 1401 1538 1426 153.
1558 1388 1652 1441 Πρὸς
1672 1388 1711 1427 τὸ
1738 1390 1892 1442 ῥυπαρὸν
1914 1392 2113 1444 βαλανεῖον,
2139 1394 2185 1432 Οἱ
2214 1392 2336 1433 ἐνθάδε
2349 1425 2360 1442 ,
2380 1393 2465 1448 ἔφη,

1422 1447 1630 1498 λουσάμενοι
1647 1452 1713 1486 ποῦ
1733 1449 1874 1488 λοῦνται
1885 1461 1898 1501 3

1476 1508 1690 1557 (Diogenes
1713 1507 1885 1548 Laertius
1902 1509 1970 1548 lib.
1988 1510 2056 1561 Vl,
2085 1511 2172 1561 47.)

1477 1579 1539 1604 154.
1562 1566 1702 1619 Παχέος
1727 1569 1922 1621 κιθαρῳδοῦ
1940 1567 2027 1622 πρὸς
2053 1569 2193 1608 πάντων
2217 1570 2464 1623 μεμφομένου,

1421 1625 1521 1668 αὐτὸς
1542 1625 1644 1675 μόνος
1666 1625 1802 1678 ἐπῄνει.
1822 1627 2033 1680 Ἐρωτηθεὶς
2052 1628 2088 1666 δὲ
2115 1627 2173 1667 διὰ
2203 1628 2238 1668 τί
2251 1642 2262 1677 ;
2287 1629 2364 1684 ἔφη·
2379 1627 2467 1670 ’Ότι

318 1677 391 1714 tele
423 1685 461 1714 et
491 1677 677 1729 Philippo
698 1678 771 1716 hoc
800 1680 948 1718 dixisse
982 1681 1198 1730 Diogenem
1239 1683 1356 1721 tradit
1418 1686 1622 1731 τηλικοῦτος
1641 1683 1688 1722 ὢν
1709 1687 1894 1738 κιθαρῳδεῖ
1913 1687 1972 1724 καὶ
1994 1688 2031 1725 οὗ
2054 1686 2226 1735 ληστεύει.
2279 1701 2284 1706 ·

317 1736 545 1775 Plutarchus
563 1738 651 1776 libr.
667 1739 724 1776 De
743 1740 882 1777 exsilio
896 1753 978 1791 cap.
997 1754 1056 1789 12,
1072 1741 1150 1778 vol.
1171 1740 1205 1778 X
1222 1756 1260 1793 p.
1283 1744 1358 1792 379

316 1795 374 1832 ed.
396 1795 547 1834 Hutten.
569 1796 628 1835 his
648 1797 780 1836 verbis
802 1814 810 1836 :
833 1797 871 1836 τὸ
897 1803 957 1837 τοῦ
983 1799 1180 1850 Διογένους·
1201 1800 1359 1853 Ἀριστο-

316 1853 415 1900 τέλης
433 1856 580 1907 ἀριστᾷ,
611 1853 693 1894 ὅταν
722 1857 807 1909 δοκῇ
837 1857 1022 1910 Φιλίππῳ·
1052 1858 1244 1909 Διογένης,
1274 1859 1356 1899 ὅταν

315 1912 504 1964 Διογένει.)

371 1984 432 2011 143.
454 1972 549 2024 Πρὸς
563 1972 602 2011 τὸ
625 1973 828 2019 κοτταὸίζον
850 1975 884 2012 ἐν
903 1976 953 2027 τῷ
977 1973 1150 2028 βαλανείῳ
1177 1976 1356 2029 μειράκιόν

315 2047 432 2084 φησιν·
451 2031 555 2083 “Ὀσῳ
577 2032 725 2084 βέλτιον,
745 2032 899 2086 τοσούτῳ
916 2039 1045 2086 χεῖρον.

368 2091 583 2142 (Diogenes
599 2092 777 2131 Laertius
797 2093 867 2131 lib.
888 2093 954 2140 vl,
977 2095 1039 2138 46.
1061 2093 1204 2133 Sensus
1229 2105 1355 2133 autem

318 2150 382 2188 hic
401 2159 457 2188 est
478 2165 485 2187 :
510 2151 596 2196 Quo
617 2153 826 2202 perfectior
845 2153 885 2190 in
905 2153 979 2191 ista
997 2162 1077 2191 arte
1105 2154 1286 2207 haberis,
1310 2169 1356 2193 eo

319 2212 469 2262 turpior
494 2211 609 2248 homo
627 2211 700 2265 es.)

357 2453 424 2483 144.
442 2450 581 2483 Intuitus
601 2450 776 2490 aliquando
798 2450 1076 2483 adolescentulum
1095 2459 1224 2484 crucem
1243 2451 1354 2493 lapidi-

313 2509 373 2541 bus
390 2513 590 2551 appetentem
610 2522 619 2542 t
641 2512 745 2550 Euge,
763 2509 880 2551 inquit,
904 2518 1039 2551 scopum
1058 2509 1165 2542 series.

354 2569 424 2600 145.
443 2567 736 2600 circumstantibus
758 2567 1016 2600 adolescentibus
1032 2572 1130 2609 atque
1155 2568 1352 2609 dicentibus,

311 2628 498 2659 Caveamus
515 2635 557 2659 ne
574 2636 637 2660 ‘nos
655 2627 824 2661 mordeat.
839 2629 947 2667 Bono,
964 2628 1080 2670 inquit,
1095 2630 1212 2661 animo
1235 2631 1349 2673 estote,

309 2687 490 2728 pusiones,·
509 2686 594 2718 betis
614 2688 706 2718 enim
722 2688 819 2719 canis
833 2695 900 2719 non
912 2689 1069 2720 vescitur.
1093 2686 1200 2728 [Quod
1217 2688 1270 2720 alii
1288 2698 1352 2730 pa-

311 2745 420 2778 thicis
442 2754 460 2776 a
476 2746 596 2785 Cynico
615 2745 736 2777 dictum
754 2745 910 2787 narrant]

354 2806 424 2836 1⁴6.
445 2803 582 2836 cuidam
612 2804 692 2845 pelle
721 2805 858 2844 leonina,
888 2814 951 2846 qua
983 2806 1196 2846 integebatur,
1236 2816 1349 2848 super·

312 2863 433 2895 bienti:
452 2863 584 2904 Desine,
599 2862 714 2904 inquit,
735 2863 864 2895 virtutis
877 2864 1018 2904 stragula
1034 2864 1213 2905 inquinare.

355 2924 422 2955 147.
435 2923 543 2959 Quum
556 2930 574 2953 a
590 2921 730 2963 quodam
750 2922 862 2954 beatus
880 2923 1107 2963 praedicaretur
1124 2925 1349 2967 Callisthenes,

270 2980 275 2984 '
311 2981 398 3034 quod
419 2981 514 3013 lautis
532 2981 572 3012 ab
591 2981 767 3013 Alexandro
787 2982 888 3013 coenis
915 2982 1132 3024 acciperetur,
1159 2984 1317 3024 Diogenes
1344 2997 1352 3017 :

313 3042 420 3073 Immo
434 3048 510 3073 vero
523 3041 694 3080 miserest,
707 3040 824 3081 inquit,
834 3042 894 3082 qui
909 3043 983 3073 tum
994 3042 1149 3083 prandet
1163 3051 1203 3074 ac
1215 3046 1348 3084 coenat,

313 3107 422 3141 quum
439 3098 639 3132 Alexandro
656 3098 806 3131 videtur.

343 3148 421 3192 148.
442 3158 643 3191 Adolescenti
664 3158 698 3190 in
720 3158 841 3190 balneis
861 3159 989 3191 cottabo
1014 3159 1133 3192 ludenti

309 3219 425 3259 inquit,
445 3218 586 3258 melius,
604 3219 704 3250 tanto
720 3216 889 3251 deterius.

308 3280 328 3317 ἱ,
354 3280 422 3311 149.
442 3279 549 3315 Quum
569 3275 712 3318 pecuniis
731 3279 849 3318 egeret,
872 3286 926 3310 eas
950 3286 985 3310 se
1001 3277 1043 3309 ab
1059 3278 1169 3310 amicis
1186 3283 1346 3321 repetere,

309 3347 373 3370 non
390 3339 496 3379 petere
516 3338 654 3370 dicebat.

354 3400 421 3429 150.
441 3398 591 3429 Oratores
609 3398 641 3429 et
660 3405 772 3429 omnes
799 3396 832 3428 iu
850 3395 989 3429 dicendo
1007 3395 1140 3436 gloriam
1161 3401 1346 3438 quaerentes

311 3457 359 3487 ter
383 3456 534 3488 hommes
551 3465 608 3497 pro
621 3464 659 3488 eo
678 3455 763 3497 quod
777 3456 826 3487 est
845 3457 892 3488 teu
916 3454 1072 3495 infelices
1089 3455 1283 3497 appellabat.

1160 3174 1168 3192 ε
1195 3163 1347 3203 Quanto,

1474 1744 1694 1797 (Diogenes
1715 1745 1891 1784 Laertius
1908 1747 1975 1785 lib.
1995 1746 2061 1794 vl,
2085 1748 2173 1797 47.)

1474 1816 1538 1841 155.
1569 1803 1640 1842 Τὸν
1673 1805 1864 1856 κιθαρῳδὸν
1896 1807 1949 1843 ἀεὶ
1975 1805 2274 1857 καταλειπόμενον
2302 1804 2369 1844 ὕπὸ
2389 1807 2458 1845 τῶν

1420 1863 1599 1915 ἀκροατῶν
1633 1864 1841 1911 ἠσπάσατο,
1867 1866 1982 1917 Χαῖρε
2004 1864 2175 1918 ἀλέκτωρ·
2195 1868 2256 1904 τοῦ
2287 1863 2324 1904 δὲ
2349 1863 2466 1904 εἶπόν-

1419 1937 1474 1965 τος
1486 1952 1497 1972 ,
1514 1921 1572 1959 διὰ
1590 1922 1644 1970 τί;
1662 1921 1748 1962 “Ὀτι
1760 1953 1770 1971 ,
1795 1922 1861 1976 ἔφη
1875 1953 1886 1973 ,
1911 1923 2004 1976 ᾄδων
2023 1924 2158 1969 πάντας
2183 1923 2341 1976 ἐγείρεις.

1472 1981 1686 2033 (Diogenes
1700 1981 1876 2020 Laertius
1890 1982 1958 2020 lib.
1979 1982 2049 2030 Vl,
2067 1983 2154 2035 48.)

1476 2054 1534 2078 156.
1571 2039 1766 2093 Μειρακίου
1795 2041 2077 2091 ἐπιδεικνυμένου
2103 2041 2295 2094 πληρώσας
2317 2034 2463 2096 cortpo-

1418 2097 1560 2136 κόλπιον
1588 2098 1726 2151 θέρμων
1748 2098 1909 2152 ἄντικρυς
1932 2099 2074 2138 ἔκαπτε·
2095 2104 2157 2139 τοῦ
2177 2099 2215 2139 δὲ
2245 2099 2397 2147 πλήθους
2415 2101 2462 2145 εἷς

1418 2157 1521 2195 αὐτὸν
1537 2159 1749 2211 ἀφορῶντος,
1767 2159 1955 2209 θαυμάζειν
1976 2158 2040 2212 ἔφη
2055 2189 2067 2210 ,
2083 2161 2158 2204 πῶς
2175 2159 2305 2199 ἐκεῖνον
2322 2158 2465 2212 ἀφέντες

1419 2215 1523 2254 αὐτὸν
1543 2218 1660 2267 ὁρῶσι.

1461 2453 1531 2485 151.
1553 2451 1724 2484 Hominem
1750 2451 1955 2492 locupletem,
1974 2451 2030 2484 sed
2055 2451 2222 2485 indoctum
2248 2461 2344 2486 ovem
2361 2461 2460 2488 aureo

1418 2511 1533 2544 vellere
1551 2512 1669 2544 tectam
1688 2510 1838 2543 vocabat.

1460 2572 1529 2603 152.
1546 2573 1654 2608 Quum
1681 2569 1813 2602 vidisset
1837 2569 1960 2611 prodigi
1992 2570 2131 2603 bominis
2147 2570 2282 2604 domum
2312 2572 2460 2606 venalem

1414 2629 1527 2662 litteris
1539 2629 1737 2671 inscriptam,
1755 2629 1921 2669 Sciebam,
1937 2628 2051 2670 inquit,
2064 2627 2148 2669 jore
2166 2631 2206 2662 ut
2220 2631 2276 2663 ita
2291 2630 2390 2664 ebria
2402 2629 2459 2674 sa-

1415 2689 1480 2722 cile
1495 2688 1677 2735 dominum
1693 2696 1876 2721 evomeres.

1459 2750 1526 2780 153.
1546 2746 1752 2781 Immundum
1765 2748 1926 2789 ingressus
1945 2746 2109 2787 balneum,
2125 2749 2190 2785 Qui
2203 2748 2261 2781 mc
2276 2748 2461 2793 lavarunt,

1414 2807 1468 2846 ait,
1485 2807 1544 2840 ubi
1560 2807 1786 2841 abluuntur?

1458 2869 1529 2899 154.
1558 2865 1776 2899 citharoedum
1800 2875 1946 2898 crassum
1971 2876 2011 2899 ac
2035 2868 2209 2908 pinguem,
2228 2868 2458 2909 reprehensum

1412 2926 1453 2958 ab
1472 2926 1634 2965 omnibus,
1655 2926 1741 2958 solus
1763 2925 1830 2966 ipse
1854 2925 2022 2965 laudabat,
2042 2927 2317 2968 interrogatusque
2342 2936 2401 2960 cur
2423 2927 2458 2960 id

1413 2986 1541 3024 faceret,
1565 2986 1746 3025 Quoniam,
1763 2985 1877 3025 inquit,
1897 2985 1981 3017 talis
2000 2994 2111 3027 quum
2125 2987 2183 3026 sit,
2193 2985 2326 3026 fidibus
2339 2987 2455 3020 tannen

1409 3048 1528 3087 potius
1550 3046 1644 3079 canit
1663 3053 1771 3088 quam
1789 3045 2038 3079 latrocinatur.
2070 3067 2073 3069 -

1456 3109 1524 3138 155.
1543 3105 1762 3138 Citharoedum
1789 3105 1843 3146 qui
1861 3114 1987 3146 semper
2006 3105 2046 3137 ab
2065 3105 2268 3138 auditoribus*
2283 3105 2455 3138 desereba-

1410 3166 1477 3204 tur,
1497 3164 1540 3196 ita
1557 3163 1709 3195 salutavit
1725 3173 1733 3195 :
1747 3163 1847 3195 Salve
1872 3163 1975 3204 yalle.
1994 3166 2041 3196 Eo
2069 3165 2191 3204 autem,
2213 3164 2283 3195 Cur
2301 3162 2381 3194 ita?
2394 3161 2455 3194 sci-

1411 3223 1561 3265 scitante,
1584 3224 1686 3264 Qm'a,
1703 3223 1818 3264 inquit,
1835 3225 1942 3256 cantu
1958 3225 2020 3255 tuo
2039 3231 2156 3255 omnes
2175 3214 2322 3255 eabe-itas.

1456 3287 1523 3315 156.
1538 3283 1655 3320 ,Quum
1679 3281 1868 3315 adolescens
1883 3281 1915 3314 in
1933 3283 2090 3315 concione
2111 3281 2280 3321 recitaret,
2298 3280 2451 3313 exadver-

1412 3350 1483 3373 sum
1507 3341 1577 3383 ipse
1602 3341 1742 3383 lupinos,
1772 3341 1891 3382 quibus
1922 3342 2029 3373 sinum
2057 3341 2264 3382 impleverat,
2285 3340 2452 3374 comedere

1410 3400 1530 3441 coepit:
1549 3401 1755 3433 multitudine
1770 3393 1867 3441 igitur
1881 3409 1955 3433 eum
1976 3400 2178 3441 aspectante,
2202 3399 2311 3431 mirari
2336 3408 2371 3431 se
2386 3399 2452 3438 ait,

1409 3468 1472 3499 qua
1491 3460 1612 3492 ratione
1630 3459 1685 3492 illo
1703 3459 1836 3492 dimisso
1851 3468 1885 3492 se
1900 3459 2113 3491 intuerentur.
