2638 3840
303 227 394 254 xxu

296 304 428 342 lei-iter
444 312 547 341 moto
578 311 702 341 autem
733 303 818 340 loca
849 313 933 351 quae
963 299 1124 348 planetae
1155 296 1328 346 quinque

297 376 383 401 cum
415 362 494 400 sole
529 371 565 399 et
598 362 690 399 luna
724 368 895 407 teneant,
920 357 1126 402 mundum;
1156 353 1228 391 sub
1269 354 1329 391 his

297 433 390 458 vero
415 420 500 458 loca
515 420 616 457 lunae
638 417 810 468 subjecta
826 430 869 454 ac
888 413 1101 458 terrestria,
1125 412 1167 449 in
1188 411 1331 461 quibus

298 478 495 517 mutabilis
514 490 641 516 rerum
664 485 769 514 ortus
789 483 939 524 regnet,
961 473 1112 510 coelum.
1131 470 1332 509 Postremo

299 540 340 576 in
353 537 460 575 statis
474 536 628 587 quidem
645 534 760 573 rebus
774 531 992 571 coelestibus
1004 529 1152 567 versari
1166 530 1334 567 affirmat

300 595 526 646 sapientiam
542 622 552 640 ‚
574 593 639 631 sed
659 593 699 630 in
719 592 834 630 rebus
853 590 988 627 ordine
1007 587 1227 625 carentibus
1246 589 1334 626 vir-.-

301 663 419 691 tutem
433 683 444 703 ,
456 662 499 690 ut
524 653 629 689 illam
647 651 850 702 perfectam
861 678 870 695 ‚
892 649 944 685 ita
956 647 1054 684 hanc
1070 646 1333 697 imperfectam

302 711 335 764 (1
345 713 424 761 37).
443 711 581 749 Verum
596 711 854 761 principatum
869 706 1050 758 physicus
1061 705 1127 743 ille
1141 705 1241 742 dixit
1253 718 1336 743 esse

301 771 342 807 in
363 770 450 819 igne
481 769 639 807 centrali
669 780 780 818 quem
810 775 989 815 tanquam
1016 764 1184 801 carinam
1206 777 1334 801 rerum

301 836 522 879 procreator
558 828 650 865 deus
694 826 864 863 universi
903 823 1061 873 sphaerae
1107 823 1332 874 praeposuit.

301 886 547 937 Pythagorici
567 884 671 936 (138)
691 896 843 934 quoque
861 895 1025 920 vacuum
1039 895 1122 920 0550
1135 889 1335 933 putarunt,

303 946 406 996 quod
427 945 580 983 infinito
603 943 743 994 spiritu
763 942 902 980 coelum
919 941 1205 992 ingrederetur,
1226 942 1336 992 quasi

303 1004 439 1042 coelum
461 1002 685 1053 respirando
704 1001 802 1039 illud
834 1001 949 1038 etiam
981 1012 1145 1038 vacuum
1172 999 1339 1038 traheret

303 1076 380 1112 quo
400 1070 545 1099 naturae
573 1060 876 1110 distinguuntur,
898 1059 1064 1110 ideoque
1090 1071 1254 1096 vacuum
1278 1071 1338 1096 re-

304 1134 388 1158 rum
423 1119 695 1157 cohaerentium
729 1118 1007 1169 separationem
1036 1117 1228 1167 quandam
1257 1129 1339 1155 esse

303 1192 346 1216 ac
376 1178 659 1215 distinctionem
696 1176 871 1214 arbitrati
905 1184 1006 1214 sunt.
1042 1175 1231 1213 Caeterum
1265 1174 1339 1213 hoc

302 1236 472 1287 primum
497 1235 538 1272 in
561 1235 731 1272 numeris
749 1234 869 1278 >cerni
901 1233 1190 1279 existimarunt,
1214 1245 1338 1270 vacuo

303 1307 434 1331 eorum
481 1302 655 1331 naturam
707 1292 895 1342 distingui
946 1290 1229 1329 confirmantes.
1285 1290 1339 1328 Ii-

303 1352 387 1389 dem
405 1351 507 1403 (139)
529 1351 668 1388 coelum
692 1363 811 1387 unum
840 1362 922 1388 esse
951 1350 1205 1387 decreverunt
1235 1351 1340 1401 quod

303 1423 351 1447 ex
369 1410 522 1448 infinito
544 1418 693 1460 tempus
713 1417 750 1446 et
770 1408 1064 1460 respirationem
1088 1417 1125 1446 et
1149 1422 1336 1457 vacuum,

304 1482 385 1506 rem
411 1468 458 1506 ad
482 1467 732 1505 describenda
763 1467 1002 1517 singulorum
1034 1467 1120 1504 loca
1152 1476 1340 1518 perpetuo

305 1526 513 1567 adhibitam
528 1554 538 1572 ‚
555 1526 771 1565 attraheret.
782 1525 994 1576 Utramque
1010 1526 1235 1563 sententiam
1253 1540 1338 1564 cum

305 1586 407 1633 aliis,
426 1594 506 1623 tum
519 1584 695 1629 Philolao
702 1584 791 1635 jure
806 1584 955 1622 tribuas
973 1585 1040 1634 qui
1057 1584 1162 1636 (140)
1179 1586 1340 1636 insuper

304 1644 497 1694 duplicem
517 1655 598 1680 esse
621 1642 757 1680 mundi
772 1643 973 1680 interitum
988 1642 1204 1690 contendit,
1218 1657 1338 1681 unum

305 1703 394 1752 igne
416 1702 567 1740 coelitus
586 1701 796 1748 defluente,
819 1701 977 1738 alterum
998 1701 1126 1738 lunari
1150 1714 1251 1752 aqua
1270 1715 1341 1753 per

306 1760 597 1798 conversionem
619 1759 718 1797 aeris
737 1759 860 1796 effusa
882 1773 890 1796 ε
914 1768 1027 1809 atque
1054 1759 1194 1797 horum
1225 1760 1341 1798 exha-

304 1820 468 1857 lationes
483 1831 563 1857 esse
584 1819 810 1856 alimentum
831 1817 978 1855 mundi.
1002 1816 1088 1866 Igni
1112 1817 1216 1870 (141)
1238 1819 1341 1857 ultro

306 1877 474 1914 medium
506 1876 674 1925 assignat
705 1876 830 1914 locum
843 1905 854 1925 ‚
886 1876 989 1926 quod
1021 1876 1070 1913 sit
1092 1876 1203 1926 quasi
1236 1877 1342 1916 focus

305 1935 498 1983 universi,
529 1934 739 1972 secundum
758 1934 1019 1984 antichthoni‚
1048 1935 1203 1972 tertium
1233 1935 1269 1974 ei
1299 1937 1341 1974 111

306 2007 382 2045 qua
405 2006 477 2031 nos
496 1993 671 2042 degimus
690 2001 801 2031 terrae
815 2022 825 2039 ,
841 1993 923 2030 sitae
941 2006 988 2030 ex
1010 1994 1172 2032 adverso
1193 2003 1230 2032 et
1249 2009 1344 2033 con-

306 2052 425 2089 trario
445 2059 551 2088 motu
567 2051 886 2089 circumcurrenti
910 2067 918 2090 :
939 2052 1040 2089 unde
1063 2052 1127 2090 fiat
1146 2061 1188 2090 ut
1207 2054 1274 2103 qui
1301 2054 1343 2092 in

305 2123 383 2148 11113
410 2118 499 2148 511111
527 2117 650 2160 terra,
678 2109 726 2147 ab
755 2111 804 2148 iis
824 2111 891 2161 qui
921 2111 1119 2149 constituti
1150 2112 1192 2149 in
1223 2113 1344 2151 altera

306 2176 413 2214 sunt,
435 2180 513 2205 non
531 2176 746 2206 cernantur.
768 2168 862 2206 Nam
884 2182 1002 2219 quum
1026 2169 1094 2207 alii
1111 2178 1251 2208 terram
1270 2171 1343 2208 im-

306 2234 447 2263 motam
467 2238 623 2263 manere
652 2227 888 2274 censuerint,
913 2227 1111 2265 Philolaus
1137 2228 1179 2265 in
1207 2228 1342 2267 orbem

306 2298 390 2322 eam
407 2285 648 2323 circumferri
667 2286 813 2323 circum
830 2286 956 2335 ignem
968 2316 978 2334 ,
992 2286 1153 2337 obliquo
1169 2288 1317 2327 circulo
1330 2318 1341 2337 ,

306 2344 348 2382 in
374 2357 523 2382 morem
555 2343 648 2381 solis
668 2352 704 2381 et
723 2344 823 2382 lunae
857 2345 959 2397 (142)
980 2359 1103 2397 eoque
1129 2357 1241 2398 pacto
1274 2363 1344 2387 no-

308 2411 402 2439 ctem
421 2415 464 2439 ac
478 2402 578 2439 diem
590 2402 743 2440 efficere
757 2403 936 2443 credidit.
948 2404 1192 2456 Quapropter
1203 2416 1345 2446 terram

307 2461 421 2497 etiam
440 2474 558 2498 unum
579 2473 600 2497 e
617 2460 810 2499 sideribus
825 2475 907 2500 esse
923 2463 959 2501 ei
976 2464 1135 2514 placuit.
1152 2464 1204 2503 Ut
1217 2475 1342 2505 autem

308 2519 389 2556 haec
416 2528 549 2556 nostra
567 2528 670 2556 terra
689 2529 866 2558 movetur
887 2536 895 2558 ε
914 2522 968 2559 113
987 2523 1100 2560 0113111
1121 2524 1188 2561 1113
1207 2537 1292 2574 quae
1309 2525 1345 2562 ei

310 2577 488 2627 opposita
523 2585 580 2614 est
610 2585 751 2614 aeterno
785 2587 891 2615 motu
923 2580 1044 2617 cietur
1079 2590 1191 2630 atque
1225 2583 1345 2631 agita-

311 2641 373 2670 tur
391 2632 507 2684 (143).
528 2633 620 2670 Ε3111
642 2647 736 2671 vero
758 2636 936 2673 nonnulli
969 2637 1169 2676 aetheream
1203 2648 1343 2678 terram

312 2691 554 2741 appellarunt
576 2691 696 2741 (144).
726 2692 832 2730 Adde
857 2694 961 2743 quod
988 2695 1253 2746 Pythagoricae
1281 2712 1346 2737 sa-

310 2749 466 2799 pientiae
482 2758 688 2786 assectator
701 2751 834 2788 vitreae
851 2761 996 2789 naturae
1015 2755 1135 2792 solem
1154 2756 1263 2806 facit,
1279 2759 1347 2808 qui

312 2806 504 2857 quomodo
526 2807 710 2845 mundani
729 2809 831 2857 ignis
852 2810 981 2847 radios
1003 2813 1189 2862 accipiat,
1213 2815 1266 2852 510
1289 2817 1347 2853 111-

313 2877 400 2902 men
423 2865 536 2902 simul
556 2878 641 2903 cum
664 2867 790 2904 calore
807 2867 854 2904 ad
874 2881 944 2905 nos
963 2870 1204 2909 transfundat
1221 2887 1229 2910 :
1249 2874 1345 2911 adeo

314 2932 358 2959 ut
376 2923 451 2960 duo
473 2923 755 2973 quodammodo
777 2925 854 2962 sint
871 2926 991 2975 soles,
1012 2940 1148 2978 nempe
1180 2931 1344 2969 coelestis

313 2981 419 3029 ignis
447 2989 483 3018 et
510 2982 578 3031 qui
604 2982 695 3019 inde
721 2991 901 3033 tanquam
932 2984 975 3021 in
1004 2987 1200 3036 speculum
1221 2997 1346 3027 trans-

313 3117 387 3148 Vid.
403 3117 515 3156 fragm.
531 3121 560 3148 6.
577 3135 617 3141 —
633 3118 718 3158 (137)
738 3119 811 3150 Vid.
831 3119 943 3159 fragm.
959 3123 989 3153 7.
1006 3139 1046 3146 —
1057 3120 1144 3162 (138)
1169 3122 1350 3156 Aristoteles

316 3164 411 3204 Phys.
429 3165 488 3202 IV,
502 3167 535 3202 6,
549 3172 579 3203 p.
593 3166 664 3202 213,
680 3167 716 3195 24
731 3166 751 3195 b
765 3165 816 3197 ed.
831 3166 963 3198 Bekker.
1290 3164 1293 3168 ”

358 3210 442 3250 (139)
456 3209 601 3241 Stobaeus
613 3210 722 3250 Eclog.
735 3210 790 3242 lib.
801 3213 829 3252 Ι,
845 3215 894 3251 19,
910 3216 939 3251 1,
955 3221 986 3252 p.
1002 3214 1073 3245 380.
1087 3213 1163 3245 Vid.
1181 3214 1287 3247 adnot.
1308 3217 1349 3248 ad

317 3255 429 3296 fragm.
451 3258 481 3288 8.
494 3275 534 3282 ·—
555 3256 641 3297 (140)
670 3257 742 3289 Vid.
761 3257 871 3297 fragm.
887 3263 916 3290 8.
930 3276 970 3282 —
984 3259 1070 3299 (141)
1094 3259 1167 3292 Vid.
1189 3261 1299 3301 fragm.
1317 3268 1347 3296 9.

318 3304 453 3344 --(142)
469 3303 657 3335 Plutarchus
667 3303 707 3336 (10
717 3305 800 3345 plac.
817 3305 891 3344 phil.
908 3306 962 3337 lib.
973 3307 1021 3338 111
1030 3315 1099 3347 cap.
1114 3310 1162 3339 13.
1176 3308 1224 3339 Cf.
1238 3310 1346 3341 Galen.

314 3350 402 3389 XXI,
430 3355 459 3382 5.
477 3350 594 3383 Euseb.
609 3352 680 3389 XV,
699 3354 747 3383 58.
761 3372 801 3380 —
815 3351 900 3392 (143)
913 3353 1102 3391 Aristoteles
1132 3355 1178 3386 De
1195 3356 1274 3387 coelo
1292 3358 1325 3388 II
1337 3381 1346 3396 ,

319 3399 369 3435 13,
397 3406 427 3436 p.
449 3399 508 3428 293
530 3406 547 3429 3
569 3397 620 3429 ed.
641 3397 775 3430 Bekker.
799 3418 838 3425 -
852 3399 937 3439 (144)
956 3399 1137 3440 Simplicius
1155 3401 1195 3432 ad
1216 3402 1346 3435 Aristot.

1177 208 1244 247 DE
1282 205 1597 246 PYTHAGORA

1393 294 1581 341 funditur,
1603 291 1675 329 nisi
1700 289 1788 340 quis
1806 288 1922 327 etiam
1942 286 2097 325 tertium
2123 285 2219 324 velit
2235 285 2428 336 adjicere,

1391 353 1542 392 radium
1567 364 1589 388 a
1608 348 1763 401 speculo
1783 347 1830 385 ad
1851 360 1919 384 nos
1937 354 2123 384 retortum
2139 345 2259 397 (146).
2278 344 2428 383 Faciem

1391 411 1493 449 lunae
1514 422 1599 448 cum
1622 407 1709 445 aliis
1729 405 1982 457 Pythagoreis
2004 403 2338 442 Philolaus-terrae
2357 404 2430 442 for-

1394 483 1493 508 mam
1527 480 1610 506 esse
1631 465 1744 512 dicit,
1767 463 1949 515 quoniam
1972 463 2088 510 luna,
2106 462 2430 514 quemadmodum

1393 537 1494 567 terra
1521 527 1621 572 haec,
1644 523 1895 562 circumcirca
1921 521 2115 560 habitetur
2143 520 2358 572 majoribus
2388 535 2433 561 ac

1394 584 1685 639 pulchrioribus
1715 580 1949 620 animalibus
1982 589 2021 618 et
2051 579 2218 631 plantis,
2245 594 2365 631 quum
2396 591 2435 620 et

1395 644 1619 696 quindecies
1654 639 1925 693 praestantiora
1955 637 2013 676 ibi
2044 638 2184 689 degant
2203 648 2206 651 ·
2225 639 2432 691 animalia,

1395 704 1492 741 nihil
1521 699 1755 740 excrementi
1786 697 2009 745 reddentia,
2037 706 2075 735 et
2107 697 2192 735 dies
2223 705 2330 736 tanto
2358 697 2438 736 sint

1395 762 1590 812 longiores
1610 760 1729 811 (146).

1453 822 1632 871 Attigisse
1655 818 1874 857 Philolaum
1904 817 1945 855 in
1976 825 2085 868 parte
2117 816 2249 867 operis
2267 815 2436 855 siderum

1398 889 1505 919 ortus
1529 889 1566 918 et
1590 891 1769 924 00035115,
1791 876 1885 916 50115
1905 876 2081 926 lunaeque
2107 875 2300 923 defectus,
2321 878 2439 930 aequi-

1397 940 1525 977 noctia
1544 948 1581 977 et
1607 937 1792 983 solstitia,
1820 936 1947 974 varias
1970 934 2138 986 denique
2169 934 2260 974 coeli
2297 932 2441 986 tempe-

1397 1007 1511 1038 states
1530 1012 1573 1036 ac
1592 997 1752 1044 similia,
1770 995 1930 1033 minime
1960 993 2123 1032 dubium
2143 1002 2201 1032 est
2217 993 2338 1047 (147).
2358 995 2439 1034 Μ3-

1399 1071 1514 1107 gnum
1538 1065 1662 1095 autem
1682 1062 1954 1106 composuerat
1975 1066 2118 1091 annum
2135 1065 2184 1090 ex
2202 1054 2315 1092 annis
2338 1054 2438 1101 le,

1399 1118 1439 1154 in
1457 1130 1534 1168 quo
1550 1124 1659 1154 erant
1675 1127 1822 1152 menses
1837 1113 2084 1151 intercalares
2103 1111 2246 1161 viginti
2265 1120 2303 1150 et
2322 1125 2438 1160 unus,

1400 1189 1475 1226 qua
1495 1175 1542 1212 de
1563 1187 1606 1212 re
1627 1173 1675 1211 ad
1695 1172 1907 1211 Democriti
1940 1171 2155 1220 fragmenta
2174 1184 2216 1222 p.
2248 1175 2322 1216 144
2355 1183 2438 1222 seq,

1400 1235 1474 1286 (ed.
1499 1233 1644 1284 Berol.)
1673 1239 1950 1270 commentatus
1980 1243 2064 1268 sum
2087 1228 2210 1281 (148).
2228 1230 2276 1267 Α1
2298 1242 2440 1268 3111111111

1399 1293 1612 1331 naturalem
1631 1291 1715 1330 dies
1730 1290 1872 1328 habere
1887 1288 2064 1341 prodidit
2079 1287 2295 1326 CCCLXIV
2319 1297 2357 1327 et
2382 1288 2441 1327 di-

1400 1352 1618 1390 midiatum.

1451 1410 1708 1448 Numerorum
1742 1409 1822 1446 vim
1853 1420 1925 1458 per
1947 1414 2067 1445 totam
2104 1419 2235 1444 rerum
2266 1414 2442 1445 naturam

1400 1470 1597 1522 pertinere
1627 1467 1801 1519 ejusdem
1835 1466 2051 1505 doctissimi
2083 1466 2163 1504 viri
2198 1465 2337 1517 opinio
2372 1466 2445 1505 fuit

1401 1542 1516 1579 quam
1545 1540 1663 1579 supra
1685 1526 1767 1577 jam
1798 1525 1973 1563 breviter
2003 1523 2306 1576 perstrinximus
2322 1523 2443 1576 (149).

1401 1587 1527 1633 Quare
1553 1599 1757 1624 numerum
1785 1594 1936 1623 aeternae
1954 1584 2240 1623 mundanorum
2263 1597 2445 1636 perman-

1402 1646 1523 1684 sionis
1549 1644 1908 1697 praestantissimam
1943 1656 1986 1681 ac
2014 1651 2151 1694 sponte
2178 1642 2346 1692 genitam
2379 1657 2444 1682 co-

1402 1705 1533 1756 pulam
1560 1717 1644 1742 esse
1672 1704 1727 1742 ait
1747 1703 1869 1756 (150).
1895 1702 1955 1740 Ad
1986 1701 2068 1739 haec
2098 1701 2297 1752 spectandi
2330 1711 2443 1750 sunt,

1402 1764 1551 1815 inquit,
1570 1776 1823 1801 numerorum
1838 1762 1999 1800 effectus
2029 1769 2067 1798 et
2091 1768 2229 1798 natura
2257 1773 2279 1798 e
2294 1761 2336 1799 vi
2361 1775 2447 1812 quae

1401 1822 1444 1860 in
1466 1821 1607 1859 decade
1628 1821 1822 1872 reperitur
1851 1835 1859 1857 ε
1889 1828 1947 1858 est
1973 1819 2077 1857 enim
2111 1818 2263 1858 denarii
2292 1822 2446 1860 numeri

1402 1881 1464 1919 vis
1490 1882 1628 1931 ingens
1658 1890 1773 1932 atque
1797 1881 1928 1918 omnia
1954 1879 2164 1931 perficiens
2183 1888 2222 1918 et
2241 1878 2447 1920 absolvens

1403 1939 1625 1991 divinaeque
1656 1952 1701 1978 ac
1726 1939 1894 1977 coelestis
1928 1947 1966 1976 et
1997 1938 2175 1976 humanae
2207 1940 2297 1976 vitae
2331 1939 2446 1978 simul

1403 1998 1515 2047 origo
1545 1999 1662 2036 simul
1690 1998 1769 2036 dux
1799 2006 1836 2036 et
1867 1997 2119 2038 moderatrix.
2145 1996 2237 2035 Sine
2257 2010 2303 2035 ea
2321 2006 2447 2036 autem

1403 2057 1536 2095 omnia
1562 2057 1738 2104 infinita,
1764 2057 1911 2095 incerta
1941 2065 2058 2107 atque
2079 2055 2261 2097 obscura.
2295 2056 2450 2108 Quippe

1404 2116 1557 2154 numeri
1589 2125 1728 2154 natura
1756 2129 1833 2166 qua
1861 2116 1925 2153 lex
1944 2123 2000 2153 est
2020 2128 2096 2166 qua
2114 2115 2194 2152 dux
2212 2123 2250 2152 et
2267 2115 2450 2165 magistra

1386 2174 1463 2211 -rei
1498 2174 1706 2224 cujuslibet
1737 2173 1867 2212 dubiae
1910 2182 2025 2224 atque
2067 2172 2249 2212 omnibus
2290 2173 2447 2223 ignotae.

1404 2232 1537 2284 Neque
1572 2234 1676 2272 enim
1705 2234 1887 2283 cuiquam
1928 2233 2010 2271 ulla
2038 2246 2100 2272 res
2130 2233 2192 2271 vel
2226 2245 2355 2271 secum
2386 2233 2449 2272 vel

1406 2306 1493 2330 cum
1522 2293 1610 2331 aliis
1643 2302 1863 2345 comparata
1893 2292 2099 2344 perspicua
2134 2292 2255 2339 foret,
2273 2292 2349 2330 nisi
2377 2305 2451 2330 nu-

1406 2364 1537 2390 merus
1572 2351 1734 2403 ejusque
1771 2360 1908 2389 natura
1938 2359 2046 2390 esset.
2075 2350 2187 2388 Nunc
2225 2358 2351 2388 autem
2387 2350 2452 2390 hic

1407 2423 1596 2449 mensurae
1615 2412 1737 2449 instar
1754 2419 1893 2449 cuncta
1912 2410 2043 2447 animo
2059 2409 2346 2447 accommodata
2363 2421 2450 2448 sen·

1407 2470 1468 2507 sui
1497 2468 1660 2519 subjicit
1689 2483 1733 2508 ac
1757 2468 1835 2507 sibi
1866 2468 2035 2506 invicem
2066 2467 2273 2506 familiaria
2299 2467 2449 2517 reddit,

1408 2528 1560 2577 singula
1568 2529 1676 2566 velut
1695 2541 1858 2580 corpore
1876 2528 2047 2566 vestiens
2065 2539 2271 2578 rerumque
2289 2535 2370 2565 tum
2390 2528 2451 2566 in-

1408 2585 1604 2623 finitarum
1626 2594 1706 2624 tum
1726 2587 1923 2624 finitarum
1948 2586 2050 2624 inter
2075 2599 2115 2624 se
2145 2586 2453 2637 comparationes

1409 2656 1431 2680 a
1450 2644 1567 2682 rebus
1600 2645 1697 2696 ipsis
1734 2645 1956 2696 sejungens.
1980 2644 2299 2683 Animadvertere
2325 2653 2450 2683 autem

1407 2701 1498 2739 licet
1530 2715 1780 2741 numerorum
1813 2704 1893 2741 vim
1924 2712 1961 2741 et
1994 2712 2170 2741 naturam
2202 2702 2350 2754 ubique
2372 2717 2452 2742 non

1410 2760 1526 2797 modo
1559 2761 1601 2798 in
1635 2761 1751 2800 rebus
1781 2762 1929 2800 divinis
1962 2775 2006 2800 ac
2039 2760 2284 2809 coelestibus,
2307 2762 2375 2800 sed
2410 2762 2453 2800 in

1409 2818 1592 2857 omnibus
1636 2833 1794 2870 quoque
1835 2820 2022 2872 operibus
2058 2821 2288 2861 mortalibus
2326 2821 2453 2859 omni-

1407 2875 1558 2927 busque
1578 2879 1797 2917 rationibus
1825 2888 1863 2917 et
1884 2880 2054 2927 artibus,
2085 2888 2126 2918 ut
2157 2888 2195 2917 et
2225 2879 2267 2917 in
2289 2878 2449 2918 musica.

1408 2935 1666 2976 Numerorum
1698 2947 1825 2976 autem
1859 2947 1902 2976 ut
1936 2938 2153 2976 harinoniae
2183 2946 2320 2976 natura
2353 2937 2451 2976 nihil

1412 2994 1498 3033 falsi
1519 2996 1706 3047 admittit,
1733 2999 1877 3048 quippe
1896 3011 2010 3048 quam
2032 2998 2221 3046 attingere
2249 2996 2347 3034 illud
2372 3009 2452 3033 non

1410 3054 1546 3103 possit.
1570 3054 1722 3093 Falsum
1751 3057 1853 3093 enim
1883 3065 1921 3094 et
1947 3056 2096 3095 invidia
2113 3055 2276 3093 infinitae
2304 3063 2451 3092 tantum

1411 3120 1524 3162 atque
1556 3114 1779 3165 insipientis
1816 3123 1853 3152 et
1885 3114 2074 3153 dementis
2111 3122 2256 3152 naturae
2283 3121 2389 3152 sunt.
2406 3112 2452 3150 In

1409 3222 1455 3252 Dc
1479 3222 1560 3253 coelo
1580 3224 1621 3264 II,
1640 3232 1709 3263 pag.
1733 3226 1790 3255 124
1813 3223 1845 3256 b.
1872 3236 1915 3250 -·-
1939 3223 2026 3263 (145)
2039 3221 2111 3254 Vid.
2144 3223 2254 3260 fragm.
2282 3221 2331 3252 1ο.
2357 3219 2451 3251 conf.

1413 3266 1546 3299 Achilles
1567 3269 1680 3301 Tatius
1697 3270 1729 3301 111
1749 3272 1838 3302 Arat.
1860 3270 2003 3310 Prolegg.
2022 3271 2070 3301 19.
2083 3266 2219 3308 -(146)
2242 3265 2317 3298 Vid.
2339 3265 2450 3305 fragm.

1415 3317 1463 3344 11.
1477 3332 1518 3338 —
1532 3316 1619 3357 (147)
1637 3317 1828 3349 Censorinus
1840 3316 1881 3348 (10
1893 3315 1943 3346 die
1955 3315 2052 3348 natali
2066 3323 2136 3355 cap.
2157 3315 2203 3345 18.
2215 3330 2257 3335 ——
2270 3312 2356 3352 (148)
2373 3311 2452 3342 0011-

1412 3360 1637 3438 ῗο11111151ξ3ρ.
1667 3365 1716 3395 19.
1741 3384 1780 3390 -
1802 3363 1888 3404 (149)
1914 3362 1987 3395 Vid.
2007 3362 2118 3401 fragm.
2140 3362 2190 3392 12.
2208 3377 2248 3386 —
2266 3357 2353 3399 (15⁰)
2374 3357 2449 3390 Vid-

1426 3414 1523 3444 ragm.
1586 3431 1593 3439 .
