2638 3840
685 214 920 264 EJUSQUE
950 215 1235 257 DISCIPULIS
1265 217 1332 258 ET
1359 218 1786 277 sucpssssomssus.

160 313 204 343 ut
218 303 330 356 ajunt
345 303 562 356 Stephanus
582 303 793 356 Byzantius
817 304 921 356 (220)
941 313 981 343 et
998 303 1136 343 Suidas
1157 319 1199 343 v.

2169 232 2306 274 sxxni

1261 319 1311 345 ex
1346 320 1424 358 quo
1459 307 1590 347 hausit
1619 307 1776 348 silentio
1806 308 1991 359 praeterit.
2027 307 2165 346 Postea
2202 309 2304 347 idem

161 364 328 414 Γάδειρα.
349 362 482 414 Neque
497 363 602 401 enim
617 362 724 402 aliud
744 362 863 402 ruisse
875 376 977 415 opus
995 362 1203 416 probabile
1264 376 1553 405 monumentum
1587 381 1675 406 cum
1707 366 1874 406 Joannis
1909 366 2046 405 Northi
2078 367 2307 419 interpreta-

158 431 231 463 est.
265 421 354 461 Vid.
382 421 795 474 Porphyr.(221)vit.
826 422 975 461 Plotini
1009 435 1095 473 cap.
1132 437 1197 461 20.

158 481 272 521 Hunc
290 481 544 528 Moderatum,
565 494 679 533 quem
694 482 824 520 virum
839 482 1200 533 eloquentissimum

160 541 335 579 nominat
356 540 618 592 Hieronymus
649 540 692 579 in
721 539 988 593 111‚apologia
1013 541 1200 581 adversus

160 600 361 649 Rufinum,
398 614 447 640 ex
484 609 594 653 parte
626 601 801 639 imitatus
841 609 900 639 est
941 599 1198 643 Jamhlichus.

158 659 387 711 fragmenta
423 660 510 712 ejus
530 673 629 712 -quae
661 672 864 712 superesse
896 659 1024 699 voluit
1050 660 1203 699 fortuna

157 719 261 759 infra
280 728 572 773 proponentur.
897 719 901 723 ’

210 778 333 818 Venio
349 792 453 818 nunc
471 779 519 818 ad
539 778 713 829 quinque
733 783 864 816 incerti
888 782 1050 818 auctoris
1069 781 1203 830 ἄλφα--

157 842 317 877 tationes
337 840 499 876 morales
520 837 655 876 dorice
674 838 912 890 conscriptas
926 852 1023 890 quas
1039 839 1081 877 in
1098 839 1200 880 Phil.

155 897 225 938 Gr.
250 897 401 948 Fragm.
430 896 544 936 vol.1
570 910 659 949 pag.
685 897 861 942 544-552
884 897 1097 949 divulgavi.
1128 899 1203 937 Ha-

156 969 243 996 rum
267 965 396 995 custos
415 969 459 995 ac
483 964 659 995 servator
680 964 746 994 aut
766 955 850 1008 ipse
871 956 1012 996 Sextus
1033 958 1202 1010 Empiri-

156 1029 225 1055 cus
242 1016 314 1055 fuit
332 1024 398 1055 aut
417 1015 503 1068 ejus
530 1015 710 1066 librarii,
737 1017 923 1067 quoniam
942 1019 1047 1056 Sexti
1069 1019 1204 1070 operi-

157 1076 231 1114 bus
249 1075 356 1113 velut
373 1074 601 1126 appendicis
622 1074 712 1112 loco
732 1074 771 1112 in
795 1075 1033 1115 membranis
1058 1076 1203 1129 subjici

157 1133 349 1173 solent-ln
363 1133 497 1172 codice
510 1133 764 1172 Cizensivero
777 1148 854 1173 non
865 1136 990 1174 solum
1009 1136 1057 1174 ad
1068 1136 1204 1175 ultima

157 1193 303 1244 quintae
320 1192 548 1245 quaestionis
580 1191 700 1231 verba
726 1194 937 1245 apponitur
964 1194 1164 1233 annotatio
1191 1209 1201 1233 ι

157 1251 357 1301 σημείωσαι
371 1249 424 1289 ὅτι
438 1249 477 1290 τὸ
488 1251 668 1290 ἐπίλοιπον
683 1252 749 1303 οὐχ
761 1251 895 1304 εὑρέθη,
915 1252 982 1291 sed
993 1253 1108 1292 etiam
1123 1253 1204 1291 haec

157 1309 293 1349 libello
306 1309 526 1362 subscripta
539 1310 742 1360 leguntur:
757 1312 828 1349 τῶν
842 1313 902 1349 τοῦ
916 1317 1109 1351 σκεπτικοῧ
1118 1313 1204 1358 Σέξ-

155 1383 217 1407 του
242 1371 311 1407 τῶν
325 1367 413 1422 πρὸς
437 1367 640 1421 ἀντίῤῥησιν
657 1369 742 1408 δέκα
758 1370 1023 1420 ὑπομνημάτων
1049 1371 1200 1424 δωρικῆς

157 1427 341 1467 διαλέκτου
361 1428 516 1467 ἐντεῦθεν
534 1427 599 1472 ἕως
617 1431 677 1467 τοῦ
696 1428 828 1473 τέλους.
846 1431 1014 1475 Ζητείται
1034 1430 1070 1469 δὲ
1093 1432 1123 1470 εἷ
1142 1431 1202 1470 καὶ

159 1485 202 1526 τὸ
246 1486 361 1539 παρὸν
400 1487 618 1540 σύγγραμμα
659 1485 791 1532 Σέξτου
831 1487 935 1528 ἐστίν.
970 1488 1038 1528 Est
1077 1498 1201 1528 autem

166 1545 384 1584 verisimile
409 1545 527 1585 Henr.
549 1545 786 1598 Stephanum
808 1548 877 1598 qui
896 1548 1048 1600 primus
1079 1549 1202 1599 ignoti

161 1603 388 1657 philosophi
414 1605 646 1657 opusculum
669 1618 794 1655 graece
826 1607 910 1645 sine
930 1600 1099 1646 auctoris
1128 1622 1203 1647 no-

155 1662 263 1702 mine
275 1663 378 1702 inter
394 1663 730 1716 Pythagoreorum
753 1664 967 1715 fragmenta
991 1666 1032 1704 in
1059 1667 1136 1705 fine
1156 1667 1203 1706 li-

156 1721 318 1762 brorum
349 1722 537 1774 Diogenis
563 1722 707 1762 Laertii
732 1724 858 1763 edidit
886 1726 1071 1765 sumsisse
1102 1727 1201 1765 illud

155 1793 178 1821 e
204 1789 359 1822 vetusto
386 1782 491 1821 Sexti
512 1780 703 1835 Empirici
732 1783 922 1836 exemplo.
949 1782 1038 1836 lpse
1060 1787 1202 1824 fontem

155 1928 286 1970 ὕστερον
317 1929 422 1971 μέντοι
449 1928 651 1962 διδάσκουσιν
679 1928 727 1961 ὅτι
748 1929 808 1972 οὐχ
824 1929 910 1963 οὗτοι
929 1930 1069 1972 στοιχεῖά
1084 1931 1161 1964 εἰσιν
1175 1932 1204 1964 οἱ

156 1978 367 2019 χαρακτῆρες,
384 1974 463 2008 ἀλλὰ
486 1975 538 2008 διὰ
562 1976 682 2008 τούτων
701 1976 803 2008 ἔννοια
819 1978 937 2017 γίνεται
953 1981 1016 2010 τῶν
1034 1979 1109 2020 πρὸς
1126 1978 1204 2017 ἀλή-

155 2023 239 2055 Οειαν
251 2023 428 2066 στοιχείων·
449 2024 503 2055 καὶ
516 2024 547 2055 οἱ
562 2024 736 2066 γιώμὲτραι
757 2025 800 2063 μὴ
817 2026 978 2067 ἰσχύοντες
990 2026 1030 2058 τὰ
1047 2027 1204 2069 ἀσώματα

155 2071 222 2109 εῐδη
241 2070 326 2113 λόγῳ
343 2076 546 2113 παραστῆσαι
571 2073 794 2112 παραγίνονται
811 2073 862 2105 ἐπὶ
881 2075 936 2112 τὰς
953 2075 1124 2116 διαγραφὰς
1140 2079 1203 2108 τῶν

154 2117 349 2160 σχημάτων,
371 2118 511 2160 λέγοντες
531 2118 610 2151 εἶναι
628 2120 777 2160 τρίγωνον
792 2120 876 2161 τόδε,
893 2120 931 2152 οὗ
943 2123 1036 2153 τοῦτο
1053 2122 1203 2164 βουλὸμε·

153 2176 202 2199 νοι
221 2165 371 2209 τρίγωνον
394 2167 472 2199 sivan
495 2168 532 2200 τὸ
558 2168 620 2199 ὑπὸ
648 2168 703 2206 τὴν
728 2167 800 2209 ὄψιν
835 2169 1027 2209 ῦποπῖπτον,
1058 2169 1137 2202 ἀλλὰ
1164 2170 1204 2203 ’τὸ

154 2215 279 2247 τοιοῦτο
290 2237 300 2252 ,
316 2214 370 2247 ’καὶ
386 2214 439 2247 διὰ
453 2214 565 2248 τούτου
578 2216 634 2254 τὴν
649 2216 768 2248 ἔννοιαν
786 2218 841 2248 τοῦ
854 2216 1005 2258 τριγώνου
1020 2219 1203 2259 παριστᾶσι.

154 2260 216 2294 Καὶ
233 2260 284 2293 tut
299 2264 362 2293 τῶν
378 2262 511 2304 πρώτων
533 2262 587 2295 οὗν
604 2262 704 2302 λόγων
726 2263 779 2294 καὶ
796 2263 886 2295 οἰδῶν
900 2264 937 2296 τὸ
953 2262 1028 2296 αὐτὸ
1052 2263 1204 2302 ἐποίησαν

155 2307 185 2340 οἱ
205 2307 425 2351 Πυθαγόρειοι,
442 2309 485 2349 μὴ
502 2309 664 2352 ἰσχύοντες
681 2308 766 2350 λόγῳ
779 2310 985 2353 παραδιδὸναι
994 2311 1034 2343 τὰ
1047 2311 1205 2354 ἀσώματα

153 2354 220 2392 εῑόη
238 2355 292 2387 καὶ
306 2355 363 2393 τὰς
390 2356 515 2399 πρώτας
536 2358 656 2401 ἀρχάς,
682 2358 889 2400 παρεγένοντο
917 2358 967 2391 ἐπὶ
986 2359 1042 2398 τὴν
1058 2358 1111 2391 διὰ
1138 2362 1203 2391 τῶν

154 2401 291 2443 ἀριθμῶν
306 2402 458 2440 δήλωσιν.
498 2405 559 2437 Καὶ
581 2406 678 2441 οὕτως
702 2405 756 2438 τὸν
776 2405 831 2446 μὲν
858 2409 914 2445 τῆς
938 2405 1084 2444 ἑνάτητος
1112 2406 1204 2448 λόγον

154 2448 211 2480 καὶ
222 2447 276 2480 τὸν
287 2451 341 2487 τῆς
362 2449 552 2488 ταυτότητος
576 2451 630 2483 καὶ
651 2451 704 2484 τὸν
727 2455 781 2489 τῆς
809 2452 954 2490 ἰσότητος
969 2452 1024 2485 καὶ
1040 2453 1077 2485 τὸ
1105 2452 1204 2484 alnov

153 2497 208 2534 τῆς
229 2496 403 2535 συμπνοίας
419 2498 473 2529 nat
489 2500 543 2536 τῆς
565 2497 759 2538 συμπαθείας
780 2501 844 2530 τῶν
859 2499 940 2531 ὅλων
953 2498 1007 2531 καὶ
1027 2502 1082 2536 τῆς
1101 2509 1203 2536 σωτη-

154 2542 220 2585 ρίας
235 2545 292 2575 τοῦ
304 2542 385 2575 κατὰ
400 2543 500 2576 ταύτὰ
512 2543 565 2576 καὶ
579 2545 734 2582 ὡσαύτως
747 2545 872 2585 ἔχοντος
887 2545 919 2577 ἓν
934 2545 1201 2587 προσηγόρευσαν·

154 2588 207 2621 καὶ
222 2588 282 2630 γὰρ
295 2589 332 2621 τὸ
345 2589 377 2621 ὲν
396 2593 463 2629 τοῖς
479 2591 562 2623 κατὰ
577 2592 668 2633 μέρος
691 2591 724 2624 ἓν
743 2594 866 2624 τοιοῦτο
891 2592 1026 2635 ὑπάρχει
1043 2593 1203 2633 ἡνωμένον

153 2639 218 2672 τοῖς
237 2637 345 2677 με’ρεσι
363 2638 418 2670 καὶ
439 2638 602 2680 σύμπνουν
627 2638 709 2671 κατὰ
730 2638 901 2679 μετουσίαν
919 2642 976 2672 τοῦ
998 2639 1124 2681 πρώτου
1151 2640 1200 2672 οἱ·

152 2682 232 2718 τίον.
251 2684 314 2717 Τὸν
327 2683 362 2717 ἃ
375 2688 431 2724 τῆς
445 2686 624 2728 ίτερότητος
647 2685 701 2719 καὶ
731 2685 914 2725 ἀνισότητος
929 2687 983 2719 καὶ
1006 2688 1120 2725 παντὸς
1147 2692 1202 2721 τοῦ

154 2734 301 2775 μεριστοῦ
321 2732 375 2766 καὶ
394 2733 426 2766 ἐν
442 2734 598 2776 μοταδολῇ
619 2734 672 2766 tui
689 2733 799 2767 ἄλλοτε
815 2734 916 2772 ἄλλως
935 2735 1061 2778 ίχοντος
1080 2735 1201 2775 δυοιιδῆ

153 2778 245 2821 λόγον
262 2780 316 2812 καὶ
341 2780 439 2814 δυάδα
455 2778 722 2825 προσηγόρευσαν·
734 2782 865 2821 τοιαύτη
886 2782 946 2824 γὰρ
964 2782 1024 2815 κάν
1039 2786 1104 2819 τοῖς
1119 2784 1200 2815 κατὰ

154 2826 243 2868 μέρος
258 2826 279 2864 ἡ
298 2830 360 2860 τῶν
373 2827 429 2860 δύο
445 2827 547 2869 φύσις.
1106 2858 1108 2860 .

198 2876 287 2915 (220)
299 2875 481 2917 stephanus
503 2874 680 2916 Byzantius
700 2883 731 2907 v.
755 2876 894 2919 Γάδειρα·
915 2877 934 2908 6
949 2877 1075 2916 πολίτης
1095 2879 1198 2911 radet·

153 2922 232 2964 ρούς·
246 2922 330 2956 οὕτω
344 2923 404 2966 γὰρ
421 2923 461 2956 τὰ
473 2923 564 2957 πέντε
587 2923 692 2966 βιδλία
710 2924 930 2967 ἐπιγέγραπται
953 2929 1016 2958 τῶν
1031 2928 1200 2968 Πυθαγορι-

152 2970 218 3001 ιῦν
232 2969 356 3011 σχολῶν
370 2969 552 3013 Μοδεράτου
570 2970 751 3014 Γαδιιρίως.
763 2988 809 2997 -
828 2975 915 3013 (22t)
930 2974 1126 3015 Porphyrius
1141 2975 1198 3009 vlt.

154 3014 272 3049 Plotini
289 3025 359 3059 cap.
376 3020 417 3051 20
435 3030 443 3048 ε
457 3019 488 3050 οἱ
504 3018 538 3051 ὀὶ
550 3018 604 3051 καὶ
617 3018 730 3057 πλήθει
742 3020 972 3062 προδλημὰτων
987 3021 1009 3053 ἃ
1022 3023 1199 3065 μεττχειρὴ·

153 3072 251 3095 σαντο
266 3063 323 3102 τὴν
337 3065 476 3104 σπουδὴν
490 3068 546 3098 τοῦ
564 3065 690 3106 γράφειν
705 3065 928 3108 ἀποδεξάμενοι
939 3068 993 3100 καὶ
1003 3068 1109 3110 τρόπῳ
1129 3070 1199 3113 ἰδίῳ

152 3109 343 3151 χρησάμενοι
359 3110 514 3149 Πλωτῖνός
529 3111 590 3144 slot
603 3111 657 3144 καὶ
672 3113 860 3150 Γεντιλιανὸς
875 3112 1027 3154 Ἀμέλιος,
1040 3116 1059 3147 6
1074 3115 1130 3157 μὶν
1143 3117 1199 3155 τὰς

64 3185 74 3197 ,Δ
152 3156 380 3199 Πυθαγορείους
401 3158 500 3201 ἀρχὰς
514 3160 568 3191 καὶ
588 3159 803 3202 ΙΙλατωνιιιάς,
823 3162 865 3198 ὡς
885 3160 998 3202 ἐδόκει,
1016 3162 1089 3203 πρὸς
1105 3173 1198 3203 om·

153 3204 264 3247 στίραν
274 3208 338 3238 τῶν
346 3206 406 3248 πρὸ
414 3206 510 3240 αὐτοῦ
522 3205 797 3248 καταστησάμενος
809 3209 968 3250 ἰξήγησιν,
981 3210 1052 3242 οὐδᾶ
1062 3210 1122 3253 γὰρ
1133 3212 1199 3245 οὐδ’

153 3250 243 3293 ἐγγύς
262 3262 291 3285 τι
307 3252 348 3285 τὰ
360 3254 538 3294 Νουμηνίσυ
553 3254 607 3287 καὶ
621 3254 755 3295 Κρονίου
770 3257 826 3288 καὶ
848 3256 1028 3298 Μοδεράτου
1041 3258 1095 3290 καὶ
1110 3259 1198 3300 Θρα-

152 3297 267 3330 σύλλου
291 3301 356 3335 τοῖς
376 3300 537 3332 tumim
560 3300 630 3342 mpl
658 3304 721 3333 τῶν
747 3302 851 3335 αὐτῶν
882 3304 1125 3346 συγγράμμασιν
1153 3307 1198 3345 εἰς

153 3342 321 3386 &mecum-
342 3346 361 3378 ὁ
377 3345 410 3379 δᾶ
429 3345 563 3389 Άμὲλιος
579 3348 650 3380 κατ’
666 3348 739 3391 ίχνη
749 3349 805 3389 μὲν
819 3351 932 3383 τούτου
946 3351 1078 3393 βαδίζειν
1087 3363 1195 3395 προαι·

154 3389 312 3432 ρώμενος,
330 3392 383 3424 ut
401 3394 442 3426 τὰ
458 3394 559 3427 πολλὰ
572 3397 628 3436 μἰν
644 3399 710 3429 τῶν
728 3397 832 3429 αὐτῶν
851 3396 1018 3438 δογμάτων
1037 3397 1196 3441 ἐχόμενος,

153 3438 194 3479 τῇ
208 3437 242 3470 ἃ
269 3437 432 3483 ὶξιργασίᾳ
450 3441 547 3480 πολὺς
566 3443 611 3475 ὧν
629 3444 682 3476 καὶ
709 3447 749 3486 τῇ
773 3447 827 3483 τῆς
854 3444 1017 3486 spannia<
1046 3445 1192 3488 περισολῇ

1264 425 1370 464 tione
1388 427 1543 478 repetiit
1560 426 1731 466 Thomas
1758 426 1903 465 Galeus
1922 427 1964 465 in
1992 426 2200 478 Opusculis
2219 427 2308 478 My-

1263 483 1483 535 thologiciS‚
1495 486 1675 538 Physicis
1687 494 1726 525 et
1738 485 1886 525 Ethicis
1897 486 2175 525 Amstelodami
2194 486 2306 524 1688.

1264 540 1433 582 Northus
1480 554 1674 584 auctorem
1710 545 1796 598 ejus
1829 545 1984 596 putavit
2015 545 2148 582 nescio
2191 557 2307 595 quem

1262 598 1485 640 Mimantem
1507 603 1691 656 deceptus
1721 604 1845 643 veteri
1883 604 2050 642 lectione
2071 604 2148 642 loci
2178 605 2246 654 qui
2268 605 2310 642 in

1261 658 1366 700 Phil.
1387 661 1457 701 Gr.
1474 661 1752 713 Fragm.vol.l
1773 677 1861 716 pag.
1882 664 1959 713 549
1972 672 2106 702 exstat.
2128 662 2190 701 lbi
2206 663 2310 701 enim

1262 718 1355 756 olim
1378 719 1504 770 Μίμας
1535 721 1608 771 εἰμί
1640 719 1886 772 vulgabatur.
1920 722 2031 761 Nunc
2059 735 2081 760 e
2110 721 2312 760 codicibus

1262 791 1361 828 quos
1379 778 1443 817 Jo.
1470 779 1557 817 Alb.
1585 780 1787 820 Fabricius
1816 781 1985 820 contulit
2013 781 2234 819 restitutum
2255 790 2313 819 est

1263 835 1398 886 μύστας
1435 837 1520 888 εἶμί.
1554 838 1815 884 Quamobrem
1852 840 2045 892 interpres
2078 839 2147 878 ille
2181 839 2314 890 conje-

1263 898 1371 933 ctura
1391 895 1598 937 aberravit.
1623 898 1786 937 Inseruit
1806 899 1991 938 videlicet
2018 898 2220 937 Fabricius
2247 899 2312 937 Bi-

1262 953 1402 994 blioth.
1417 955 1539 993 Graec.
1559 957 1639 995 vol.
1659 956 1731 994 xlt
1744 957 1811 996 lias
1826 958 2104 1009 disputationes
2119 971 2213 1009 quas
2226 972 2314 996 cum

1262 1013 1464 1065 scripturae
1493 1016 1679 1053 varietate
1710 1029 1731 1054 e
1764 1016 2000 1055 membranis
2034 1026 2187 1055 enotata
2225 1030 2313 1068 pag.

1263 1073 1439 1120 617-635
1463 1073 1633 1112 exhibet.
1657 1075 1733 1120 Qui
1763 1089 1883 1127 quum
1918 1077 2172 1114 intellexisset
2197 1076 2315 1115 Sexto

1262 1131 1459 1185 Empirico
1478 1148 1542 1173 eas
1563 1134 1779 1186 adjudicari
1800 1150 1878 1174 non
1903 1150 2034 1188 posse,
2062 1137 2178 1175 Sexto
2201 1137 2315 1175 Chae-

1261 1193 1418 1231 ronensi
1433 1222 1444 1242 ‚
1464 1193 1619 1240 Stoico,
1643 1194 1841 1233 Plutarchi
1869 1196 2024 1246 nepoti,
2048 1196 2099 1234 M.
2123 1196 2314 1235 Antonini

1264 1251 1495 1302 praeceptori
1514 1251 1617 1303 (222)
1641 1253 1843 1292 vindicare
1859 1264 2020 1293 conatus
2035 1264 2102 1293 est.
2121 1254 2315 1294 Nimirum

1261 1308 1326 1346 hic
1346 1318 1404 1347 est
1421 1309 1560 1349 Sextus
1594 1311 1852 1365 philosophus
1878 1327 1992 1365 quem
2022 1313 2095 1352 sub
2119 1314 2317 1353 Hadriano

1263 1369 1443 1408 floruisse
1462 1379 1622 1409 testatur
1645 1372 1853 1422 Syncellus
1871 1386 1912 1425 p.
1941 1375 2017 1423 349
2039 1382 2077 1412 et
2107 1387 2130 1412 a
2156 1388 2235 1425 quo
2251 1388 2316 1425 ge-

1262 1441 1336 1467 nus
1373 1441 1414 1466 se
1433 1428 1576 1468 ducere
1606 1430 1798 1480 gloriatur
1831 1432 2020 1484 Apulejus
2051 1433 2312 1485 Metamorph.

1263 1486 1334 1527 lib.
1356 1487 1369 1524 l
1387 1488 1472 1526 init.
1492 1488 1554 1527 his
1569 1489 1701 1528 verbis
1721 1505 1730 1527 :
1754 1507 1771 1525 «ι
1787 1490 2030 1529 Thessaliam
2046 1491 2156 1544 (nam
2174 1501 2212 1530 et
2230 1492 2314 1531 illic

1264 1546 1432 1596 originis
1458 1556 1639 1586 maternae
1660 1557 1802 1588 nostrae
1827 1549 2079 1589 fundamenta
2109 1565 2132 1590 a
2157 1551 2313 1590 Plutar-

1262 1604 1335 1643 cho
1355 1605 1425 1643 illo
1441 1606 1588 1657 inclyto
1609 1621 1652 1645 ac
1665 1621 1756 1647 mox
1785 1608 1902 1647 Sexto
1920 1609 2156 1662 philosopho
2177 1620 2317 1662 nepote

1262 1663 1349 1716 ejus
1369 1665 1542 1717 prodita,
1563 1667 1728 1716 gloriam
1759 1667 1875 1707 nobis
1897 1669 2066 1722 faciunt)
2088 1683 2171 1709 eam
2193 1670 2314 1710 Thes-

1266 1725 1401 1763 saliam
1435 1739 1483 1763 ex
1512 1728 1669 1776 negotio
1704 1727 1895 1780 petebam.
1924 1746 1941 1764 ι»
1974 1729 2063 1781 lpse
2095 1731 2317 1769 Antoninus

1265 1796 1353 1823 eum
1387 1784 1559 1823 celebrat
1597 1785 1665 1827 lib.
1701 1787 1735 1835 1,
1768 1801 1793 1838 9
1818 1788 2010 1840 praeclara
2037 1788 2086 1827 ab
2121 1789 2193 1827 illo
2225 1790 2317 1828 vitae

1264 1852 1457 1895 praecepta
1474 1843 1652 1883 edoctum
1670 1858 1711 1884 se
1728 1847 1967 1887 testificatus.
1992 1847 2137 1886 Suidas
2164 1848 2204 1885 in
2227 1847 2314 1893 Ee}-

1262 1917 1320 1946 τος
1352 1903 1456 1941 inter
1492 1902 1599 1942 Sexti
1645 1904 1919 1946 Chaeronensis
1950 1907 2097 1958 scripta
2135 1917 2315 1946 numerat

1262 1961 1377 1998 etiam
1399 1961 1575 2000 σκεπτικὰ
1591 1961 1711 2014 βιὸλία
1725 1963 1825 2004 δέκα.
1842 1964 1952 2003 Adde
1971 1965 2251 2005 philostratum
2270 1967 2311 2006 in

1265 2018 1416 2058 Herode
1435 2021 1565 2060 Attico
1585 2035 1624 2074 p.
1647 2022 1723 2060 556
1740 2032 1779 2061 et
1799 2023 1962 2062 Dionem
1978 2024 2313 2076 chrysostomum.

1266 2077 1322 2116 De
1341 2078 1478 2117 eodem
1509 2081 1780 2133 accipiendum
1802 2083 1903 2121 illud
1925 2083 2089 2123 llimerii
2110 2084 2152 2123 in
2178 2084 2312 2123 lauda·

1263 2137 1371 2176 tione
1390 2137 1518 2177 Rufini
1540 2140 1614 2179 filii
1633 2140 1807 2181 defuncti
1832 2156 1841 2180 ε
1863 2144 1981 2196 θρηνῶ
2012 2146 2072 2181 ν’ῡν
2099 2141 2137 2181 ὃν
2162 2143 2313 2182 δεινότε-

1265 2210 1323 2247 ρον
1347 2195 1485 2244 ἤλπισα
1510 2200 1747 2239 Μινουκιανοῦ
1777 2200 2008 2254 φθέγξασθαι,
2042 2202 2250 2255 σεμνότερον
2276 2202 2313 2242 δὲ

1264 2255 1486 2309 Νικαγόρου,
1510 2258 1748 2311 Πλουτάρχου
1769 2258 1801 2298 δ’
1822 2260 2122 2314 ιῦγλωττότερον,
2150 2264 2307 2301 Μουσω-

1264 2313 1338 2352 νίου
1369 2313 1406 2352 δὲ
1440 2315 1737 2369 φιλοσοφώτερον,
1778 2318 1908 2363 Σέξτου
1935 2318 1970 2358 δὲ
1999 2320 2309 2373 καρτερικώτερον.

1264 2372 1464 2412 Fabricius
1500 2374 1621 2425 igitur
1655 2375 1783 2425 istud,
1811 2379 2081 2430 qualecunque
2101 2389 2173 2427 est,
2196 2380 2312 2419 volu·

1263 2445 1351 2470 men
1372 2432 1490 2471 Sexto
1509 2433 1763 2474 Chaeronensi
1785 2437 1965 2487 assignat·
1984 2451 2098 2488 quem
2117 2452 2140 2477 a
2162 2440 2309 2479 Dorica

1263 2490 1430 2530 dialecto
1446 2505 1523 2531 non
1543 2506 1724 2532 aversum
1749 2494 1868 2534 fuisse
1885 2497 1952 2535 ait.
1985 2498 2034 2536 At
2048 2498 2146 2537 nihil
2162 2498 2305 2551 proba·

1263 2550 1334 2590 vit.
1376 2550 1586 2591 Enimvero
1627 2552 1724 2592 mihi
1757 2554 1885 2607 major
1917 2556 2074 2596 videtur
2108 2557 2309 2599 Plutarchi

1262 2621 1383 2661 nepos
1403 2622 1518 2661 quam
1539 2611 1602 2650 cui
1621 2610 1680 2650 hae
1699 2611 1983 2664 disputationes
2002 2614 2124 2655 tribui
2145 2626 2304 2668 queant.

1266 2666 1438 2719 Apparet
1470 2668 1626 2708 dicendi
1661 2671 1845 2710 artificem
1880 2681 1918 2711 et
1949 2674 2204 2725 magistrum,
2242 2676 2306 2715 cui

1262 2740 1403 2779 paucas
1429 2741 1516 2780 quae
1548 2738 1758 2782 supersunt
1786 2731 1950 2783 paginas
1982 2733 2184 2781 debemus,
2226 2736 2309 2787 pri-

1262 2799 1365 2825 mum
1390 2796 1479 2839 post
1493 2801 1662 2840 pugnam
1682 2788 1730 2828 ad
1748 2789 1862 2841 AEgos
1882 2790 2026 2831 flumen
2042 2794 2306 2842 commissam,

1259 2857 1336 2895 qua
1370 2845 1624 2886 Athenienses
1666 2860 1689 2886 a
1732 2846 2035 2889 Lacedaemoniis
2074 2851 2308 2904 Olympiade

1260 2902 1386 2942 xcnt
1408 2906 1580 2958 superati
1600 2915 1714 2954 sunt,
1734 2908 1903 2960 vixisse,
1922 2922 2043 2960 quum
2060 2910 2144 2962 ejus
2176 2911 2306 2964 proelii

1261 2971 1443 3015 tanquam
1473 2978 1599 3018 nuper
1639 2966 1726 3006 sacti
1757 2966 1864 3020 (223)
1900 2970 2134 3009 mentionem
2169 2971 2310 3010 inserat

1261 3035 1298 3074 p.
1320 3022 1412 3070 544,
1426 3022 1567 3063 deinde
1585 3038 1673 3064 eum
1706 3034 1830 3066 stante
1850 3027 2055 3067 Persarum
2076 3043 2196 3080 regno
2217 3030 2304 3081 phi-

1260 3080 1505 3135 losophatum
1525 3096 1609 3123 esse
1634 3085 1760 3137 (224),
1787 3085 1880 3136 quia
1896 3086 1994 3126 nihil
2015 3087 2170 3128 obstare
2192 3088 2303 3138 dicit,

1257 3214 1333 3259 πρὸς
1351 3215 1404 3249 τὸν
1422 3216 1561 3251 ἆναντίον
1577 3218 1688 3262 ἐκείνῳ
1714 3221 1805 3259 ζῆλον
1823 3220 2031 3263 ὑπαγόμενος.
2061 3238 2102 3246 --
2120 3223 2207 3262 (222)
2225 3222 2305 3256 vtae

1258 3262 1383 3296 'utinm
1407 3263 1626 3306 capitolinum
1646 3266 1678 3299 lu
1700 3266 1854 3300 Antonini
1871 3269 1950 3307 vtts.
1967 3269 2098 3302 suidam
2120 3278 2150 3302 v.
2169 3270 2307 3311 Μάρκος,

1257 3310 1448 3352 Eutropium
1466 3311 1521 3344 lib.
1539 3313 1621 3346 vm
1637 3322 1708 3356 esp.
1727 3319 1757 3347 ο.
1777 3314 1827 3348 ct.
1851 3316 1969 3348 Thom.
1989 3317 2141 3348 Gatnkor.
2157 3317 2197 3348 sd
2216 3317 2273 3351 ub.
2290 3319 2306 3351 1

1258 3356 1422 3390 Antonini.
1445 3375 1487 3383 —
1506 3358 1595 3400 (22³)
1615 3369 1686 3402 pag.
1716 3363 1775 3394 544
1796 3374 1804 3395 ε
1823 3360 1856 3393 lv
1883 3373 1916 3394 τε
1942 3366 1985 3404 τῷ
2014 3366 2142 3406 πολέμῳ
2165 3364 2218 3396 καὶ
2238 3364 2305 3405 (τὰ

1259 3403 1400 3436 wama
1420 3408 1544 3446 πρῶτον
1573 3406 1648 3448 ἐρῶ)
1678 3408 1699 3439 α
1718 3411 1781 3440 τῶν
1811 3410 2067 3450 Λακεδαιμονίων
2095 3412 2187 3450 νίκα,
2221 3411 2256 3444 ἐν
2285 3413 2306 3453 α,

1258 3450 1372 3483 ἒνίιιων
1404 3452 1465 3489 τὼς
1487 3453 1652 3492 Ἀθηναίοις
1687 3455 1740 3487 καὶ
1768 3457 1829 3493 τὼς
1853 3457 2029 3499 συμμάχοις
2053 3459 2118 3490 κτλ.
2143 3471 2186 3481 --
2214 3461 2306 3499 (226)

2133 3530 2154 3557 c
