2606 3828
276 260 349 295 234
982 243 1240 284 CHALClDlI
1276 239 1689 287 COMMENTARIUS

270 342 401 380 [usioni
413 364 421 379 ,
442 341 524 372 tunc
540 339 706 371 nimirum
724 334 937 369 incurrentia
954 334 1058 364 semet
1073 332 1214 363 invicem
1232 329 1302 362 dno

273 400 402 433 similia
424 400 458 431 in
473 400 574 430 unius
592 397 741 438 corporis
759 393 926 426 colioerent
946 392 1108 432 speciem,
1131 398 1199 431 quo
1222 397 1303 421 con-

273 458 419 490 currunt
441 456 618 488 oculorum
636 455 725 487 acies
751 451 957 489 enecantes,
978 455 1111 489 quoque
1127 446 1303 487 effluentis

274 517 406 549 intimae
415 515 567 555 susionis
587 514 679 546 acies
698 512 862 550 conliquoe
886 507 1051 549 ivnaqinis
1075 513 1220 538 occursu
1249 513 1302 538 re-

271 576 479 615 percutitur.

314 632 484 666 Evidenter
498 631 600 662 visum
617 628 681 661 lieri
697 627 783 666 dicit,
796 625 920 667 quoties
939 624 1041 657 intimi
1056 623 1169 658 caloris
1184 622 1303 664 lumen,

274 690 360 733 quod
380 690 530 723 inoffense
555 697 608 729 per
632 686 740 718 oculos
762 684 826 717 tluit
839 710 847 724 ‚
866 684 1005 724 aliquam
1026 682 1184 715 visibilem
1203 683 1304 714 mate-

273 750 368 790 riam,
385 757 479 790 quam
502 747 683 785 contiguam
701 743 868 783 imaginem
887 742 1046 784 appellat,
1068 741 1227 774 incurrit:
1250 740 1306 773 ibi-

272 808 408 848 demque
428 807 516 847 iuxta
533 803 672 836 materiae
698 801 885 842 qualitatem
909 800 1102 841 formatum,
1124 801 1157 833 et
1181 800 1304 832 colora·

273 868 360 906 tum,
388 872 521 903 sensus,
547 862 697 901 visusque
721 859 818 892 confit
836 867 877 891 ex
903 859 1042 898 lumine,
1067 859 1123 900 qui
1149 858 1306 899 contiguae

274 923 416 964 imaginis
431 929 590 959 occursu,
608 927 796 960 repercusso
816 917 926 958 radio,
945 918 1047 950 reditu
1069 917 1151 950 tacto
1168 918 1207 949 ad
1223 926 1301 949 ocu·

275 982 378 1014 lorum
397 981 499 1020 tores,
516 987 617 1019 usque
638 977 679 1010 ad
699 977 815 1010 mentis
836 980 956 1009 secreta
978 976 1158 1017 porrigitur.
1203 979 1306 1018 Atque

273 1040 365 1071 ctiam
390 1037 493 1070 ‹iiurni
513 1036 636 1078 jubaris
665 1035 833 1077 applicatio
854 1044 928 1067 cum
949 1035 1031 1076 ignis
1055 1035 1158 1068 intimi
1187 1035 1307 1068 lumine

255 1132 259 1136 ,
273 1097 470 1136 manifestat,
487 1095 554 1128 sine
572 1094 647 1127 solis
659 1093 826 1126 effulsione
842 1092 921 1125 nihil
943 1092 1054 1125 videri.

313 1154 504 1190 Ἀπελθόντος
527 1153 559 1185 δὲ
579 1153 621 1189 εἷς
636 1152 734 1184 νύκτα
749 1154 805 1184 τοῦ
827 1151 988 1192 ξυγγενοῦς
1010 1151 1104 1192 πυρὸς
1127 1151 1303 1192 ἀποτέτμη-

270 1226 320 1246 ται
333 1222 340 1229 ·
357 1214 430 1255 πρὸς
450 1213 508 1255 γὰρ
527 1212 671 1253 ἀνόμοιον
687 1211 767 1259 ἐξιὸν
783 1208 959 1243 ἀλλοιοῦταί
983 1221 1017 1242 τε
1037 1210 1114 1242 αὐτὸ
1131 1210 1182 1241 καὶ
1202 1220 1300 1241 κατα-

271 1272 429 1305 σῧὲννυται
443 1295 452 1313 ,
473 1271 600 1312 ξυμφυὲς
614 1270 717 1302 οὐκέτι
736 1272 780 1311 τῷ
792 1269 926 1308 πλησίον
946 1269 1013 1310 ἀέρι
1028 1269 1208 1311 γιγνόμενον
1223 1294 1231 1309 ,
1252 1269 1306 1300 ἅτε

271 1332 331 1371 πῦρ
356 1329 412 1361 οὐκ
439 1329 553 1371 ἔχοντι.
598 1327 735 1360 liaustu-2
757 1339 790 1360 τε
809 1327 862 1360 οὖν
885 1329 984 1369 ὁρῶν,
1015 1328 1059 1360 ἔτι
1080 1339 1114 1360 τε
1142 1328 1308 1368 ἐπαγωγὸν

270 1387 405 1427 γίγνεται
427 1387 524 1418 ὕπνου
536 1395 543 1403 ·
564 1385 719 1427 σωτηρίαν
740 1385 798 1427 γὰρ
813 1386 851 1423 ἢν
871 1387 900 1417 οἱ
915 1385 978 1417 θεοὶ
995 1388 1048 1423 τῆς
1063 1385 1163 1427 ὄψεως
1182 1386 1302 1428 ἐμηχα-

271 1444 424 1484 νήσαντο,
442 1445 496 1482 τὴν
524 1447 586 1475 τῶν
612 1442 770 1485 βλεφάρων
794 1443 904 1484 φύσιν,
929 1442 1002 1474 ὅταν
1021 1445 1119 1474 ταῦτα
1146 1443 1308 1485 ξυμμύσῃ,

272 1500 468 1542 καθείργουσι
500 1500 556 1538 τήν
578 1502 634 1531 τοῦ
653 1499 748 1540 πυρὸς
777 1499 859 1535 ἐντὸς
879 1498 1005 1539 δύναμιν
1019 1522 1030 1539 ,
1045 1500 1066 1537 ἡ
1088 1499 1121 1531 δὲ
1153 1499 1255 1540 διαχεῖ
1276 1511 1309 1532 τε

273 1558 326 1590 καὶ
351 1557 493 1598 ὁμαλύνει
512 1558 566 1594 τὰς
588 1556 670 1593 ἐντὸς
698 1557 852 1597 κινήσεις,
883 1557 1113 1597 ὁμαλυνῡεισῶν
1135 1556 1167 1588 δὲ
1189 1557 1308 1598 ἡσυχία

274 1615 421 1656 γίγνεται.

318 1672 482 1712 Γενομένης
499 1672 531 1704 δὲ
547 1672 659 1710 πολλῆς
680 1672 735 1711 μὲν
755 1670 886 1712 ἡσυχίας
901 1670 1116 1712 βραχυόνειρος
1134 1670 1228 1708 ὕπνος
1251 1671 1306 1713 ἐμ·

274 1731 400 1770 πίπτει,
428 1731 687 1771 καταλειφῦεισῶν
715 1731 747 1762 δέ
771 1741 862 1762 τινων
889 1730 1040 1767 κινήσεων
1062 1730 1228 1771 μειζόνων,
1247 1730 1310 1762 οἷαι

275 1789 327 1820 καὶ
341 1789 371 1820 ἐν
387 1787 464 1822 οἵοις
480 1788 516 1819 ἂν
540 1786 650 1823 τόποιςΙ
669 1787 856 1826 λείπωνται,
870 1790 998 1818 τοιαῦτα
1017 1787 1069 1818 καὶ
1088 1789 1228 1819 τοσαῦτα
1245 1798 1307 1819 πα-

276 1847 421 1888 ρέσχοντο
443 1846 675 1886 ἀφομοιωθέντα
697 1846 779 1883 ἐντὸς
804 1845 864 1882 ἔξω
885 1857 919 1879 τε
945 1846 1108 1888 ἐγερθὲῖσιν
1126 1845 1311 1888 ἀπομνημο-

275 1905 421 1946 νευὸμενα
438 1903 653 1946 φαντάσματα.

318 1963 480 2004 Denique,
502 1964 692 2004 Postquam
719 1963 756 1994 in
783 1963 932 2004 noctem,
960 1962 1080 2004 inquit,
1110 1962 1305 1995 discesserit

276 2023 438 2063 ooynatus
455 2022 544 2062 iqnis
555 2045 564 2062 ,
581 2020 755 2054 desertum
770 2021 849 2060 ejus
863 2020 1000 2053 auxilio
1017 2021 1132 2053 lumen
1147 2022 1312 2053 intimum

279 2082 435 2114 remanet
454 2066 619 2117 otiossum,
639 2079 778 2112 nullam
796 2079 924 2112 liabens
944 2087 1022 2112 cum
1043 2080 1205 2121 proximo
1229 2081 1314 2112 tunc

280 2148 359 2172 aere
395 2141 534 2172 naturae
566 2140 910 2172 communicationem
923 2163 932 2179 ,
966 2138 1149 2180 videreque
1185 2138 1314 2172 desinit

280 2198 431 2231 fractum
458 2198 620 2230 illecebra
658 2199 779 2230 somni.
843 2197 1004 2231 obductis
1037 2199 1162 2240 quippe
1196 2198 1315 2240 palpe-

279 2256 349 2288 bris
365 2264 516 2297 quarum
540 2258 668 2297 teqmen
690 2255 830 2288 salubre
849 2255 1028 2289 oculorum
1044 2256 1222 2289 auxilium
1235 2256 1316 2290 dixit

278 2321 366 2352 esse,
380 2314 430 2345 vis
441 2313 507 2346 illa
523 2314 612 2353 iqnis
625 2314 740 2346 intimi
754 2316 942 2356 coercetur,
957 2323 1217 2358 compressaque
1226 2315 1315 2356 suu·

280 2371 334 2403 dit
349 2380 385 2404 se
407 2379 468 2412 per
495 2371 664 2405 membra.
713 2375 782 2411 Quo
796 2375 901 2414 pacto
930 2376 1134 2408 intimorum
1159 2377 1316 2409 mot-uum

279 2430 464 2462 relaxatur
482 2431 631 2463 intentio
649 2432 686 2463 in
709 2439 870 2473 saporam
893 2435 1062 2476 quietem,
1086 2435 1216 2469 minime
1240 2436 1316 2469 tunc

280 2488 494 2528 interpellante
507 2491 643 2521 mentem
657 2489 744 2521 visus
756 2491 983 2531 inquietudine.

322 2545 505 2578 ccxnvn.
531 2547 681 2588 Cumque
705 2549 774 2580 erit
791 2548 916 2586 altior,
939 2549 1060 2592 inquit,
1084 2553 1200 2595 quiex,
1219 2562 1310 2586 cras·

282 2604 371 2635 siore
383 2603 485 2643 jacto
508 2605 667 2637 naturali
686 2607 832 2646 spiritu,
855 2607 946 2640 nihil
971 2612 1034 2642 aut
1056 2611 1127 2644 leve
1149 2612 1317 2654 quiddam

284 2662 519 2703 incertumque
535 2664 570 2695 et
583 2662 862 2704 perfunctorium
875 2669 1096 2702 somniamus.
1141 2672 1199 2703 Sin
1214 2675 1317 2706 erunt

284 2721 432 2761 insiqnes
471 2720 626 2762 reliquice
652 2725 914 2758 commotionum
955 2729 1084 2770 animi,
1120 2730 1318 2770 cujusmodi

284 2778 388 2809 erunt
407 2778 440 2809 et
456 2777 580 2819 quibus
597 2780 631 2810 in
650 2779 750 2821 locis,
779 2782 871 2815 talia
891 2786 1027 2818 visuum
1041 2789 1234 2822 simulacra
1254 2799 1318 2822 na·

284 2836 434 2875 scentur,
446 2843 568 2876 pressa
583 2839 617 2869 et
630 2837 671 2870 ob
688 2840 819 2880 insiqne
839 2843 1031 2883 imaqinum
1045 2846 1106 2879 diu
1120 2856 1225 2888 penes
1247 2858 1319 2882 me-

285 2894 432 2925 moriam
446 2894 652 2928 residentia.

328 2951 410 2983 Sunt
424 2960 519 2992 porro
534 2952 673 2994 reliquiae
691 2957 942 2991 commotionum
964 2959 1015 2993 vel
1033 2969 1071 2994 ex
1092 2963 1255 3006 molestis,
1269 2966 1320 2998 vel

288 3017 327 3041 ex
344 3009 626 3050 intemperantibus
639 3037 649 3053 ,
665 3013 888 3057 interdumque
905 3018 1121 3062 sapientibus,
1142 3023 1319 3056 interdum-

287 3078 350 3110 que
364 3070 488 3102 stolidis
504 3072 749 3112 cogitationibus
767 3077 888 3109 sedatae
900 3102 910 3118 ,
930 3079 981 3111 vel
996 3081 1035 3112 ad
1054 3081 1251 3117 iracundiam
1270 3086 1320 3119 in-

285 3127 394 3159 citatae
406 3151 415 3167 ,
430 3135 550 3169 proque
564 3129 663 3171 locis,
680 3133 715 3164 ut
734 3132 766 3164 in
794 3135 913 3177 capite,
932 3137 987 3170 ubi
1010 3141 1059 3172 est
1073 3141 1168 3174 sedes
1186 3139 1321 3177 domici-

289 3185 431 3227 liumque
455 3187 607 3230 rationis3
630 3190 679 3222 vel
701 3190 734 3223 in
751 3192 867 3233 corde,
890 3195 922 3226 in
938 3204 1003 3237 quo
1024 3198 1206 3234 dominatur
1222 3204 1322 3237 visilis

288 3244 342 3277 ille
357 3244 578 3287 indignationis
598 3248 705 3291 vigor3
729 3250 779 3284 vel
796 3252 828 3284 in
847 3253 967 3296 jecore,
989 3256 1174 3301 subterque,
1190 3262 1323 3297 dimissa

291 3314 383 3345 porro
401 3306 470 3339 haec
494 3309 598 3341 omnis
616 3311 702 3351 regio
719 3311 869 3346 libidinis.

332 3364 528 3399 CCXLVIII.
552 3369 592 3400 Et
608 3369 761 3410 quoniam
779 3372 951 3407 tractatum
974 3375 1166 3413 incurrimus
1184 3386 1322 3418 somnio·

293 3430 382 3462 sum,
400 3423 439 3455 de
453 3433 517 3465 quo
537 3426 620 3460 varie
638 3431 807 3464 senserunt
821 3433 965 3476 veteres,
984 3435 1039 3470 fiat
1052 3446 1159 3473 earum
1171 3465 1182 3482 ‚
1198 3451 1272 3484 quae
1292 3446 1324 3478 in

1368 329 1490 361 nonore
1504 329 1579 359 sunt
1589 352 1597 366 ‚
1613 325 1800 367 opinionum
1823 322 2100 356 commemoratio.
2146 322 2332 357 Aristoteles
2342 346 2352 365 ,
2366 323 2422 357 nt*

1365 387 1420 428 qni
1443 387 1498 420 Dei
1526 385 1757 428 providentiam
1773 391 1874 423 usque
1890 381 1932 414 ad
1952 383 2053 415 Lunae
2075 381 2237 423 regionem
2260 382 2408 424 progredi

1365 446 1493 479 censeat
1513 456 1523 478 z
1549 444 1630 477 intra
1658 452 1734 476 vero
1758 451 1862 483 neque
1889 441 2099 483 providentiae
2121 441 2211 475 scitis
2238 442 2322 483 regi3
2347 449 2409 475 nec

1366 504 1549 546 angelorum
1565 511 1626 544 ope
1646 500 1884 542 consultisque,
1901 500 2074 533 sustentari
2089 513 2098 533 z
2114 509 2174 534 nec
2186 509 2265 534 vero
2283 500 2408 534 daemo·

1366 572 1445 598 num
1462 562 1720 606 prospicientiam
1738 561 1829 603 putet
1848 560 2065 601 intervenire,
2087 561 2319 603 proptereaque
2345 559 2409 594 tol-

1366 625 1410 658 lat
1420 632 1549 658 omnem
1561 623 1802 662 divinationem,
1816 621 1974 662 negetque
1987 620 2146 660 praenosci
2158 620 2267 655 t'utnra
2281 633 2292 655 ε
2303 629 2408 655 unum

1365 690 1464 724 genus
1478 681 1677 714 somniorum
1699 677 1858 718 admittit,
1875 679 1973 720 atque
1986 678 2143 720 approbat
2159 690 2168 711 z
2184 677 2272 720 quod
2283 687 2326 712 ex
2340 678 2409 720 liis,

1369 749 1443 782 quae
1456 740 1622 782 vigilantes
1637 738 1762 779 agimus
1772 761 1783 778 ,
1795 738 1854 769 aut
1865 736 2046 778 cogitamus
2057 761 2067 778 ,
2080 737 2227 771 residens
2237 737 2272 771 in
2285 746 2411 773 memov

1369 799 1414 832 ria
1427 823 1436 840 ,
1451 800 1563 831 movet
1582 797 1825 839 interpellatque
1846 805 1902 837 per
1914 796 2059 838 quietem
2076 799 2240 838 gestarum
2254 796 2411 831 delibera-

1367 859 1539 898 tarumque
1557 864 1665 888 rerum
1688 854 1834 887 conscias
1850 856 1988 888 animas.
2023 855 2090 888 Nec
2104 855 2201 888 errat.
2244 855 2304 889 Est
2321 855 2412 888 mim

1369 916 1439 948 lioec
1463 914 1628 956 progenies
1652 913 1879 946 somniorum:
1898 913 1956 946 sed
1978 922 2044 946 non
2074 913 2161 955 sola,
2177 916 2211 947 ut
2226 914 2413 948 Aristoteles

1369 975 1468 1016 putat.
1513 974 1615 1007 Multa
1634 973 1765 1015 quidem
1783 972 1955 1015 incognita,
1972 972 2211 1016 inopinataque,
2229 982 2336 1016 neque
2351 983 2413 1008 un·

1368 1042 1464 1074 quam
1495 1034 1619 1066 tentata
1652 1032 1792 1073 animis,
1817 1032 2036 1074 somniamus;
2062 1033 2192 1074 quoties
2226 1033 2415 1075 provenisse

1371 1093 1495 1134 uspiam
1513 1091 1747 1133 significantur,
1766 1095 1846 1133 quae
1863 1091 2007 1124 nondum
2032 1091 2179 1124 scientius
2201 1091 2287 1125 tama
2302 1092 2415 1125 eonci-

1369 1151 1512 1192 liaverit;
1527 1151 1578 1183 vel
1600 1151 1707 1184 futura
1723 1150 1969 1193 portenduntur,
1995 1159 2072 1192 quoe
2091 1150 2236 1184 nondum
2255 1159 2415 1193 provene-

1370 1211 1442 1242 rint.
1488 1210 1550 1243 sed
1571 1210 1623 1242 liic
1641 1219 1701 1243 suo
1717 1210 1859 1252 quodam
1872 1218 1963 1243 more
1975 1209 2059 1251 pleni
2075 1209 2271 1252 perfectique
2283 1209 2415 1252 domia-

1369 1271 1428 1310 tis,
1459 1270 1560 1303 electo
1596 1270 1674 1311 quid
1707 1270 1813 1303 visum
1851 1270 1915 1311 sit,
1949 1271 2068 1303 caetera
2100 1268 2267 1303 fastidiosa
2289 1269 2416 1304 incuria

1369 1329 1507 1371 negligit.

1413 1390 1580 1423 CCXLIX.
1605 1389 1786 1422 Heraclitus
1801 1398 1878 1422 vero
1893 1389 2172 1422 consentientibus
2189 1389 2306 1423 stoicis
2320 1388 2417 1424 rano-

1373 1456 1446 1480 nem
1466 1449 1609 1481 nostram
1638 1457 1714 1480 cum
1736 1447 1844 1480 divina
1873 1448 1996 1481 ratione
2025 1448 2207 1491 connectit,
2232 1451 2363 1491 ψη
2377 1457 2417 1482 ιο

1371 1507 1554 1539 moderante
1573 1507 1756 1548 mundana,
1777 1508 1907 1549 propter
1935 1507 2182 1549 inseparabilem
2209 1507 2414 1549 comitatum,

1372 1565 1536 1598 consciam
1566 1565 1683 1599 decreti
1706 1565 1904 1598 rationabilis
1931 1566 2065 1608 tactam,
2087 1566 2324 1608 quiescentibus
2346 1567 2418 1601 ani·

1372 1624 1432 1657 mis
1449 1633 1511 1666 ope
1536 1633 1709 1665 sensuum,
1738 1624 1846 1657 sutura
1864 1624 2066 1658 denuntiare.
2110 1627 2160 1658 Ex
2178 1634 2244 1667 quo
2263 1625 2352 1668 fleri,
2381 1627 2418 1660 nt

1372 1685 1548 1725 appareant
1580 1683 1733 1724 imagines
1763 1684 1946 1725 ignotorum
1981 1684 2146 1726 locorum,
2185 1685 2419 1728 simulacraque

1372 1740 1558 1783 hominum,
1583 1742 1651 1774 tam
1675 1741 1853 1774 viventium
1879 1750 1976 1783 quam
1999 1743 2213 1776 mortuorum.
2258 1743 2415 1786 Idemque

1371 1799 1486 1833 asserit
1499 1799 1704 1833 divinationis
1722 1805 1838 1841 usum,
1854 1803 1887 1834 et
1902 1801 2094 1842 praemoneri
2108 1801 2240 1835 meritos
2254 1802 2419 1836 instruen-

1373 1858 1459 1891 tibus
1474 1858 1592 1891 divinis
1610 1859 1837 1901 potestatibus,
1857 1859 1899 1892 Hi
1911 1868 2042 1901 quoque
2057 1861 2147 1902 parte
2159 1863 2236 1894 sunt
2249 1860 2420 1894 abutentes

1373 1918 1541 1951 sententiae
1561 1926 1620 1959 pro
1642 1917 1744 1950 solida
1767 1918 1972 1960 perfectaque
1989 1918 2135 1953 scientia.

1415 1979 1507 2010 CCL.
1532 1978 1615 2010 Sunt
1628 1977 1683 2019 qui
1701 1979 1850 2010 nostrum
1861 1977 2057 2011 intellectum
2072 1977 2268 2020 pervolitare
2277 1987 2422 2014 convexa

1374 2036 1490 2069 mundi
1504 2038 1639 2078 putent,
1660 2037 1857 2079 miscereque
1875 2046 1912 2071 se
1926 2037 2046 2070 divinae
2065 2037 2182 2079 menti,
2199 2047 2300 2080 quam
2316 2040 2422 2074 Gra-ci

1375 2099 1446 2129 νοῦν
1466 2096 1586 2129 vocant
1614 2108 1623 2129 ι
1645 2096 1678 2129 et
1706 2097 1796 2129 velut
1823 2105 1866 2129 ex
1891 2095 2013 2138 maiore
2032 2096 2199 2139 disciplina
2223 2097 2423 2134 minusculas

1376 2154 1527 2188 scientias
1548 2156 1712 2188 mutuatas
1730 2163 1741 2184 ι
1758 2163 1833 2196 quae
1855 2164 1983 2188 summa
2009 2156 2042 2189 et
2057 2155 2205 2189 eminens
2229 2156 2424 2198 imaginetur

1377 2223 1487 2254 mens,
1513 2215 1667 2248 nuntiare
1691 2215 1856 2248 mentibus
1892 2214 2030 2257 nostris,
2058 2215 2214 2248 invitante
2237 2204 2280 2249 ad
2301 2219 2423 2250 coetnm

1375 2274 1493 2306 animae
1509 2274 1676 2307 nocturnae
1693 2273 1877 2307 solitudinis
1895 2274 2145 2316 opportunitate.
2189 2274 2251 2308 Sed
2270 2284 2345 2309 cum
2357 2277 2422 2318 ple·

1376 2341 1475 2374 raque
1494 2342 1558 2365 non
1571 2332 1748 2374 irreligiosa
1761 2333 1877 2374 modo,
1896 2341 2011 2367 verum
2032 2334 2130 2367 etiam
2145 2334 2264 2376 impia,
2284 2336 2425 2370 somnia·

1378 2401 1467 2433 mus;
1487 2401 1561 2434 quae
1580 2392 1745 2434 imaginari
1764 2401 1926 2426 summam
1945 2393 2166 2435 eximiamque
2181 2394 2423 2436 intelligentiam

1376 2451 1443 2484 sive
1465 2455 1624 2494 mentem,
1643 2461 1704 2485 seu
1722 2453 1956 2495 providentiam
1971 2477 1982 2495 ,
1997 2454 2045 2486 sas
2059 2463 2125 2487 non
2143 2454 2187 2488 sit
2203 2456 2316 2497 putare
2333 2465 2343 2488 ε
2362 2456 2422 2490 t'al-

1378 2517 1446 2541 sam
1464 2519 1535 2544 esse
1552 2510 1636 2543 lianc
1654 2510 1841 2552 opinionem
1854 2511 2025 2545 hominum
2040 2512 2152 2555 liquet.

1419 2570 1528 2603 CCLI.
1552 2569 1614 2603 Sed
1643 2570 1875 2613 Plato1magna
1901 2571 2082 2613 diligentia,
2109 2581 2302 2616 summaque
2324 2583 2423 2618 cura,

1377 2628 1530 2661 discussis
1543 2629 1670 2671 penitus
1679 2629 1820 2664 latibulis
1830 2631 2028 2673 quaestionis,
2042 2631 2136 2672 vidit,
2148 2634 2246 2675 atque
2257 2636 2426 2669 assecutus

1376 2690 1447 2727 est,
1481 2696 1547 2720 non
1575 2696 1673 2721 unam
1701 2689 1905 2723 somniorum
1933 2699 2003 2724 esse
2031 2691 2225 2732 genituram.
2276 2693 2426 2735 Gignitnr

1377 2746 1494 2786 quippe
1520 2755 1560 2779 ex
1582 2746 1724 2789 reliquiis
1749 2748 1979 2790 cogitationum
1993 2774 2003 2790 ,
2033 2751 2067 2783 et
2091 2750 2268 2785 accidentis
2287 2751 2426 2794 alicujus

1378 2805 1422 2837 rei
1437 2805 1568 2837 stimulo
1585 2818 1594 2839 ι
1617 2806 1701 2839 utin
1720 2815 1806 2842 nono
1823 2808 1946 2841 Politice
1968 2808 2050 2842 libro
2070 2809 2165 2843 docet
2183 2796 2332 2845 oratione
2355 2811 2424 2845 tali.

1380 2864 1528 2896 Inutiles
1550 2866 1768 2908 minimeque
1793 2869 1995 2901 necessariae
2019 2868 2253 2911 cupiditates,
2269 2879 2347 2914 qim
2361 2871 2427 2905 ad-

1379 2925 1569 2956 versantur
1595 2924 1751 2965 leyibus,
1783 2925 1953 2960 videntur
1984 2927 2072 2960 mihi
2100 2930 2256 2963 omnium
2288 2930 2428 2972 quidem

1381 2980 1562 3015 hominum
1583 2985 1777 3024 promiscue
1807 2984 2026 3026 labefactare
2061 2990 2205 3021 mentes.
2261 2990 2429 3028 Quaedam

1381 3041 1496 3074 tamen
1514 3050 1639 3075 earum
1664 3044 1739 3076 tam
1757 3045 1988 3084 castiyatione
2006 3045 2122 3086 lequm
2134 3070 2144 3088 ‚
2169 3055 2281 3089 ‘quam
2303 3049 2428 3082 sobriis

1383 3101 1417 3131 et
1433 3100 1654 3141 melioribus,
1678 3104 1782 3135 rectae
1803 3103 2068 3146 voluptatibus,
2093 3106 2144 3139 vel
2163 3106 2303 3140 omnino
2318 3107 2429 3141 exole-

1381 3166 1492 3199 scere,
1515 3160 1569 3193 vel
1594 3162 1632 3193 in
1656 3169 1796 3203 paucas
1821 3162 2024 3204 admodum,
2057 3167 2163 3207 atque
2189 3166 2316 3208 exiles,
2342 3169 2428 3200 atro·

1383 3220 1502 3250 nuatae
1521 3219 1693 3262 reliquias
1715 3222 1832 3254 otiosae
1849 3221 1973 3256 latere.
2018 3226 2131 3257 Porro
2151 3225 2232 3258 alix
2250 3234 2360 3268 usque
2381 3226 2429 3260 ad

1380 3277 1592 3317 praecipitem
1616 3281 1810 3312 amentiam
1838 3280 2065 3324 confirmari5
2089 3291 2166 3324 quw
2189 3291 2227 3316 se
2259 3287 2430 3318 exserunt

1382 3334 1574 3369 immanius
1587 3345 1651 3378 per
1663 3339 1828 3380 quietem,
1845 3341 1981 3382 quoties
1995 3343 2133 3374 ratione
2145 3343 2277 3383 sopita,
2289 3352 2368 3385 quae
2377 3345 2430 3377 est

1382 3394 1495 3424 rector
1512 3398 1834 3439 mansuetissimus,
1855 3400 1980 3432 caetera
1993 3407 2080 3441 pars
2107 3402 2218 3433 animi
2239 3404 2428 3444 agrestior,

1382 3451 1528 3485 immani
1550 3454 1707 3495 quadam
1737 3456 1905 3491 ebrictate
1937 3457 2128 3491 luxurians
2145 3483 2156 3499 ‚
2179 3459 2287 3500 pulsa
2315 3463 2435 3502 quiete

2591 2015 2606 2128 ...w-*A*
