2638 3840
335 250 348 282 1
359 250 406 283 54
1253 235 1516 278 CHALCIDII

324 339 422 372 genus
438 329 597 370 majorum
619 327 764 360 nesciatis
782 338 790 358 ι
810 335 848 358 ex
863 333 927 366 quo
943 324 978 356 tu
991 347 1001 362 ,
1021 323 1055 357 et
1071 322 1279 355 Athenienses
1292 331 1358 355 cae-

326 390 408 429 teri,
435 389 508 421 sacti
528 388 604 420 estis
625 401 632 420 ε
655 387 769 425 exiguo
788 384 906 417 semine
933 385 1010 415 tune
1028 381 1198 423 superstite
1224 382 1360 423 publicae

325 448 418 481 cludi.
462 448 535 480 Fuit
552 447 635 478 euim
657 445 735 478 olim
759 442 998 476 Atheniensium
1021 441 1134 473 civitas
1152 440 1243 481 louge
1263 444 1359 473 cmte·

326 508 367 540 rie
382 508 534 549 proestaus
547 514 672 537 morum
687 503 826 535 bonitate
839 525 847 541 ‚
859 510 895 532 ac
910 499 1050 541 potentia
1065 499 1178 531 virium
1188 522 1197 539 ,
1213 498 1360 540 belloque

325 575 364 598 ac
384 574 460 607 pace
479 563 705 601 menioranda3
726 560 858 601 ejusque
881 567 979 599 opera
1005 557 1189 599 magnilica,
1209 567 1358 598 omnem,

324 625 407 657 sieut
432 632 491 656 nos
519 622 716 663 accepimus,
737 617 882 660 quamvis
902 616 1061 657 praeclarae
1079 616 1189 657 gloriae
1216 615 1361 648 illustra-

322 683 442 715 tionem
454 680 682 714 obumbrantia.
699 678 731 719 [ς
743 677 877 719 ss.]Tu1n
887 675 1079 707 admiratum
1090 674 1238 707 Solonem
1249 683 1339 707 orare
1349 698 1360 716 ,

322 743 417 782 etque
429 740 610 778 obsecrare,
625 742 660 770 ut
678 735 855 769 sibiomnia
870 734 1018 767 sacerdos
1037 733 1077 767 de
1097 733 1260 767 veteribus
1279 734 1357 766 civi-

323 799 382 832 bus
409 799 561 832 revelaret
582 807 589 828 :
611 798 643 829 et
671 794 870 836 respondisse
897 793 986 826 illum
1006 803 1014 825 z
1040 793 1133 826 Nulla
1155 794 1204 825 est
1225 792 1359 832 invidia,

324 858 499 900 praesertim
519 865 590 887 cum
613 855 670 887 tibi
696 855 739 886 sit
764 862 834 885 mos
851 852 1029 894 gerendus,
1053 855 1086 885 et
1104 852 1206 884 honor
1233 851 1359 884 debitus

322 918 433 949 aiuicoe
449 915 569 948 civitati
590 912 775 946 referendus
794 922 802 944 :
822 914 854 944 et
871 912 902 944 id
922 914 1016 952 cogat
1037 921 1089 944 me
1110 912 1212 944 tacere
1232 919 1360 943 venera·

323 977 369 1009 tio
387 977 461 1008 Deae
473 998 482 1014 ‚
500 983 571 1015 quac
588 977 757 1012 utramque
776 972 889 1003 urbem
908 970 1072 1011 condidit,
1090 970 1259 1010 educavit,
1274 971 1361 1002 insti·

323 1035 405 1075 tuit3
425 1034 558 1074 priorem
578 1033 714 1064 vestram
731 1030 822 1062 annis
840 1030 904 1063 sere
925 1030 1030 1070 mille,
1047 1038 1088 1063 ex
1108 1029 1245 1070 indigete
1263 1038 1359 1070 agro,

324 1095 354 1126 ct
367 1092 523 1126 Vulcanio
534 1091 672 1129 semine;
690 1089 895 1131 posteriorem
910 1089 990 1121 hane
1001 1090 1145 1121 nostram
1157 1090 1258 1120 octies
1273 1088 1361 1120 mille

320 1152 410 1185 annis
430 1152 520 1193 post,
539 1153 574 1182 ut
585 1149 680 1182 sacris
696 1149 900 1182 delubrorum
914 1148 1058 1190 apicibus
1074 1149 1269 1181 continetur.
1314 1150 1360 1180 De

321 1211 370 1244 his
388 1219 461 1251 ergo
482 1208 654 1249 majoribus
668 1206 783 1239 vestris
795 1206 905 1238 audies
915 1230 925 1247 ,
941 1215 961 1237 o
978 1205 1074 1245 Sole,
1087 1205 1230 1246 quiante
1244 1213 1362 1237 novem

322 1269 421 1301 millia
436 1277 590 1300 annorum
607 1266 782 1305 vixerunt3
800 1266 918 1307 quibus
936 1264 1000 1297 sint
1015 1265 1066 1296 usi
1092 1264 1229 1305 legibus,
1246 1273 1360 1306 quam-

297 1328 299 1330 ’
322 1336 384 1369 que
401 1326 515 1368 amplis
527 1350 537 1366 ,
558 1329 589 1358 et
610 1334 705 1366 quam
723 1324 883 1365 praeclaris
900 1323 1093 1356 facinoribus
1108 1323 1277 1355 nobilitati.
1322 1323 1355 1355 Si

318 1386 534 1431 probationem
549 1383 744 1416 desiderabis
755 1407 764 1424 ,
779 1384 851 1425 post
866 1392 906 1414 ex
923 1383 989 1414 otio
1002 1391 1108 1414 sacras
1123 1382 1231 1414 literas
1249 1390 1356 1414 recen-

320 1445 471 1477 sebimus.
515 1447 561 1476 Ac
578 1443 717 1484 primum
737 1442 823 1482 leges
847 1442 980 1474 intuere.
1025 1443 1143 1474 Forsan
1163 1441 1248 1474 enim
1273 1449 1363 1482 repe-

320 1505 384 1538 ries
403 1505 504 1537 multa
520 1503 635 1536 iudicia
652 1503 889 1544 germanitatis,
910 1502 962 1534 vel
978 1502 1064 1543 quod
1081 1501 1268 1534 sacerdotiis
1283 1511 1363 1542 prae-

319 1564 394 1604 diti,
418 1564 589 1606 separatim
615 1572 633 1595 a
661 1565 768 1596 cetero
792 1562 912 1604 populo
935 1563 1084 1602 manent,
1105 1571 1144 1594 ne
1169 1562 1363 1603 contagione

319 1623 424 1664 eliqua
440 1622 570 1664 protana
590 1622 719 1654 castitas
738 1622 895 1662 polluatur
917 1634 926 1653 ι
946 1621 996 1654 vel
1018 1620 1106 1662 quod
1134 1623 1220 1653 varia
1246 1620 1362 1662 opiticii

321 1690 435 1722 genera
458 1681 501 1714 ita
529 1681 610 1713 inter
639 1689 674 1713 se
701 1680 836 1713 discreta
864 1682 960 1720 sunt,
989 1682 1026 1712 ut
1052 1680 1231 1721 promiscue
1258 1680 1365 1712 nullus

327 1741 488 1780 operetur.
532 1741 681 1772 Pastores
710 1748 805 1779 vero,
825 1740 858 1771 et
888 1739 962 1771 item
997 1748 1093 1779 penes
1121 1749 1201 1779 quos
1233 1742 1280 1771 est
1304 1747 1364 1771 ve-

1204 1840 1277 1847 ——u

324 1909 410 1937 νους.
432 1887 503 1933 ῗΗν
523 1893 589 1946 γὰρ
608 1893 648 1940 δή
667 1909 771 1942 ποτε,
793 1887 821 1932 ὦ
843 1893 986 1944 Σόλων,
1006 1894 1092 1956 ὑπὲρ
1112 1894 1176 1942 τὴν
1198 1896 1367 1968 μεγίστην

328 1953 454 2007 φθορὰν
479 1953 599 1991 ὕδασιν
631 1956 653 2000 ἡ
683 1957 743 1991 νῦν
774 1952 965 2002 Ἀθηναίων
998 1958 1086 1992 οὖσα
1111 1955 1212 1998 πόλις
1241 1955 1366 2005 ἀρίστη

327 2012 410 2065 πρός
425 2028 463 2051 τε
479 2012 536 2050 τὸν
553 2011 704 2062 πόλεμον
721 2027 783 2050 και
798 2012 890 2051 κατὰ
907 2012 1024 2051 πάντα
1046 2012 1271 2064 εὐνομωτάτη
1291 2014 1366 2053 δια·

327 2071 516 2124 φερόντως·
538 2073 560 2117 ᾗ
594 2070 767 2110 κάλλιστα
799 2070 884 2123 ἔργα
917 2087 978 2109 και
1003 2073 1182 2110 πολιτεῖαι
1206 2071 1367 2123 γενέσθαι

326 2128 486 2179 λέγονται
512 2127 698 2167 κάλλισται
718 2131 861 2177 πασῶν,
879 2130 1016 2168 ὁπόσων
1047 2129 1113 2169 ὑπὸ
1137 2130 1196 2168 τὸν
1222 2131 1365 2183 οὐρανὸν

328 2192 431 2239 ἡμεῖς
462 2186 569 2233 ἀκοὴν
599 2187 879 2240 παρεδεξάμεθα.
906 2189 954 2240 [S
981 2190 1036 2240 6.]
1071 2184 1320 2234 Ἀκούσαςοῧν
1347 2193 1365 2229 ὁ

281 2287 286 2293 χ
327 2246 447 2286 Σόλων
478 2245 542 2298 ἔφη
572 2247 751 2296 θαυμάσαι
781 2246 842 2284 καὶ
870 2253 989 2285 πᾶσαν
1021 2247 1216 2299 προθυμίαν
1240 2255 1364 2301 σχεῖν,

329 2302 487 2354 δεόμενος
506 2305 573 2341 τῶν
601 2303 743 2378 ἱερέων
755 2303 868 2343 πάντα
895 2304 938 2343 δι’
960 2305 1142 2357 ἀκριὸείας
1161 2308 1192 2344 οἱ
1212 2306 1261 2349 τὰ
1284 2307 1365 2379 περὶ

326 2365 394 2400 τῶν
416 2362 526 2400 πάλαι
540 2363 723 2400 πολιτῶν
709 2362 787 2409 εξῆς
803 2364 961 2404 διελθεῖν.
1018 2364 1091 2403 Τὸν
1107 2369 1165 2404 οὖν
1186 2365 1284 2418 ἱερέα
1298 2367 1367 2420 ’φά-

329 2436 399 2469 ναι,
422 2421 557 2464 Φθόνος
577 2421 742 2470 οὐδείς,
722 2439 751 2461 ω
771 2422 913 2471 Σόλων,
937 2423 1028 2462 ἀλλὰ
1045 2428 1105 2463 σοῦ
1126 2440 1164 2463 τε
1181 2423 1281 2464 ἕνεκα
1300 2427 1368 2479 ἐρῶ

328 2495 388 2518 και
405 2483 467 2527 τῆς
485 2479 619 2524 πόλεως
637 2479 756 2532 υμῶν,
779 2482 933 2533 μάλιστα
952 2482 987 2520 δὲ
1009 2487 1070 2530 τῆς
1089 2487 1166 2523 θεοῦ
1191 2484 1317 2537 χάριν,
1341 2483 1365 2531 ἣ

327 2539 392 2585 τήν
409 2554 447 2576 τε
465 2538 633 2591 ὑμετέραν
654 2539 713 2578 καὶ
733 2542 828 2588 τήνδ’
845 2540 953 2594 ἔλαχε
969 2541 1028 2580 καὶ
1045 2541 1166 2596 ἔθρεψε
1183 2543 1243 2582 καὶ
1260 2543 1364 2582 ἐπαί-

332 2597 443 2635 δευσε·
469 2599 641 2650 προτέραν
671 2597 732 2649 μὲν
762 2598 825 2646 τὴν
853 2600 1029 2651 παρ’ὁμῖν
1046 2600 1139 2639 ἔτεσι
1163 2601 1309 2653 χιλίοις,
1330 2603 1367 2640 ἐκ

333 2657 402 2700 Γῆς
419 2671 457 2694 τε
477 2656 535 2694 καὶ
555 2655 749 2708 Ἡφαίστου
763 2657 802 2695 τὸ
819 2657 960 2710 σπέρμα
980 2659 1237 2712 παραλαὸοῦσα
1255 2662 1367 2712 ὑμῶν,

330 2712 432 2759 τήνδε
449 2713 484 2751 δὲ
502 2713 660 2766 ὑστέραν.
716 2717 789 2761 Τῆς
810 2715 845 2752 δὲ
865 2716 980 2754 ἐνθαδὶ
1000 2719 1265 2769 διακοσμήσεως
1284 2718 1368 2771 παρ’

331 2773 416 2820 ἡμῖν
448 2774 482 2810 ἐν
510 2777 579 2842 τρῖς
610 2773 712 2824 ἱεροῖς
741 2774 946 2825 γράμμασιν
977 2777 1249 2829 ὀκτακισχιλίων
1281 2780 1367 2816 ἐτῶν

333 2829 475 2880 ἀριθμὸς
500 2830 711 2883 γέγραπται.
770 2834 858 2883 Περι
878 2833 920 2880 δὴ
938 2849 1008 2872 των
1027 2837 1245 2888 ἐνακισγίλια
1267 2853 1305 2910 γε
1308 2853 1366 2888 γο-

333 2888 443 2926 νότων
465 2887 525 2934 ἔτη
546 2891 698 2927 πολιτῶν
720 2905 773 2927 σοι
795 2890 944 2936 δηλωσω
970 2892 1028 2930 διὰ
1053 2895 1213 2947 βραχέων
1241 2897 1366 2948 νόμους

334 2962 374 2984 τε
393 2947 453 2985 καὶ
478 2948 545 2984 τῶν
567 2947 673 2999 ἔργων
695 2949 807 2992 αὐτοῖς
825 2948 843 2986 ὃ
862 2950 1046 2989 κάλλιστον
1076 2954 1254 3007 ἐπράχθη·
1275 2955 1314 2994 τὸ
1335 2957 1366 2994 δ’

336 3004 476 3056 ἀκριὸὲς
494 3005 574 3058 περὶ
604 3006 742 3045 πάντων
777 3006 897 3060 ἐφεξῆς
927 3011 1077 3054 εἰσαῦθις
1102 3013 1194 3051 κατὰ
1219 3014 1366 3088 σχολην,

336 3062 424 3101 αὐτὰ
447 3061 492 3101 τὰ
512 3064 707 3134 γράμματα
723 3065 911 3117 λαὸόντες,
934 3067 1093 3118 διέξιμεν.
1122 3070 1209 3115 Τους
1228 3072 1290 3121 μὲν
1310 3066 1369 3111 ουν

334 3120 459 3171 νόμους
486 3122 607 3161 σκόπει
627 3123 711 3173 πρὸς
729 3122 807 3167 τους
831 3125 937 3177 τῇδε·
956 3127 1070 3165 πολλὰ
1101 3128 1168 3181 γὰρ
1202 3131 1370 3183 παραδεί-

336 3194 455 3230 γματα
472 3182 539 3218 τῶν
553 3180 631 3219 τότε
646 3183 729 3234 παρ’
744 3184 825 3232 ὑμῖν
843 3182 950 3221 ὄντων
963 3183 1081 3223 ἐνθάδε
1091 3189 1149 3223 νῦν
1162 3189 1372 3241 ἀνευρήσεις,

336 3239 471 3290 πρῶτον
491 3237 553 3288 μὲν
573 3254 612 3276 το
625 3241 693 3276 τῶν
711 3240 830 3292 ἱερέων
847 3244 977 3293 γένος’
959 3243 1028 3280 απὸ
1047 3245 1115 3281 τῶν
1137 3245 1251 3283 ἄλλων
1265 3249 1372 3299 χωρὶς

339 3297 600 3348 ἀφωρισμένον,
625 3298 715 3348 μετὰ
737 3298 772 3336 δὲ
793 3303 894 3338 τοῦτο
911 3299 950 3338 τὸ
970 3303 1038 3339 τῶν
1057 3301 1301 3355 δημιουργῶν,
1322 3305 1373 3344 ὅτι

339 3356 415 3391 καθ’
429 3355 512 3393 αυτὸ
526 3354 674 3394 ἕκαστον
689 3355 785 3410 ἄλλῳ
801 3358 836 3396 δὲ
850 3359 912 3397 οὒκ
924 3361 1195 3412 ἐπιμιγνύμενον
1213 3364 1373 3417 δημιουρ·

346 3418 422 3462 γεῖ,
438 3412 478 3450 τό
495 3428 533 3452 τε
549 3416 617 3453 τῶν
632 3415 767 3465 νομέων
783 3433 845 3455 και
861 3417 900 3455 τὸ
915 3420 984 3457 τῶν
999 3422 1174 3472 θηρευτῶν
1191 3421 1230 3460 τό
1252 3438 1289 3460 τε
1304 3439 1372 3463 των

341 3473 522 3524 γεωργῶν.
580 3473 654 3514 Καὶ
670 3473 712 3522 δὴ
730 3475 790 3514 καὶ
806 3475 845 3515 τὸ
861 3476 1016 3530 μάχιμον
1032 3478 1127 3531 γένος
1141 3479 1295 3533 ᾔσθησαί
1310 3498 1377 3523 που

1391 1653 1402 1792 Ι

1396 1888 1474 1976 l:

1421 323 1537 365 nandi,
1560 323 1748 364 colendique
1775 322 1858 354 ruris
1887 320 2119 362 exercendique
2142 322 2292 363 scientia;
2318 321 2460 364 dispara-

1421 385 1471 415 tas
1483 382 1602 415 habent
1616 382 1707 415 sedes
1723 391 1742 414 a
1759 382 2030 423 propugnatorum
2041 405 2049 421 ,
2061 381 2255 423 armataeque
2268 381 2462 423 iuventutis,

1421 441 1551 482 castris,
1568 443 1600 474 et
1620 440 1805 481 insignibus.
1851 441 2063 480 Ipsorumque
2086 439 2258 481 insignium
2279 440 2366 473 idem
2381 448 2463 474 usus

1421 501 1454 530 et
1471 498 1582 530 endem
1601 498 1778 530 differentia
1794 499 1859 529 tam
1873 496 1925 528 bic
1936 519 1946 538 ,
1959 505 2057 538 quam
2073 496 2158 539 apud
2175 506 2252 539 vos,
2266 497 2364 530 etiam
2377 505 2464 531 nuuc

1422 558 1578 598 habetur;
1597 558 1782 600 clypeorum
1799 559 1925 598 tegmen
1937 582 1946 598 ‚
1962 557 2127 590 thoracum
2150 557 2358 599 indumenta,
2375 557 2464 599 jacu-

1423 619 1526 651 lorum
1565 619 1727 651 amentata
1757 617 1901 650 missilia.
1947 617 2130 651 Prudentiae
2161 626 2236 651 vero
2263 626 2374 651 curem
2406 617 2464 651 ubi

1423 677 1575 718 majorem
1596 677 1678 717 leges
1701 675 1880 709 habendam
1907 676 2080 710 sanciunt?
2107 678 2163 710 aut
2190 677 2342 710 honestas
2371 675 2460 719 apud

1422 746 1504 778 quos
1529 738 1654 769 tantam
1679 735 1866 776 dignitatem
1894 735 2018 768 obtinet
2047 735 2080 768 in
2104 736 2181 768 vitm
2212 736 2402 769 muneribus
2432 734 2467 769 et

1422 795 1555 828 ol'ticiis?
1570 795 1659 834 Quid
1677 794 1854 827 divinatio?
1872 794 1949 835 quid
1970 794 2119 828 medela?
2133 797 2243 828 Nonne
2258 794 2298 827 ad
2319 794 2467 829 homiues

1422 854 1575 886 instinctu
1593 853 1776 886 conditricis
1792 855 1870 886 Deae
1884 855 2132 887 commearunt?
2152 856 2220 887 Hac
2235 853 2352 896 quippe
2370 862 2462 888 exor-

1424 913 1551 945 natione
1586 913 1725 954 priorem
1757 912 1872 944 urbem
1902 914 2044 946 vestram
2083 913 2180 954 sepsit
2213 912 2466 955 honestavitqne

1422 973 1548 1004 Numen
1564 970 1661 1010 illud,
1677 971 1763 1012 quod
1778 969 1923 1003 condidit
1933 981 1943 1011 ;
1953 971 2055 1004 electo
2070 971 2213 1012 salubri,
2229 969 2466 1014 subtiliumque

1423 1030 1621 1071 ingeniorum
1647 1033 1679 1062 et
1703 1029 1883 1072 prudentiae
1907 1031 2001 1064 feraci
2030 1031 2112 1065 loco,
2157 1032 2275 1071 Utpote
2293 1030 2378 1064 enim
2399 1030 2465 1063 bel-

1422 1088 1520 1121 licosa
1534 1092 1566 1121 et
1581 1089 1706 1130 sapiens
1717 1113 1728 1130 ‚
1742 1091 1810 1121 Dea
1824 1090 1984 1129 regionem
2000 1089 2098 1122 tatem
2124 1089 2249 1122 censuit
2271 1088 2465 1131 eligendam,

1423 1157 1496 1189 qnae
1515 1147 1564 1179 sui
1583 1147 1704 1180 similes
1724 1147 1813 1180 viros
1828 1151 1914 1181 esset
1931 1148 2071 1181 editura.
2119 1148 2176 1180 His
2189 1157 2264 1190 ergo
2277 1147 2401 1190 legibus
2415 1147 2469 1180 vel

1426 1206 1664 1239 honestioribus
1688 1206 1785 1239 etiam
1805 1207 1981 1248 institutis,
2002 1207 2042 1239 ad
2070 1215 2200 1240 omnem
2222 1206 2375 1239 virtutem
2393 1208 2469 1239 eru'-

1422 1265 1480 1298 diti
1511 1269 1630 1298 veteres
1662 1266 1895 1307 Athenienses;
1927 1267 2039 1307 utpote
2072 1265 2128 1307 qui
2162 1265 2282 1298 divinae
2309 1265 2467 1306 prosapiae

1422 1325 1583 1366 germani,
1604 1324 1754 1357 maximis
1770 1327 1803 1356 et
1822 1325 1906 1357 ultra
1922 1324 2071 1357 humanae
2091 1324 2199 1365 gloriae
2217 1323 2347 1366 captum
2359 1347 2369 1364 ,
2389 1322 2468 1357 titu-

1425 1383 1463 1416 lis
1486 1383 1616 1415 laudum
1648 1373 1809 1415 nobilitati
1839 1385 1928 1424 suut,
1953 1392 1972 1416 e
1996 1383 2114 1424 quibus
2139 1391 2241 1415 unum
2265 1382 2410 1416 eminens
2433 1384 2467 1415 et

1429 1442 1648 1483 praedecorum
1671 1442 1795 1474 facinus
1816 1442 1847 1474 iu
1864 1442 2068 1475 monimentis
2081 1441 2243 1474 veteribus
2258 1440 2443 1474 invenimus
2457 1449 2468 1472 x

1423 1501 1596 1534 immanem
1623 1500 1786 1542 quandam
1805 1499 1945 1542 injuriis,
1964 1503 1995 1533 el
2025 1499 2305 1542 inexpugnabilem
2332 1506 2472 1532 numero

1425 1568 1665 1602 manum3quae
1690 1568 1790 1601 prope
1815 1559 1882 1600 jam
1895 1561 2043 1592 cunctam
2067 1561 2227 1601 Europam
2248 1556 2468 1600 atqueAstam

1426 1619 1622 1660 subegisset,
1643 1628 1662 1651 a
1681 1618 1796 1652 vestris
1815 1618 1995 1659 legionibus
2013 1627 2084 1651 esse
2105 1618 2243 1651 deletam
2265 1629 2275 1651 ε
2297 1625 2339 1651 ex
2355 1617 2470 1651 Atlan-

1425 1678 1490 1711 tico
1521 1679 1601 1711 mari
1630 1678 1749 1711 bellum
1780 1679 1932 1711 omnibus
1966 1678 2114 1719 gentibus
2138 1679 2172 1710 et
2189 1676 2371 1710 nationibus
2390 1675 2473 1709 inre-

1428 1740 1564 1771 rentem.
1607 1741 1698 1771 Tunc
1713 1738 1798 1770 enim
1822 1739 1938 1770 fretum
1959 1738 2056 1778 illud,
2073 1738 2200 1780 opinor,
2214 1739 2283 1771 eret
2302 1745 2472 1770 commea-

1429 1896 1515 1949 τῃδε
1536 1895 1607 1935 ἀπὸ
1622 1895 1764 1936 πάντων
1790 1897 1860 1935 τῶν
1876 1897 1988 1949 γενῶν
2010 1895 2292 1971 κεχωρισμένον,
2307 1889 2358 1941 οἷς
2377 1894 2475 1936 οῧδὲν

1429 1956 1516 1994 αλλο
1535 1954 1628 2001 πλὴν
1645 1954 1691 1993 τὰ
1703 1955 1784 2006 περὶ
1805 1971 1863 1994 τον
1884 1955 2072 2006 πόλεμον(
2059 1955 2127 1994 υπὸ
2145 1959 2206 1994 τοῦ
2229 1951 2336 2007 νόμου
2351 1969 2476 2009 προσε-

1429 2029 1472 2051 τα
1465 2014 1543 2065 seq
1565 2015 1663 2064 μέλε.
1669 2032 1694 2050 ν.
1751 2012 1836 2054 Ἔτι
1854 2013 1890 2053 δὲ
1899 2018 1935 2075 j)
1952 2031 2013 2062 της
2033 2015 2202 2061 ὁπλίσεως
2221 2016 2338 2054 αὐτων
2354 2014 2476 2068 σγέσις

1429 2071 1586 2111 ἀσπίδων
1605 2089 1666 2111 και
1685 2073 1863 2126 δοράτων,
1884 2077 1934 2118 οἷς
1950 2077 2054 2125 ἡμεῖς
2071 2090 2204 2127 πρωτοι
2222 2076 2291 2113 τῶν
2306 2089 2388 2127 περι
2405 2073 2468 2123 τὴν

1427 2129 1546 2170 Ἀσίαν
1577 2131 1809 2184 ὡπλίσμεθα,
1828 2135 1900 2200 ”effic
1936 2135 2034 2183 θεοῦ,
2064 2132 2223 2186 καθάπερ
2259 2134 2295 2171 ἐν
2334 2103 2476 2176 ἔκείνόις

1431 2190 1501 2235 τοῖς
1518 2190 1659 2239 τόποις,
1678 2192 1763 2244 παρ’
1780 2191 1863 2241 ὑμῖν
1886 2190 2038 2244 πρώτοις
2064 2190 2336 2263 ἐνδειξαμένης.
2371 2190 2461 2231 Tb*
2442 2191 2479 2229 ο

1431 2253 1474 2288 αὖ
1492 2250 1574 2303 περὶ
1593 2253 1655 2298 τῆς
1671 2266 1870 2304 φρονησεως
1881 2280 1892 2298 ,
1908 2253 1990 2304 ὁρᾷς
2006 2266 2073 2290 που
2092 2251 2150 2290 τὸν
2172 2250 2276 2302 νόμον
2294 2251 2377 2302 τῇδε
2390 2250 2474 2298 ὅσην
2505 2267 2518 2274 ·

1428 2309 1632 2360 ἐπιμέλειαν
1656 2309 1847 2357 ἐποιήσατο
1875 2309 1971 2353 εὐθυς
1995 2308 2072 2348 κατ’
2101 2308 2214 2362 ἀρχὰς
2240 2307 2322 2361 περί
2350 2323 2388 2347 τε
2413 2307 2474 2347 τὸν

1428 2368 1560 2419 κόσμον
1592 2367 1753 2416 ἅπαντα,
1775 2367 1880 2421 μέχρι
1914 2370 2085 2418 μαντικῆς
2118 2366 2180 2406 καὶ
2207 2369 2366 2421 ἰατρικῆς
2389 2365 2475 2420 πρὸς
2527 2375 2529 2377 “

1429 2427 1586 2480 ὑγίειαν,
1615 2429 1655 2466 ἐκ
1680 2427 1814 2466 τούτων
1842 2426 1942 2466 θείων
1971 2426 2079 2466 ὄντων
2112 2429 2161 2471 εἷς
2193 2426 2240 2465 τὰ
2274 2425 2475 2479 ἀνθρώπινα

1431 2485 1604 2539 ἀνευρών,
1642 2486 1708 2526 ὅσα
1744 2502 1782 2525 τε
1818 2486 1908 2525 ἄλλα
1939 2485 2074 2530 τούτοις
2105 2485 2228 2526 ἕπεται
2259 2485 2476 2537 μαθήματα,

1427 2546 1546 2585 πάντα
1564 2545 1796 2596 κτησάμενος.
1851 2545 1998 2593 Ταύτην
2019 2539 2078 2585 ουν
2105 2545 2147 2592 δὴ
2175 2545 2255 2585 τότε
2289 2543 2475 2596 ξύμπασαν

1429 2603 1492 2652 τὴν
1513 2605 1748 2655 διακόσμησιν
1767 2621 1828 2643 και
1853 2604 2013 2649 σύνταξιν
2035 2608 2059 2652 ἡ
2085 2605 2161 2649 θεὸς
2182 2602 2369 2676 προτέρους
2383 2605 2475 2654 υμας

1430 2663 1700 2715 διακοσμήσασα
1719 2664 1937 2717 κατώκισεν,
1956 2662 2170 2715 ἐκλεξαμένη
2190 2663 2249 2703 τὸν
2268 2662 2374 2702 τόπον
2389 2664 2425 2702 ἐν
2448 2657 2478 2716 ᾧ

1428 2721 1644 2774 γεγένησθε,
1661 2722 1724 2769 τὴν
1757 2721 1947 2775 εὐκρασίαν
1977 2724 2046 2760 τῶν
2060 2724 2168 2774 ,ωρῶν
2197 2723 2232 2760 ἐν
2254 2722 2351 2774 αὐτῷ
2378 2734 2478 2759 κατι-

1430 2782 1560 2828 δοῦσα,
1578 2780 1632 2819 ὅτι
1646 2781 1925 2854 φρονιμωτάτους
1943 2780 2071 2832 ἄνδρας
2091 2780 2196 2820 οἴσοι.
2252 2778 2330 2819 'At’
2346 2772 2406 2818 ουν
2421 2793 2475 2832 φι-

1430 2839 1624 2891 λοπόλεμός
1643 2856 1680 2878 τε
1700 2839 1760 2879 καὶ
1781 2839 1968 2893 φιλόσοφος
1991 2841 2013 2885 ἠ
2033 2838 2108 2883 θεὸς
2134 2842 2223 2878 οὖσα
2243 2837 2303 2877 τὸν
2320 2847 2477 2895 προσφε-

1432 2901 1617 2951 ρεστάτους
1637 2899 1726 2950 αὐτῇ
1748 2898 1927 2948 μέλλοντα
1955 2897 2062 2936 οἴσειν
2084 2897 2190 2937 τόπον
2220 2897 2372 2951 ἄνδρας,
2397 2899 2478 2936 τοῦ·

1431 2974 1490 2996 τον
1516 2957 1730 3010 ἐκλεξαμένη
1755 2959 1894 3010 πρῶτον
1915 2955 2124 3011 κατώκισεν.
2182 2956 2322 3014 ᾩκεῗτε
2349 2955 2392 3004 δὴ
2418 2951 2477 2996 ουν

1430 3017 1547 3067 νόμοις
1563 3032 1601 3055 τε
1620 3016 1787 3061 τοιούτοις
1810 3017 1987 3069 χρώμενοι
2003 3031 2063 3054 και
2081 3015 2135 3054 ἔτι
2162 3017 2295 3067 μᾶλλον
2315 3013 2476 3066 εὖνομού·

1433 3091 1530 3126 μενοι
1561 3075 1660 3128 πάσῃ
1694 3091 1732 3115 τε
1776 3076 1909 3120 πάντας
1955 3074 2159 3127 ἀνθρώπους
2199 3073 2479 3128 υπερὸεὸηκότες

1432 3137 1539 3189 ἀρετῇ
1552 3167 1561 3182 ,
1590 3135 1749 3187 καθάπερ
1797 3135 1886 3178 εἰκὸς
1920 3133 2121 3208 γεννήματα
2155 3134 2215 3172 καὶ
2249 3133 2477 3185 παιδεύματα

1432 3192 1562 3231 θει·)ν”
1541 3209 1653 3238 οντας.
1710 3192 1835 3234 Πολλὰ
1860 3193 1922 3244 μὲν
1941 3196 1999 3231 οὖν
2022 3194 2119 3243 ὖμων
2139 3209 2200 3231 και
2225 3192 2362 3244 μεγάλα
2387 3192 2474 3246 ἔργα

1435 3266 1496 3297 της
1511 3251 1646 3296 πόλεως
1659 3253 1742 3305 τῇδε
1758 3251 1987 3304 γεγραμμένα
2001 3251 2235 3302 θαυμάζεται,
2252 3250 2392 3290 πάντων
2406 3251 2477 3302 μὴν

1437 3308 1474 3347 ἓν
1492 3310 1656 3363 ὑπερέχει
1677 3312 1813 3362 μεγέθει
1833 3311 1893 3349 καὶ
1914 3312 2040 3363 ἀρετῇ·
2058 3310 2150 3361 λέγει
2168 3310 2235 3360 γὰρ
2255 3309 2299 3347 τὰ
2322 3325 2474 3363 γεγραμ-

1436 3367 1524 3417 μένα
1542 3399 1552 3418 ,
1569 3368 1655 3417 ὅσην
1679 3373 1701 3416 ἡ
1718 3370 1819 3415 πόλις
1844 3371 1944 3420 ὑμῶν
1961 3368 2094 3408 ἔπαυσέ
2109 3383 2194 3407 ποτε
2217 3368 2364 3419 δύναμιν
2379 3368 2478 3421 ῧὸρει

1435 3429 1672 3480 πορευομένην
1699 3428 1776 3480 ἅμα
1803 3429 1862 3467 ἐπὶ
1898 3435 2017 3468 πᾶσαν
2047 3427 2223 3480 Εὐρώπην
2245 3427 2305 3466 καὶ
2333 3427 2474 3478 Ἀσίαν,

1439 3483 1562 3530 ἔξωθεν
1594 3489 1808 3539 ὁρμηθεῖσαν
1847 3489 1887 3527 ἐκ
1928 3490 1990 3526 τοῦ
2024 3485 2252 3527 Ἀτλαντικοῦ
2289 3486 2474 3538 πελάγους.
