2638 3840
344 290 363 322 2
372 290 390 321 2
1170 281 1450 321 PYTHAGOR
1459 281 1635 322 EORUM

1256 368 1312 408 Τὰ
1347 369 1381 407 δὲ

342 430 453 468 πάθεα
468 438 529 475 τᾶς
556 433 679 483 ἀρετᾶς
700 431 764 468 ὅλα
780 461 789 479 ,
807 430 886 482 περὶ
905 434 1012 468 ταῦτα
1031 429 1096 480 γὰρ
1116 429 1174 466 καὶ
1195 430 1229 467 ἐν
1249 429 1380 472 τούτοις

343 370 497 409 σύνθετοι
530 372 558 410 δ’
591 372 630 410 ἔκ
661 371 803 419 τούτων,
833 364 900 408 οἷον
930 371 952 408 ἁ
985 368 1197 409 δικαιοσύνα.

343 491 378 526 αἱ
412 491 544 541 ἀρεταί.
602 493 671 527 τῶν
703 488 738 527 δὲ
770 490 907 526 παθέων
938 488 976 525 τὸ
1007 486 1068 536 μὲν
1100 488 1251 526 ἑκούσιον
1280 487 1318 526 τὸ
1353 488 1381 526 δ’

342 549 512 587 ἀκούσιον.
569 548 627 586 καὶ
648 549 801 587 ἑκούσιον
821 547 881 598 μὲν
902 546 1027 593 ἁδονά,
1050 546 1207 586 ἀκούσιον
1226 546 1259 585 δὲ
1277 547 1380 586 λύπα-

340 611 449 645 ταῧτα
480 607 514 645 δὲ
543 607 601 645 καὶ
633 607 835 645 ἐπιτείνοντι
866 605 925 643 καὶ
955 604 1081 642 ἀνίεντι
1114 605 1164 644 τοὶ
1191 606 1381 654 πολιτικοί,

341 666 610 719 συναρμόζοντες
624 665 666 702 τὰ
682 666 770 703 ἄλλα
791 663 897 715 μέρεα
918 669 977 707 τᾶς
997 665 1111 716 ψυχᾶς
1130 665 1207 703 ποτὶ
1227 665 1264 703 τὸ
1281 664 1380 717 λόγον

340 726 434 778 ἔχον.
493 727 566 767 Τᾶς
587 724 620 762 δὲ
639 727 857 774 συναρμογᾶς
884 722 960 773 ὅρος
983 722 1021 759 τὸ
1041 722 1128 772 μήτε
1157 722 1213 761 διὰ
1239 724 1301 762 τὰν
1330 723 1383 762 ἔν-

341 785 449 830 δειαν,
472 782 558 832 μήτε
588 781 644 819 διὰ
664 780 725 818 τὰν
754 779 952 832 ὗπερὸολὰν
978 780 1208 834 ἀπείργεσθαι
1227 782 1285 820 τὸν
1306 783 1380 822 νόον

341 843 378 881 τὸ
397 842 481 880 ἴδιον
512 841 608 892 ἔργον
632 838 800 878 ἐπιτελέν,
859 838 1087 878 συντέτακται
1110 839 1179 893 γὰρ
1197 840 1236 879 τὸ
1254 840 1380 893 χέρῃον

340 901 439 939 ἕνεκα
460 903 508 938 τῶ
529 897 715 951 βελτίονος·
738 899 783 940 ὡς
812 895 873 947 μὲν
893 898 927 935 ἐν
947 899 996 949 τῷ
1019 897 1141 952 κόσμῳ
1165 898 1204 937 τὸ
1223 898 1382 943 ἀειπαθὲς

340 967 408 998 πᾶν
432 959 533 1011 μέρος
554 958 654 995 ἕνεκα
674 959 723 994 τῶ
741 956 945 1005 ἅεικινάτω,
966 957 1000 994 ἐν
1019 956 1054 996 δὲ
1079 963 1123 1011 τᾷ
1143 958 1288 1011 συζυγίᾳ
1313 960 1382 997 τῶν

340 1019 435 1071 ζῴων
460 1017 498 1054 τὸ
524 1019 610 1055 θᾶλυ
633 1015 735 1054 ἕνεκα
760 1017 810 1053 τῶ
832 1014 995 1068 ἄῤῥενος,
1011 1015 1050 1054 τὸ
1070 1016 1132 1067 μὲν
1155 1016 1222 1069 γὰρ
1251 1017 1382 1069 σπείρει

338 1077 376 1114 τὸ
396 1076 556 1129 ἔμψυχον
576 1074 588 1098 f
606 1074 749 1126 γεννῶν,
769 1073 807 1111 τὸ
829 1073 864 1113 δὲ
885 1073 986 1124 μόνον
1008 1072 1070 1112 τὰν
1088 1074 1174 1113 ὕλαν
1189 1075 1382 1128 παρέχεται

337 1138 385 1187 τῷ
405 1133 629 1186 γεννωμένῳ,
642 1134 675 1171 ἐν
691 1132 728 1172 δέ
743 1147 781 1182 γε
796 1138 840 1186 τᾷ
854 1133 951 1185 ψυχᾶΙ
967 1131 1006 1170 τὸ
1027 1132 1152 1184 ἄλογον
1167 1135 1217 1171 τῶ
1236 1135 1379 1185 λογικῶ.

339 1193 578 1233 Συντέτακται
597 1191 664 1244 γὰρ
682 1192 742 1230 καὶ
761 1194 779 1229 ὁ
800 1191 904 1242 θυμὸς
923 1190 983 1229 καὶ
1005 1191 1027 1229 ἁ
1047 1191 1214 1242 ἐπιθυμία
1238 1192 1318 1230 ποτὶ
1344 1191 1382 1230 τὸ

337 1260 469 1306 πρᾶτον
489 1252 591 1304 μέρος
611 1256 671 1294 τᾶς
690 1252 824 1304 ψυχᾶς,
841 1249 880 1288 τὸ
902 1248 963 1300 μὲν
990 1250 1110 1302 ὥσπερ
1132 1250 1315 1303 δορυφόρος
1333 1265 1383 1293 τις

336 1312 396 1351 καὶ
427 1308 706 1364 σωματοςρύλαξ,
735 1310 773 1348 τὸ
802 1308 837 1347 δὲ
867 1310 913 1352 ὣς
941 1309 1118 1358 οἰκονόμος
1146 1309 1205 1347 καὶ
1230 1308 1384 1362 οἰκουρὸς

335 1375 404 1411 τῶν
425 1369 639 1421 ἀναγκαίων.
697 1368 742 1408 ‘O
765 1369 799 1406 δὲ
820 1367 894 1411 νόος
923 1368 977 1406 ἐπ’
1007 1368 1114 1419 ἄκρας
1143 1375 1206 1412 τᾶς
1232 1375 1383 1422 κορυφᾶς

335 1434 384 1469 τῶ
421 1429 584 1480 σώματος
625 1426 826 1480 ἱδρυμένος,
858 1425 917 1464 καὶ
960 1425 1049 1477 ἔχων
1093 1427 1284 1478 περιαυγέα
1324 1427 1382 1464 καὶ

336 1489 478 1541 διαυγέα
495 1488 557 1527 τὰν
584 1487 721 1540 ἔποψιν,
745 1485 954 1537 μαστεύεται
972 1486 1036 1522 τὰν
1056 1487 1123 1523 τῶν
1152 1484 1273 1524 ἐόντων
1300 1486 1382 1539 φρό-

335 1564 448 1597 νασιν,
469 1547 528 1586 καὶ
551 1548 642 1585 τοῦτ’
662 1546 759 1598 ἔργον
782 1545 852 1583 ἐντὶ
879 1545 974 1596 αὖτῷ
1003 1542 1096 1581 κατὰ
1116 1542 1231 1597 φύσιν,
1252 1544 1291 1583 τὸ
1312 1561 1380 1595 μα·

336 1607 570 1657 στευσάμενον
601 1603 660 1643 καὶ
692 1603 911 1652 κτασάμενον
935 1603 1169 1648 ἀκολουθῆσαι
1203 1608 1273 1646 τοῖς
1296 1605 1381 1657 βελ-

336 1665 443 1704 τίοσιν
463 1666 557 1703 αὐτῶ
577 1662 637 1701 καὶ
652 1662 893 1713 τιμιωτάτοις·
913 1659 1006 1712 ἀρχὰ
1032 1659 1099 1711 γὰρ
1116 1660 1176 1699 καὶ
1203 1661 1298 1699 αἰτία
1322 1663 1382 1700 καὶ

336 1724 451 1762 κανών
474 1725 544 1762 ἐντι
565 1729 627 1766 τᾶς
640 1721 855 1773 ἀνθρωπίνας
878 1717 1128 1768 εὐδαιμοσύνας
1152 1721 1174 1758 ἁ
1196 1723 1262 1758 τῶν
1285 1721 1382 1760 θείων

335 1783 395 1822 καὶ
419 1782 638 1833 τιμιωτάτων
660 1779 856 1832 ἐπίγνωσις.

391 1842 540 1881 Καθόλω
554 1840 616 1893 μὲν
634 1833 681 1877 ὧν
698 1838 804 1892 ἀρετὰ
822 1841 1026 1892 συναρμογά
1050 1840 1099 1884 τίς
1119 1841 1189 1877 ἐντι
1203 1842 1271 1877 τῶν
1295 1839 1382 1877 ἀλό-

335 1915 404 1953 γων
427 1899 557 1952 μερέων
577 1905 638 1942 τᾶς
661 1901 775 1951 ψυχᾶς
793 1897 873 1935 ποτὶ
894 1897 932 1935 τὸ
957 1898 1059 1949 λόγον
1086 1898 1177 1950 ἔχον.
1251 1897 1383 1949 γίνεται

336 1958 372 1997 δὲ
387 1957 475 1996 αὐτὰ
495 1961 544 2011 τῷ
568 1957 625 1996 τὸν
645 1960 735 1996 κατὰ
762 1955 823 1994 τὰν
845 1956 968 1994 ἁδονὰν
989 1957 1047 1995 καὶ
1067 1956 1128 1995 τὰν
1162 1956 1278 1994 λύπαν
1306 1956 1382 2008 ὅρον

337 2015 558 2061 ἐπιδέξασθαι
579 2016 636 2054 τὸν
654 2017 707 2053 τῶ·
726 2014 868 2058 δέοντος.
888 2014 985 2053 οὐδὲν
1006 2014 1073 2066 γὰρ
1096 2014 1215 2067 ἅτερον
1238 2014 1383 2053 ἀλαθινὰ

339 2147 467 2186 propter
486 2145 643 2178 defectum
672 2154 753 2177 neve
774 2147 903 2185 propter
928 2144 1154 2176 abundantiam
1175 2143 1380 2184 prohibeatur

339 2214 429 2236 meus
447 2213 528 2245 opus
548 2213 643 2236 suum
663 2204 800 2236 efficere.
845 2203 938 2239 Quod
958 2203 1041 2234 enim
1070 2202 1210 2235 deterius
1229 2205 1279 2235 est
1301 2211 1384 2244 prae-

338 2262 501 2294 stantioris
527 2271 620 2293 eausa
640 2262 860 2302 comparatum
880 2262 928 2293 est
947 2271 955 2292 ε
976 2262 1013 2293 ut
1031 2261 1063 2292 in
1083 2260 1204 2292 mundo
1228 2263 1293 2292 tota
1312 2269 1383 2301 pars

339 2331 464 2364 semper
494 2322 631 2363 patibilis
657 2323 785 2362 propter
802 2330 926 2362 semper
945 2321 1114 2362 mobilem,
1141 2321 1174 2352 in
1199 2321 1384 2353 animalium

338 2385 444 2413 autem
466 2381 612 2421 conjugio
630 2381 749 2412 semina
772 2383 901 2421 propter
923 2389 1044 2412 marem
1063 2380 1127 2420 (bic
1145 2380 1230 2412 enim
1249 2379 1384 2419 seminat

339 2442 454 2473 animal
486 2441 662 2482 gignendo,
680 2440 734 2472 illa
763 2440 918 2472 duntaxat
947 2440 1115 2473 materiam
1134 2440 1162 2472 ei
1182 2441 1268 2481 quod
1293 2449 1387 2480 gene·

344 2501 430 2532 ratur
449 2499 661 2540 suppeditat),
676 2499 708 2530 in
730 2499 797 2539 ipso
816 2497 915 2540 porro*
928 2499 1034 2531 animo
1053 2499 1173 2531 ratione
1191 2507 1302 2530 carens
1314 2506 1386 2538 pars

342 2561 471 2599 propter
488 2558 618 2589 rationis
633 2559 824 2598 compotem.
869 2560 949 2590 Nam
966 2560 999 2590 et
1011 2557 1176 2589 iracundia
1189 2558 1221 2589 et
1232 2557 1386 2597 cupiditas

341 2617 378 2647 ad
400 2617 534 2657 primam
555 2616 653 2647 animi
675 2619 797 2656 partem
814 2617 988 2657 pertinent,
1009 2616 1062 2647 illa
1075 2619 1229 2656 tanquam
1245 2615 1384 2656 pedisse-

344 2684 408 2716 qua
430 2677 460 2706 et
484 2675 608 2707 satelles
622 2699 630 2715 ‚
646 2676 715 2706 baec
735 2678 885 2716 tanquam
914 2675 1124 2715 dispensatrix
1144 2676 1176 2707 et
1203 2674 1250 2707 rei
1278 2675 1387 2706 dome-

345 2734 433 2766 sticae
451 2736 566 2766 custos.
612 2737 654 2766 At
677 2743 751 2766 vero
773 2742 862 2765 mens
889 2733 921 2764 in
945 2742 1070 2765 summo
1097 2734 1239 2774 corporis
1272 2734 1388 2768 vertice

344 2793 497 2824 collocata
510 2815 519 2831 ‚
537 2792 652 2823 illustri
670 2793 700 2824 et
727 2792 882 2832 pellucida
901 2792 1094 2832 inspectione
1123 2792 1244 2832 pollens
1256 2816 1265 2832 ‚
1281 2801 1387 2825 rerum

342 2851 506 2882 scientiam
523 2850 726 2890 consequitur
746 2850 841 2890 atque
865 2851 924 2881 boc
935 2850 963 2882 ei
980 2851 1093 2882 natura
1112 2850 1244 2882 insitum
1271 2852 1338 2892 est,
1354 2856 1390 2884 ut

345 2911 416 2950 post
434 2910 550 2941 saetam
572 2909 845 2948 investigationem
865 2912 1146 2950 comparatamque
1160 2919 1267 2942 rerum
1282 2911 1386 2950 cogni-

345 2969 461 3000 tionem
479 2971 631 3008 sequatur
650 2977 687 2999 ea
702 2976 773 3007 quae
792 2967 851 3007 ipsi
872 2967 940 2998 visa
954 2969 1027 2999 sunt
1040 2968 1159 3008 optima
1173 2969 1268 3008 atque
1283 2952 1390 3001 excelss

346 3026 530 3059 lentissima.
547 3026 670 3058 Etenim
691 3034 795 3057 rerum
810 3025 991 3057 divinarum
1003 3028 1036 3057 et
1054 3026 1387 3066 praestantissimarum

343 3086 480 3126 cognitio
497 3084 702 3117 beatitudinis
721 3084 868 3115 humanae
886 3083 1073 3125 principium
1085 3107 1094 3123 ‚
1119 3092 1212 3116 causa
1229 3086 1260 3117 et
1275 3086 1381 3126 regula

344 3146 402 3177 est.

388 3206 423 3235 ln
451 3203 636 3234 universnm
663 3201 758 3242 igitur
787 3201 892 3232 virtus
915 3202 963 3232 est
992 3201 1212 3232 convenientia
1238 3202 1386 3241 quaedam

346 3261 575 3293 irrationalium
599 3259 696 3291 animi
713 3259 849 3299 partium
873 3267 947 3290 cum
973 3259 1061 3299 parte
1079 3258 1209 3290 rationis
1229 3262 1386 3299 compote.

345 3323 391 3352 Ea
410 3320 463 3358 tit,
493 3319 518 3350 si
543 3318 695 3350 decorum
719 3317 891 3357 voluptatis
908 3320 938 3348 et
970 3316 1088 3347 doloris
1117 3316 1211 3347 tinem
1240 3316 1386 3356 accipiat.

347 3378 431 3411 Nihil
454 3378 537 3409 enim
559 3377 607 3409 est
630 3376 714 3407 aliud
745 3383 821 3407 vera
849 3375 950 3406 virtus
982 3383 1078 3414 quam
1103 3373 1209 3405 decori
1231 3373 1358 3405 babitus
1378 3387 1385 3405 :

347 3438 497 3468 decorum
515 3438 622 3468 autem
639 3435 686 3466 est
701 3433 786 3475 quod
805 3442 872 3466 esse
890 3433 998 3473 decet,
1017 3433 1199 3464 indecorum
1221 3432 1305 3472 quod
1324 3441 1386 3463 non

349 3496 440 3526 ‹lecet
455 3503 535 3526 esse.
582 3492 725 3525 Indecori
749 3501 824 3535 vero
843 3490 964 3532 speeies
982 3490 1055 3521 (luae
1078 3492 1172 3528 sunt,
1192 3488 1385 3520 abundantia

1443 370 1548 422 ἀρετὰ
1568 372 1597 408 εἷ
1617 370 1666 421 μὴ
1683 369 1748 415 ἕξις
1767 373 1815 409 τῶ
1835 370 1979 415 δέοντος·
2006 370 2089 409 αὐτὸ
2105 370 2141 409 δὲ
2161 371 2200 411 τὸ
2217 370 2291 410 δέον
2311 371 2381 410 ἐντὶ
2394 370 2479 424 ὅπερ

1441 430 1492 467 δεῖ
1512 423 1621 480 ἦμεν,
1639 429 1678 467 τὸ
1698 429 1732 468 δὲ
1757 429 1805 480 μὴ
1826 428 1899 468 δέον
1934 429 2018 483 δ’περ
2036 431 2074 467 οὗ
2095 430 2145 467 δεῖ
2167 424 2268 480 ἦμεν.
2300 433 2350 468 τῶ
2366 430 2402 468 δὲ
2430 429 2480 479 μὴ

1442 487 1572 532 δέοντος
1603 487 1695 526 εἴδεα
1721 487 1801 536 δύο,
1833 490 1872 526 τὸ
1907 488 1969 539 μὲν
1990 488 2167 540 ὓπερίῗολὰ
2197 489 2237 526 τὸ
2258 490 2288 526 δ’
2315 488 2478 542 ἔλλειψις.

1441 547 1501 586 καὶ
1529 547 1701 600 ὑπερὸολὰ
1722 547 1783 598 μέν
1806 550 1875 586 ἐντι
1895 548 1934 586 τὸ
1953 547 2056 586 πλέον
2085 550 2135 585 τῶ
2156 546 2310 594 δέοντος,
2330 546 2482 599 ἔλλειψις

1443 606 1478 644 δὲ
1501 605 1540 644 τὸ
1558 606 1699 645 ἔλαττον
1717 609 1765 645 τῶ
1782 605 1925 650 δέοντος.
1981 605 2033 646 Τὸ
2054 605 2090 643 δὲ
2111 604 2185 643 δέον
2212 604 2296 643 αὐτὸ
2323 605 2377 643 ἐὸν
2395 602 2481 656 ὅπερ

1442 665 1492 702 δεῖ
1511 659 1597 712 ἦμεν
1618 666 1677 703 καὶ
1708 665 1811 718 ἄκρον
1833 665 1872 703 ἂν
1890 665 2040 717 ὑπάρχοι
2057 663 2117 703 καὶ
2151 664 2267 714 μέσον·
2290 662 2396 715 ἄκρον
2419 663 2483 715 μὲν

1442 722 1493 762 ὅτι
1517 723 1587 762 οὔτ’
1603 724 1801 776 α’φαιρέσιος
1818 724 1894 763 οὔτε
1924 724 2125 776 προσθέσιος
2150 722 2287 772 δέεται,
2316 721 2421 773 μέσον
2445 719 2483 760 δὲ

1442 783 1493 820 ὅτι
1514 782 1642 833 μεταξύ
1657 785 1726 822 ε’ντι
1742 789 1803 827 τᾶς
1820 783 2011 836 ὑπερίολᾶς
2028 782 2087 820 καὶ
2101 789 2163 825 τᾶς
2182 780 2364 834 ἐλλείψιος.
2379 779 2484 833 Ἔχει

1443 841 1478 879 δὲ
1499 840 1536 880 τὸ
1556 840 1630 881 δέον
1647 842 1705 880 καὶ
1724 841 1763 880 τὸ
1777 842 1826 893 μὴ
1847 841 1921 880 δέον
1940 841 2017 880 ποτ’
2034 841 2170 879 ἄλλαλα
2184 839 2291 884 οὕτως
2310 839 2430 893 ὥσπερ
2443 839 2484 878 τὸ

1441 899 1513 937 ἴσον
1535 900 1594 939 καὶ
1615 899 1654 938 τὸ
1675 901 1810 948 ἄνισον,
1822 900 1883 939 καὶ
1901 900 1941 938 τὸ
1956 899 2165 952 τεταγμένον
2185 899 2245 938 καὶ
2258 899 2298 938 τὸ
2315 898 2482 950 ἄτακτον,

1442 962 1552 996 ταῦτα
1573 959 1600 997 δ’
1619 959 1707 997 ἑντὶν
1726 960 1905 1012 ἀμφότερα
1922 959 1962 998 τὸ
1977 958 2243 1012 πεπερασμένον
2258 957 2319 998 καὶ
2334 957 2486 996 τὸἄπει·

1447 1032 1521 1070 ρον,
1544 1017 1603 1055 καὶ
1619 1017 1675 1056 διὰ
1691 1023 1790 1057 τοῦτο
1804 1021 1854 1056 τῶ
1877 1018 1984 1057 ἀνῖσω
2008 1017 2051 1055 τὰ
2069 1017 2175 1068 μέρεα
2192 1017 2330 1068 λέγεται
2350 1016 2431 1056 ποτὶ
2446 1016 2485 1055 τὸ
2527 1059 2531 1064 ,

1443 1074 1565 1125 μέσον,
1582 1076 1658 1114 ἀλλ’
1681 1077 1718 1114 οὗ
1743 1077 1822 1114 ποτ’
1850 1077 1999 1115 ἄλλαλα.
2037 1074 2190 1125 ἀμὸλεῖά
2213 1092 2250 1114 τε
2269 1075 2336 1128 γὰρ
2355 1075 2487 1127 ὀνομά-

1443 1136 1535 1178 ζεται
1558 1135 1663 1185 γωνία
1684 1135 1706 1172 ἁ
1726 1135 1840 1185 μέζων
1860 1138 1983 1187 ὀρθᾶς,
2007 1134 2100 1179 ὀξεῖα
2126 1132 2162 1172 δὲ
2183 1134 2204 1172 ἆ
2225 1133 2331 1185 μείων
2350 1135 2454 1186 ὀρθᾶς
2468 1162 2481 1184 ,

1443 1192 1501 1230 καὶ
1518 1192 1630 1243 μέςων
1648 1193 1710 1244 μὲν
1726 1196 1837 1232 εὐθεῖα
1855 1194 1878 1232 ἆ
1893 1194 2111 1246 ὑπερέχουσα
2124 1191 2186 1230 τὰν
2208 1193 2247 1230 ἐκ
2270 1193 2321 1231 τῶ
2335 1191 2479 1244 κέντρω·

1443 1251 1501 1290 καὶ
1521 1251 1719 1305 μακροτέρα
1738 1252 1800 1303 μὲν
1834 1253 1948 1304 ἁμέρα
1968 1254 2184 1303 ἷσαμερινᾶς.
2211 1250 2284 1290 Καὶ
2311 1250 2370 1288 ταὶ
2391 1250 2486 1288 νόσοι

1446 1310 1480 1348 δὲ
1501 1310 1652 1360 γίνονται
1670 1314 1719 1349 τῶ
1739 1311 1899 1362 σώματος
1920 1310 1976 1349 διὰ
2002 1311 2042 1348 τὸ
2067 1310 2274 1362 θερμότερον
2300 1307 2323 1356 ἢ
2341 1323 2486 1362 κρυμω·

1443 1369 1600 1422 δέστερον
1615 1370 1768 1421 γίνεσθαι
1787 1371 1826 1409 τὸ
1842 1373 1956 1421 σῶμα·
1972 1369 2010 1408 τὸ
2027 1370 2090 1421 μὲν
2110 1369 2177 1421 γὰρ
2194 1367 2398 1422 θερμότερόν
2415 1369 2486 1406 ἐντι

1442 1428 1480 1466 τὸ
1501 1427 1603 1467 πλέον
1625 1431 1674 1467 τῶ
1707 1429 1837 1482 μετρίω
1853 1459 1864 1480 ,
1885 1429 1924 1467 τὸ
1955 1427 1992 1466 δὲ
2025 1427 2307 1480 κρυμωδέστερον
2337 1426 2486 1466 ἔλασσον

1443 1486 1569 1526 τούτω.
1587 1486 1696 1540 Ἔχει
1719 1489 1756 1525 δέ
1776 1503 1814 1538 γε
1830 1488 1889 1526 καὶ
1908 1489 1930 1526 ἁ
1952 1486 2050 1540 ψυχὰ
2064 1486 2124 1525 καὶ
2141 1487 2163 1524 ἆ
2183 1487 2263 1538 περὶ
2283 1486 2388 1524 αὐτὰν
2408 1486 2484 1524 διά·

1443 1550 1533 1589 θεσις
1551 1544 1615 1583 τὰν
1631 1546 1818 1598 ἀναλογίαν
1838 1546 1982 1585 ταύταν.
2015 1546 2037 1583 ἄ
2058 1545 2120 1595 μὲν
2140 1545 2207 1598 γὰρ
2227 1543 2398 1597 θρασύτας
2417 1544 2486 1583 ἐντὶ

1443 1605 1618 1656 ὑπερὸολὰ
1637 1607 1687 1643 τῶ
1708 1605 1841 1648 δέοντος
1862 1607 1895 1643 ἐν
1916 1604 2089 1643 ὑποστάσι
2109 1606 2243 1653 δεινῶν,
2265 1604 2288 1642 ἆ
2303 1602 2338 1642 δὲ
2363 1603 2481 1643 δειλόυ

1442 1679 1503 1707 τας
1517 1662 1667 1716 ἔλλειψις
1686 1668 1735 1703 τῶ
1752 1665 1858 1703 αὐτῶ.
1878 1665 1937 1702 καὶ
1964 1665 1986 1702 ἁ
2009 1664 2070 1715 μὲν
2094 1663 2228 1702 ἀσωτία
2243 1662 2418 1716 ὓπερὸολὰ
2437 1666 2487 1702 τῶ

1446 1721 1580 1766 δέοντος
1600 1723 1634 1760 ἐν
1658 1723 1797 1775 δαπάνᾳ
1818 1723 2026 1775 χρημάτων,
2050 1723 2071 1760 ἃ
2088 1722 2117 1760 δ’
2138 1722 2357 1775 ἀνελευθερία
2374 1723 2485 1762 ἔλλει-

1442 1783 1498 1832 ψις
1533 1783 1581 1818 τῶ
1616 1782 1724 1819 αὐτῶ.
1780 1782 1840 1820 καὶ
1869 1782 1891 1819 ἁ
1925 1781 1988 1832 μὲν
2015 1781 2101 1834 ὀργά
2131 1783 2200 1820 ε’ντι
2229 1780 2408 1833 ὓπερὸολὰ
2438 1783 2488 1819 τῶ

1448 1838 1581 1883 δέοντος
1614 1841 1648 1877 ἐν
1669 1842 1761 1893 ὁρμᾷ
1781 1843 1877 1889 θυμῶ
1890 1870 1900 1888 ,
1931 1840 1952 1878 ἁ
1975 1839 2002 1878 δ’
2023 1838 2219 1891 ἀναλγησία
2240 1838 2389 1891 ἔλλειψις
2407 1838 2486 1876 τού-

1446 1913 1507 1936 τω.
1528 1897 1574 1936 ‘O
1595 1897 1623 1936 δ’
1640 1899 1738 1942 αὐτὸς
1755 1899 1855 1951 λόγος
1874 1899 1933 1937 καὶ
1951 1898 2008 1936 ἐπὶ
2025 1905 2086 1936 τᾶν
2102 1899 2210 1935 ἀλλᾶν
2225 1897 2406 1937 διαθεσίων
2421 1902 2484 1935 τᾶν

1445 1956 1704 2006 ἀντικειμένων.
1783 1958 1845 1996 Δεῖ
1867 1959 1896 1995 δ’
1926 1956 1991 2002 ἕξιν
2021 1960 2070 1995 τῶ
2102 1957 2236 2001 δέοντος
2261 1956 2479 2010 ὖπάρχοισαν

1444 2014 1505 2053 τὰν
1529 2016 1652 2067 ἀρετὰν
1674 2017 1733 2055 καὶ
1765 2016 1939 2068 μεσότατα
1973 2020 2041 2055 τῶν
2072 2017 2210 2054 παθέων
2241 2015 2323 2065 μήτ’
2350 2016 2488 2056 ἀπαθέα

1447 2155 1483 2178 ac
1497 2146 1649 2179 desectus.
1677 2150 1717 2179 Et
1735 2147 1929 2180 abundantia
1947 2147 2078 2188 quidem
2100 2147 2170 2188 plus
2187 2155 2284 2188 quam
2303 2147 2413 2187 decet,
2433 2145 2488 2178 de-

1446 2206 1548 2238 sectus
1565 2206 1672 2238 minus
1695 2207 1791 2240 babet
1809 2216 1905 2248 quam
1930 2207 2032 2239 decet.
2087 2208 2246 2238 Decorum
2271 2214 2364 2246 porro
2387 2214 2486 2246 quum

1445 2265 1486 2296 sit
1503 2265 1588 2306 quod
1605 2274 1674 2297 esse
1692 2265 1801 2304 decet,
1817 2267 1850 2298 et
1863 2273 2048 2306 supremum
2071 2264 2111 2296 sit
2128 2265 2254 2305 oportet
2271 2267 2304 2296 et
2323 2263 2483 2304 medium,

1445 2330 1632 2362 supremum
1657 2323 1733 2363 quia
1755 2331 1815 2354 nec
1840 2322 1914 2354 addi
1940 2322 2116 2363 quidquam
2135 2331 2193 2354 nec
2207 2322 2292 2354 demi
2321 2322 2484 2362 postulat,

1445 2381 1586 2413 medium
1608 2381 1683 2422 quia
1699 2381 1780 2413 inter
1796 2381 2023 2412 abundantiam
2047 2390 2083 2412 ac
2102 2380 2261 2412 defectum
2282 2380 2485 2421 interjectum

1445 2439 1504 2469 est.
1538 2439 1695 2469 Praeterea
1714 2437 1866 2468 decorum
1891 2438 1986 2477 atque
2005 2436 2190 2468 indecorum
2212 2436 2258 2467 sie
2283 2436 2364 2468 inter
2381 2443 2416 2467 se
2431 2435 2486 2466 ba-

1446 2495 1538 2534 bent,
1561 2497 1596 2526 ut
1624 2493 1748 2534 aequale
1769 2495 1803 2526 et
1829 2493 2003 2535 inaequale,
2029 2494 2211 2526 ordinatum
2240 2494 2272 2526 et
2287 2492 2474 2533 confusum,

1445 2563 1517 2595 quae
1537 2553 1667 2594 quidem
1684 2555 1818 2594 utraque
1834 2553 1866 2585 in
1882 2553 1967 2585 idem
1990 2553 2158 2592 recidunt,
2178 2552 2305 2585 finitum
2321 2554 2353 2584 et
2378 2551 2486 2584 infini-

1446 2614 1516 2645 tum
1527 2636 1537 2652 ,
1559 2612 1693 2653 ideoque
1708 2611 1874 2652 inaequalis
1890 2613 1994 2652 partes
2010 2611 2050 2644 ad
2067 2611 2208 2644 medium
2220 2635 2230 2652 ‚
2247 2619 2311 2643 non
2329 2610 2368 2643 ad
2384 2619 2417 2643 se
2433 2610 2484 2642 in-

1446 2672 1547 2704 vicem
1569 2670 1759 2703 referuntur.
1817 2672 1896 2703 Nam
1922 2673 1954 2702 et
1975 2670 2110 2702 obtusus
2128 2669 2244 2702 dieitur
2265 2669 2403 2710 angulus
2427 2668 2484 2709 qni

1446 2734 1532 2763 recto
1548 2731 1650 2771 major
1675 2731 1739 2770 est,
1755 2731 1787 2762 et
1811 2731 1924 2761 acutus
1940 2729 1995 2770 qui
2012 2730 2114 2761 minor
2132 2731 2218 2761 recto
2233 2731 2282 2761 est
2293 2752 2303 2769 ‚
2331 2729 2365 2761 et
2382 2727 2486 2768 major

1446 2789 1528 2822 linea
1545 2792 1630 2821 reeta
1643 2797 1717 2830 quoe
1736 2788 1865 2819 ductam
1889 2797 1905 2819 e
1919 2788 2027 2819 centro
2054 2790 2201 2828 superat,
2218 2788 2252 2819 et
2279 2786 2403 2827 longior
2417 2785 2486 2818 dies

1446 2847 1670 2889 aequinoctiali.
1730 2846 1834 2879 Morbi
1862 2854 1990 2887 quoque
2021 2846 2161 2886 corporis
2191 2845 2372 2886 gignuntur,
2401 2852 2484 2885 quo·

1446 2907 1530 2939 niam
1559 2907 1607 2939 vel
1625 2905 1754 2938 calidius
1774 2904 1823 2936 vel
1844 2904 1985 2944 trigidius
2015 2904 2174 2936 redditum
2200 2904 2250 2935 est
2267 2911 2384 2944 corpus
2401 2911 2410 2931 ι
2439 2901 2483 2934 si-

1447 2965 1575 3006 quidem
1595 2963 1680 3004 quod
1694 2963 1826 2995 calidius
1842 2964 1891 2994 est
1910 2962 1993 2993 ultra
2009 2962 2193 3002 temperiem
2214 2960 2316 3002 calet,
2333 2959 2419 3001 quod
2433 2959 2487 2991 tri·

1446 3024 1549 3064 gidius
1566 3026 1616 3055 est
1631 3023 1815 3063 temperiem
1837 3030 1902 3053 non
1922 3021 2112 3061 assequitur.
2179 3020 2240 3052 Sed
2262 3019 2391 3051 animus
2405 3027 2486 3060 quo-

1446 3086 1508 3118 que
1541 3076 1673 3117 ejusque
1700 3075 1824 3107 affectio
1866 3074 2063 3106 consimilem
2104 3072 2200 3104 babet
2234 3071 2484 3112 proportionem.

1447 3136 1574 3168 Etenim
1592 3134 1724 3167 audacia
1742 3135 1793 3166 est
1814 3131 2036 3172 exsuperantia
2054 3130 2160 3162 decori
2185 3130 2217 3161 in
2238 3129 2414 3161 subeundis
2431 3137 2485 3168 pe-

1448 3195 1573 3234 riculis,
1592 3193 1743 3226 timiditas
1773 3191 1916 3232 eiusdem
1938 3189 2089 3221 detectus.
2149 3190 2248 3220 Porro
2270 3191 2306 3220 ut
2320 3187 2433 3219 effusio
2451 3187 2483 3218 in

1447 3252 1611 3292 erogandis
1631 3250 1773 3292 pecuniis
1789 3248 1920 3280 modum
1936 3246 2082 3285 excedit,
2099 3246 2142 3277 ila
2162 3245 2360 3277 illiberalitas
2380 3244 2412 3275 in
2432 3251 2484 3275 ea-

1447 3311 1520 3341 dem
1539 3318 1572 3341 re
1586 3308 1710 3341 defectu
1726 3307 1849 3349 peccat.
1870 3305 2014 3346 Denique
2029 3293 2300 3344 quemadmodum
2314 3302 2360 3333 ira
2375 3301 2483 3334 decori

1449 3369 1579 3401 violatio
1598 3370 1646 3401 est
1664 3369 1697 3399 in
1720 3365 1928 3399 concitatione
1943 3363 2039 3395 animi
2056 3372 2063 3394 ε
2082 3363 2128 3393 sic
2154 3360 2323 3392 indolentia
2339 3359 2407 3399 ejus
2426 3359 2483 3391 de·

1449 3429 1561 3459 sectus.
1613 3426 1730 3459 Eadem
1753 3433 1882 3465 quoque
1903 3422 2036 3454 aliarum
2069 3428 2243 3460 earumque
2269 3419 2484 3460 oppositarum

1419 3460 1424 3507 Ι
1447 3487 1653 3519 affectionum
1670 3486 1751 3517 ratio
1769 3485 1833 3516 est.
1882 3481 1985 3515 Debet
1998 3483 2104 3512 aulem
2128 3479 2239 3518 virttis,
2258 3487 2357 3518 quum
2377 3477 2483 3509 decori

2624 2249 2626 2253 '
2621 2141 2638 2222 ’.ιτ-ιζ
2628 2099 2638 2133 m..
2635 2081 2637 2083 .

2617 2593 2638 2618 ›-⁴.
2621 2466 2638 2587 “s-..vm
2622 2385 2638 2461 numm
