2638 3840
306 286 317 318 ι
333 284 375 317 rs
1131 268 1598 310 PYTHAGOREORUM

300 366 359 405 καὶ
380 368 397 404 6
426 364 528 408 τόπος
559 363 664 402 πάλιν
685 362 786 406 αὐτὸς
814 363 848 399 ἐν
869 359 993 413 ἑτέρῳ,
1011 357 1070 397 καὶ
1098 361 1199 396 τοῦτο
1221 357 1342 411 μέχρις
1366 371 1371 422 γ
1401 356 1462 395 καὶ
1480 355 1698 409 ἀδιαίρετον,
1714 356 1823 410 πέρας
1843 355 1906 406 μέν
1924 359 1991 396 ἐντι
2009 358 2059 395 τῶ
2077 358 2335 410 προγεγονότος,
2352 357 2446 411 ἀρχὰ

304 425 436 477 ἀπείρω
455 423 701 476 συμὸασεῖται.
722 421 873 472 Ἀνάγκα
892 420 1061 471 τοιγαρῶν
1077 424 1091 442 ⁸
1106 417 1151 455 τὰ
1172 415 1234 467 μὲν
1250 416 1341 454 ἄλλοι
1367 430 1370 475 γ
1402 414 1438 454 δὲ
1462 417 1512 454 τῶ
1546 415 1741 466 μέλλοντος·
1775 413 1893 466 ὥσπερ
1922 415 1982 454 καὶ
2007 422 2176 468 γραμμᾶς
2204 416 2337 460 εὐθείας
2361 417 2449 455 κλα-

301 485 335 522 ἐν
351 484 448 537 τόπῳ
468 478 569 535 ἧμεν,
588 482 646 521 τὸν
665 482 701 520 δὲ
718 479 820 519 τόπον
841 480 875 516 ἐν
893 477 1033 528 μηδενί,
1051 477 1128 514 ἀλλ’
1147 475 1236 514 οὕτω
1252 490 1341 514 ποτ-

300 542 344 582 τὰ
364 543 445 582 ὄντα
459 574 469 591 ,
492 542 611 595 ὥσπερ
630 541 688 580 καὶ
708 538 751 578 τὰ
771 539 906 590 πέρατα
926 535 1010 588 πρὸς
1028 534 1072 574 τὰ
1086 534 1342 588 περατούμενα·

301 606 319 641 6
337 603 404 655 γὰρ
420 606 470 642 τῶ
490 601 620 645 παντὸς
642 599 765 652 κόσμω
783 597 800 620 b
819 596 921 639 τόπος
944 594 1052 648 πέρας
1085 595 1247 634 ἁπάντων
1274 597 1342 632 τῶν

302 662 408 701 ὄντων
427 661 514 700 ἐστί.

357 720 607 772 (Simplicius
637 719 683 756 ad
708 720 867 757 Aristot.
890 715 1022 765 Categ.
1053 714 1078 751 f.
1105 714 1176 751 135
1198 726 1246 751 ex
1268 714 1345 751 Au·-

303 780 424 831 chytae
443 780 546 818 libro
565 778 644 830 περὶ
665 781 724 815 τοῦ
752 775 899 819 παντός.
917 774 1065 826 Scripsi
1083 788 1094 812 z
1113 780 1129 799 ⁸
1152 775 1343 825 τοιγαρῶν;

302 840 396 878 libri
420 841 615 890 τοιγαροῦν.
637 837 720 866 ——h
740 835 884 885 κόσμω;
899 833 1012 871 codd.
1034 832 1206 883 κόσμου.)

354 911 386 938 4.
409 896 453 937 ‘O
474 895 536 948 μὲν
552 895 638 939 θεῖος
650 892 854 945 Ἰοίμὸλιχος
874 893 908 931 ἐν
921 893 972 946 τῷ
988 891 1117 944 πρώτῳ
1131 893 1200 930 τῶν
1221 892 1268 935 εἷς
1283 890 1345 935 τὰς

301 954 511 1008 κατηγορίας
529 951 789 1005 ὑπομνημάτων
805 950 864 990 τὸν
885 949 1056 1004 Ἀρχύταν
1071 949 1246 1002 ὁρίζεσθαί
1259 965 1344 1003 φησι

300 1016 359 1054 τὸν
378 1014 499 1068 χρόνον
515 1016 561 1058 ὥς
580 1013 653 1051 ἐστὶ
669 1029 685 1047 α
702 1009 854 1054 κινάσιός
872 1025 924 1054 τις
940 1008 1118 1063 ἀριθμὸςῆ
1135 1009 1194 1048 καὶ
1207 1010 1346 1048 καθόλω

303 1075 478 1124 διάσταμα
496 1078 559 1117 τᾶς
578 1073 628 1110 τῶ
647 1069 778 1113 παντὸς
799 1068 933 1123 φύσιος.
954 1086 971 1103 ‘³

354 1133 601 1187 (Simplicius
627 1131 676 1169 ad
695 1130 859 1170 Aristot.
878 1128 998 1180 Phys.
1020 1128 1046 1165 f.
1079 1128 1151 1165 186
1167 1127 1209 1167 b.
1231 1127 1346 1166 Simi-

301 1195 389 1232 liter
417 1194 465 1231 ad
482 1192 600 1242 Phys.
635 1190 661 1230 f.
688 1189 759 1227 163
787 1201 837 1226 a:
860 1189 892 1226 οἱ
914 1185 952 1225 δὲ
971 1185 1033 1233 τὴν
1057 1191 1210 1238 σφαῖραν
1240 1185 1345 1225 αὐτὸν

301 1254 315 1305 (
328 1251 469 1306 χρόνον)
490 1255 550 1290 τοῦ
566 1251 712 1303 οὐρανοῦ
735 1247 890 1301 (φασιν),
909 1248 958 1290 ὥς
973 1244 1054 1289 τοὺς
1085 1244 1348 1298 Πυθαγορικοὺς

300 1313 474 1363 ἱστοροῦσι
493 1307 606 1360 λέγειν
625 1309 656 1346 οἳ
683 1306 971 1359 παρακούσαντες
995 1304 1079 1348 ἴσως
1096 1306 1158 1342 τοῦ
1179 1302 1346 1356 Ἀρχύτου

301 1371 458 1422 λέγοντος
473 1367 623 1408 καθόλου
643 1366 701 1406 τὸν
722 1366 849 1419 χρόνον
881 1364 1061 1415 διάστημα
1087 1366 1150 1411 τῆς
1175 1366 1239 1401 τοῦ
1258 1379 1349 1401 παν-

301 1428 355 1473 τὸς
381 1428 527 1482 φύσεως.
553 1426 663 1464 Adde
682 1425 847 1464 eundem
867 1424 910 1462 in
929 1423 1061 1472 Categ,
1084 1422 1111 1462 f.
1135 1436 1208 1473 129
1224 1436 1261 1472 a,
1279 1421 1347 1460 ubi

303 1498 428 1527 tamen
454 1485 606 1530 κινᾶσιός
624 1500 716 1529 τινος
746 1482 892 1537 ἀριθμὸς
918 1483 1062 1532 legitur
1094 1495 1166 1532 pro
1196 1481 1348 1526 κινάσιός

301 1551 390 1599 τις.)

355 1619 386 1646 5.
406 1605 459 1643 Τὸ
491 1604 526 1642 δὲ
545 1602 639 1642 πόκα
659 1601 719 1641 καὶ
737 1603 754 1639 6
772 1601 896 1654 χρόνος
916 1598 1064 1639 καθόλου
1086 1598 1148 1650 μὲν
1169 1597 1254 1637 ἴδιον
1275 1598 1348 1649 ἔχει

301 1665 341 1704 τὸ
359 1663 485 1717 ἀμερὲς
502 1661 562 1702 καὶ
581 1661 620 1700 τὸ
642 1658 893 1699 ἀνυπόστατον·
914 1658 954 1696 τὸ
978 1657 1045 1710 γὰρ
1067 1661 1126 1695 νῦν
1146 1656 1273 1709 ἀμερὲς
1295 1657 1348 1695 ἐὸν

302 1725 361 1764 καὶ
383 1725 568 1775 λεγόμενον
585 1722 659 1774 ἅμα
688 1720 749 1759 καὶ
764 1719 947 1771 νοεύμενον
969 1718 1193 1771 παρελήλυθε
1210 1717 1271 1756 καὶ
1287 1719 1350 1757 οὐκ

303 1784 374 1822 ἔντι
402 1781 618 1836 παραμένον·
653 1778 832 1831 γινόμενον
859 1777 926 1830 γὰρ
955 1779 1110 1830 συνεχῶς
1140 1777 1251 1815 τωυτὸ
1287 1776 1348 1827 μὲν

303 1842 474 1882 οὗδέποκα
505 1840 679 1880 σώσδεται
711 1839 790 1877 κατ’
825 1836 991 1890 ἀριθμόν,
1032 1835 1123 1874 κατὰ
1154 1836 1271 1887 μέντοι
1311 1851 1349 1885 γε

302 1902 343 1940 τὸ
382 1893 480 1944 εἶδος.
553 1898 598 1938 ‘O
627 1897 695 1951 γὰρ
719 1894 868 1940 ἐνεστὼς
895 1899 955 1934 νῦν
976 1895 1101 1948 χρόνος
1121 1893 1180 1933 καὶ
1209 1896 1227 1932 ὃ
1261 1893 1350 1944 μέλ-

302 1962 373 1999 λων
405 1961 467 1998 οὗκ
487 1958 558 1997 ἕντι
586 1956 696 2001 ωὑτὸς
721 1959 772 2009 τῷ
791 1954 1030 2008 προγεγονότι·
1052 1956 1070 1992 6
1091 1953 1154 2004 μὲν
1172 1951 1241 2006 γὰρ
1267 1954 1351 1992 ἀπο-

304 2018 422 2072 γέγονε
451 2017 511 2057 καὶ
532 2018 594 2056 οὐκ
613 2015 666 2054 ἔτι
695 2014 776 2053 ἐντί·
804 2017 823 2052 6
842 2013 878 2052 δὲ
900 2012 975 2064 ἅμα
997 2012 1178 2064 νοεύμενος
1199 2010 1260 2049 καὶ
1281 2013 1351 2050 ἐνε-

305 2076 443 2121 στακὼς
469 2075 678 2130 παρῴχηκε.
763 2073 833 2112 Καὶ
867 2072 975 2116 οὕτως
1017 2072 1072 2111 ἀεὶ
1111 2071 1278 2111 συνάπτει
1312 2071 1352 2111 τὸ

305 2135 374 2178 νῦν,
389 2132 541 2183 συνεχῶς
556 2129 643 2167 ἄλλο
659 2127 720 2167 καὶ
737 2127 822 2165 ἄλλο
837 2126 1017 2178 γινόμενον
1033 2125 1093 2165 καὶ
1114 2126 1350 2179 φθειρόμενον,

306 2189 397 2229 κατὰ
416 2190 533 2241 μέντοι
549 2205 588 2241 γε
607 2188 647 2227 τὸ
666 2182 756 2231 εἶδος
768 2186 893 2226 τωυτό.
912 2188 992 2226 Πᾶν
1012 2187 1078 2238 γὰρ
1095 2186 1135 2224 τὸ
1150 2189 1209 2224 νῦν
1227 2185 1353 2238 ἀμερὲς

311 2280 403 2288 ι.-...

1402 474 1539 519 σθείσας
1558 474 1597 514 τὸ
1613 475 1773 526 σαμεῗον,
1790 476 1869 527 περὶ
1889 474 1907 513 ὃ
1924 475 1947 513 ἁ
1964 475 2101 526 κλάσις,
2119 474 2214 528 ἀρχὰ
2231 473 2294 527 μὲν
2314 474 2450 527 γίνεται

1401 539 1462 578 τᾶς
1483 534 1600 587 ἑτέρας
1618 539 1808 587 γραμμᾶς,
1825 533 1933 588 πέρας
1949 534 1985 573 δὲ
2004 541 2067 578 τᾶς
2086 535 2218 588 ἑτέρας.
2235 532 2392 587 Συνεχὴς
2413 532 2450 573 δὲ

1402 595 1420 631 6
1440 592 1560 645 χρόνος
1579 592 1640 631 καὶ
1660 594 1697 632 οὗ
1719 593 1944 646 διωρισμένος
1958 623 1968 641 ,
1995 592 2115 646 ὥσπερ
2134 593 2278 646 ἀριθμὸς
2304 593 2365 631 καὶ
2385 592 2451 631 λό-

1403 666 1474 708 γοςι
1493 650 1554 690 καὶ
1579 651 1740 705 ἁρμονία·
1760 654 1810 698 τῶ
1839 650 1901 702 μὲν
1923 651 1993 704 γὰρ
2022 651 2117 702 λόγω
2134 652 2194 690 ταὶ
2211 651 2387 691 συλλαὸαὶ
2406 653 2451 691 τὰ

1406 709 1526 762 μόρια·
1559 714 1672 748 ταῦτα
1708 710 1744 749 δὲ
1772 711 1999 764 διωρισμένα·
2022 712 2084 753 καὶ
2103 717 2167 754 τᾶς
2199 709 2368 763 ἁρμονίας
2397 709 2452 749 τοὶ

1403 768 1544 822 φθόγγοι
1563 768 1623 808 καὶ
1639 771 1690 808 τῶ
1711 772 1850 822 ἀριθμῶ
1870 770 1930 809 ταὶ
1959 770 2118 821 μονάδες.
2146 768 2303 824 Γραμμὰ
2326 769 2362 807 δὲ
2389 769 2451 808 καὶ

1403 829 1531 882 χωρίον
1551 827 1611 867 καὶ
1627 827 1731 872 τόπος
1750 832 1893 880 συνεχῆ·
1919 828 1964 867 τὰ
1980 828 2048 880 γὰρ
2075 828 2183 881 μόρια
2204 828 2335 867 τούτων
2353 826 2452 869 κοινὰ,

1405 887 1576 939 τμάματα
1589 886 1697 927 ποιέει
1712 887 1947 939 διαιρεύμενα·
1967 887 2131 939 τέμνεται
2144 886 2211 940 γὰρ
2224 886 2373 941 γραμμὰ
2388 885 2452 938 μὲν

1404 948 1496 987 κατὰ
1512 947 1663 1000 στιγμάν
1676 978 1688 999 ,
1708 948 1870 986 ἐπίπεδον
1894 947 1930 986 δὲ
1949 947 2042 987 κατὰ
2057 946 2242 1000 γραμμάν,
2261 944 2400 998 στερεὸν
2414 945 2452 984 δὲ

1404 1007 1496 1045 κατὰ
1517 1006 1696 1046 ἐπίπεδον.
1712 1004 1818 1046 Ἔντι
1838 998 1886 1045 ὧν
1899 1009 1918 1045 6
1937 1006 2060 1059 χρόνος
2075 1005 2240 1058 συνεχής·
2263 1005 2302 1043 οὖ
2325 1003 2393 1056 γὰρ
2411 998 2452 1051 ἧς

1405 1080 1500 1104 ποκα
1517 1065 1634 1118 φύσις,
1647 1064 1760 1103 ὁπόκα
1779 1064 1902 1117 χρόνος
1924 1066 1988 1104 οὔκ
2002 1059 2056 1113 ἧς,
2079 1063 2158 1103 οῦδὲ
2176 1063 2325 1110 xivam«,
2340 1062 2454 1103 ὂπόκα

1405 1127 1444 1163 τὸ
1462 1128 1522 1163 νῦν
1537 1127 1574 1163 οὐ
1593 1128 1718 1177 παρῆς*
1734 1127 1811 1164 ἀλλ’
1829 1124 1883 1163 ἀεὶ
1901 1119 1943 1171 ἧς
1959 1123 2019 1163 καὶ
2031 1125 2186 1164 ἃσσεῖται
2204 1122 2264 1162 καὶ
2282 1121 2455 1161 οὗδέποκα

1405 1183 1575 1237 ἐπιλείψει
1592 1184 1630 1222 τὸ
1647 1187 1723 1232 νῦν,
1745 1184 1832 1223 ἄλλο
1851 1183 1912 1223 καὶ
1926 1183 2014 1222 ἄλλο
2029 1182 2225 1234 γινόμενον,
2239 1181 2299 1220 καὶ
2316 1182 2455 1234 ἀριθμῷ

1408 1241 1470 1293 μὲν
1491 1242 1628 1295 ἅτερον,
1649 1242 1735 1282 εἴδει
1755 1242 1791 1280 δὲ
1807 1241 1950 1281 τωυτόν.
1978 1241 2143 1295 Διαφέρει
2168 1239 2204 1280 δὲ
2217 1238 2370 1293 γραμμὰ
2386 1241 2455 1278 τῶν

1408 1302 1524 1340 ἄλλων
1548 1302 1736 1354 συνεχέων,
1754 1301 1806 1340 ὅτι
1827 1307 1890 1347 τᾶς
1911 1302 1974 1351 μὲν
1987 1307 2156 1353 γραμμᾶς
2178 1299 2238 1338 καὶ
2259 1301 2309 1338 τῶ
2327 1299 2454 1351 χωρίω

1407 1361 1467 1400 καὶ
1487 1364 1536 1399 τῶ
1550 1360 1649 1400 τόπω
1662 1360 1708 1399 τὰ
1729 1361 1837 1413 μέρεα
1857 1359 2049 1412 ὖφέστακε,
2070 1361 2121 1398 τῶ
2141 1358 2176 1397 δὲ
2197 1357 2315 1411 χρόνω
2328 1357 2373 1396 τὰ
2392 1357 2456 1409 μὲν

1408 1419 1579 1471 γενόμενα
1600 1419 1781 1473 ἔφθαρται,
1795 1418 1838 1456 τὰ
1856 1418 1892 1457 δὲ
1912 1417 2129 1470 γενασόμενα
2150 1415 2378 1470 φθαρήσεται.

1462 1478 1714 1532 (Simplicius
1751 1479 1792 1517 in
1841 1478 2064 1516 Aristotelis
2095 1476 2215 1528 Phys.
2248 1476 2276 1516 f.
2316 1476 2390 1515 186
2417 1489 2455 1515 aa

1408 1540 1582 1578 Eundem
1617 1539 1794 1589 Archytae
1828 1539 1960 1576 locum
1989 1537 2031 1575 in
2053 1536 2207 1575 Comm.
2240 1534 2290 1574 ad
2321 1534 2455 1586 Categ.

1410 1600 1434 1639 f.
1472 1601 1544 1637 130
1563 1598 1590 1636 b
1614 1598 1742 1647 affert,
1768 1600 1822 1635 ita
1839 1606 1968 1635 tamen
1988 1604 2030 1634 ut
2051 1609 2126 1647 pro
2150 1595 2300 1633 doricis
2316 1597 2456 1634 vocum

1410 1658 1547 1696 formis
1567 1658 1705 1695 atticas
1727 1657 1788 1694 vel
1811 1668 2037 1694 communes
2066 1654 2288 1693 substituat.
2314 1653 2457 1706 Sequi-

1409 1725 1472 1754 tur
1502 1715 1692 1766 Archytas
1704 1745 1715 1766 ,
1756 1715 1819 1753 vel
1849 1715 2074 1766 quicunque
2101 1713 2223 1763 hujus
2249 1712 2457 1762 fragmenti

1409 1783 1545 1813 auctor
1567 1783 1638 1821 est,
1661 1774 1704 1812 in
1725 1775 1911 1825 temporis
1941 1781 2081 1811 natura
2109 1770 2335 1810 definienda
2361 1772 2457 1811 Ari-

1409 1834 1584 1872 stotelem
1598 1833 1717 1884 Phys.
1740 1846 1846 1872 ausc.
1865 1832 1933 1871 lib.
1952 1830 2003 1874 lv
2024 1844 2109 1883 cap.
2136 1836 2358 1882 10—14‚p.
2381 1845 2456 1881 ²17

1410 1892 1448 1931 b.
1468 1915 1523 1922 —-
1538 1899 1614 1937 σοι.
1636 1905 1658 1930 a
1685 1892 1745 1932 ed.
1783 1892 1945 1932 Bekker.
1967 1891 2069 1929 hanc
2093 1889 2296 1928 materiam
2326 1892 2458 1942 copio-

1412 1953 1565 1991 sissime
1586 1954 1843 1999 tractantem.)

1466 2024 1495 2050 6.
1526 2011 1573 2048 Οἱ
1587 2010 1622 2047 δὲ
1644 2010 1723 2061 περὶ
1748 2008 1896 2054 Εὔδοξον
1917 2008 1977 2047 καὶ
1995 2007 2168 2061 Ἀρχύταν
2187 2007 2247 2047 τὸν
2265 2006 2370 2060 λόγον
2385 2009 2457 2046 τῶν

1413 2070 1621 2122 συμφωνιῶν
1645 2069 1679 2106 ἐν
1701 2069 1858 2120 ἀριθμοῖς
1877 2066 1990 2120 ᾤοντο
2007 2060 2113 2116 εἶναι,
2135 2067 2384 2117 ὁμολογοῦντες
2401 2067 2461 2106 καὶ

1415 2130 1528 2166 αὐτῶν
1545 2129 1579 2165 ἐν
1597 2127 1773 2174 κινήσεσιν
1797 2121 1884 2165 εἶναι
1903 2125 1981 2170 τοὺς
1995 2125 2130 2177 λόγους·
2150 2125 2211 2164 καὶ
2225 2125 2289 2173 τὴν
2314 2124 2379 2176 μὲν
2391 2141 2459 2165 τα,-

1415 2192 1519 2239 χεῖαν
1541 2186 1678 2233 κίνησιν
1705 2186 1816 2231 ὀξεῖαν
1844 2180 1953 2233 εἶναι,
1979 2185 2038 2224 ἅτε
2063 2184 2287 2232 πλήττουσαν
2320 2184 2462 2238 συνεχὲς

308 2321 410 2363 spatio
424 2320 476 2359 sit,
499 2320 641 2360 spatium
665 2319 762 2351 ctiam
790 2318 896 2358 ipsum
925 2326 1037 2349 rursus
1057 2316 1090 2348 in
1106 2316 1207 2348 altero
1235 2316 1278 2348 sit
1302 2325 1356 2349 ne·
1381 2315 1385 2372 J
1414 2318 1552 2358 cretum,
1570 2317 1642 2349 finis
1657 2317 1786 2358 quidem
1804 2316 1974 2358 praeteriti,
1990 2315 2119 2348 initium
2135 2316 2244 2348 autem
2265 2314 2366 2348 turturi
2381 2318 2462 2348 tem·

308 2389 393 2412 cesse
414 2381 473 2420 est,
490 2379 587 2420 idque
609 2378 642 2410 in
669 2377 866 2410 immensum
896 2375 1079 2417 pertinebit.
1100 2377 1235 2408 Necesse
1260 2375 1355 2416 igitur
1381 2374 1385 2425 ι
1414 2375 1501 2417 poris
1521 2376 1590 2415 est;
1608 2374 1881 2416 quemadmodum
1903 2373 2000 2407 etiam
2023 2374 2122 2407 rectae
2142 2373 2235 2406 lineae
2256 2372 2351 2407 sscxae
2377 2383 2463 2416 pun-

308 2441 367 2478 est,
395 2440 499 2470 cetera
524 2437 653 2478 quidem
672 2437 706 2468 in
735 2435 851 2477 spatio,
882 2435 1022 2476 spatium
1050 2443 1128 2467 vero
1157 2434 1244 2466 nulla
1269 2434 1301 2466 in
1321 2443 1355 2466 rc
1382 2426 1386 2487 Ι
1415 2438 1516 2476 ctum,
1533 2436 1619 2468 circa
1643 2435 1731 2477 quod
1754 2434 1892 2468 deflexio
1910 2435 1972 2475 sit,
1992 2434 2125 2467 atterius
2141 2434 2272 2476 quidem
2289 2434 2382 2467 tineae
2400 2434 2463 2468 irti-

309 2506 391 2537 esse,
414 2497 470 2529 sed
486 2496 619 2528 eandem
643 2495 762 2527 habere
783 2493 942 2526 rationem
960 2493 1000 2525 ad
1020 2502 1085 2534 res,
1100 2502 1198 2534 quam
1218 2493 1298 2525 fines
1315 2492 1356 2524 ad
1383 2489 1386 2536 Ι
1415 2496 1508 2537 tium,
1518 2495 1650 2528 alterius
1663 2495 1774 2529 autem
1788 2494 1859 2527 finis
1870 2495 1930 2527 est.
1944 2495 2002 2526 Est
2014 2497 2122 2526 autem
2134 2495 2262 2535 tempus
2273 2495 2462 2535 perpetuum

311 2557 408 2596 finita,
428 2555 580 2596 quoniam
600 2553 818 2586 universitatis
833 2553 972 2593 spatium
991 2552 1139 2584 omnium
1159 2560 1265 2584 rerum
1281 2552 1354 2584 finis

311 2616 371 2646 est.

352 2675 382 2704 4.
400 2674 418 2704 J
422 2670 612 2709 amblichuS,
625 2670 723 2701 homo
736 2669 875 2708 divinus,
891 2669 922 2700 in
936 2669 1040 2710 primo
1050 2667 1356 2700 commentariorum

1415 2563 1521 2596 neque
1543 2553 1724 2595 definitum,
1757 2555 1794 2586 ut
1820 2562 1975 2586 numerus
1999 2554 2031 2586 et
2059 2552 2195 2584 verbum
2225 2555 2258 2585 et
2285 2552 2463 2593 harmonia,

1416 2611 1576 2652 siquidem
1594 2611 1685 2644 verbi
1710 2614 1817 2652 partes
1847 2609 1977 2652 syllabae
1996 2611 2092 2648 sunt,
2110 2617 2185 2650 qnae
2206 2609 2283 2642 sunt
2308 2608 2463 2649 definitae,

1384 2689 1387 2704 ι
1415 2671 1492 2704 item
1509 2670 1687 2703 harmoniae
1703 2674 1809 2711 partes
1826 2669 1895 2701 soni
1917 2670 1950 2701 et
1965 2668 2090 2700 numeri
2110 2667 2277 2700 monades.
2298 2667 2361 2700 Sed
2381 2668 2463 2700 tinea

311 2731 344 2763 in
366 2730 537 2770 categorias
553 2729 725 2768 Archytam
737 2728 780 2759 ait
792 2729 922 2768 tempus
941 2728 984 2759 ita
996 2727 1140 2767 definire,
1162 2728 1198 2759 ut
1215 2735 1285 2759 esse
1303 2725 1354 2757 di·
1384 2705 1388 2764 ἔ
1416 2733 1448 2763 et
1474 2731 1584 2772 figurae
1598 2738 1671 2762 area
1697 2730 1731 2762 et
1747 2728 1886 2769 spatium
1906 2727 2056 2759 continua
2072 2730 2165 2766 sunt3
2189 2734 2330 2767 namque
2348 2725 2463 2758 harum

313 2791 364 2821 cat
379 2790 491 2821 motus
508 2786 685 2829 quendam
705 2794 891 2818 numerum
912 2786 964 2818 vel
982 2788 1088 2818 etiam
1107 2787 1246 2818 omnino
1258 2793 1355 2817 crea-

314 2849 434 2879 tarum
450 2846 606 2877 omni-um
623 2852 743 2876 rerum
761 2844 1000 2876 intervallum.

1385 2765 1388 2827 l
1421 2798 1528 2822 rerum
1553 2791 1661 2830 partes
1688 2787 1877 2820 constitutae
1905 2785 2093 2818 communia
2115 2788 2280 2826 segmenta
2307 2784 2462 2825 efficiunt,

1417 2850 1571 2892 quoniam
1596 2849 1682 2882 linea
1702 2850 1845 2890 puncto,
1877 2847 2006 2888 planum
2033 2845 2129 2884 linea,
2158 2844 2297 2877 solidum
2325 2833 2477 2886 denique

357 2903 483 2937 5·1¹¹¹¹¹d
502 2906 609 2935 autem
624 2902 765 2944 quando
784 2905 815 2934 et
830 2903 960 2943 tempus
974 2903 1105 2935 omnino
1122 2903 1285 2944 propriam
1305 2902 1360 2933 ¹¹³·
1418 2910 1514 2950 plano
1529 2910 1668 2942 secatur.
1688 2909 1746 2940 Est
1761 2907 1858 2949 igitur
1882 2909 2012 2946 tempus
2032 2908 2241 2946 perpetuum3
2259 2913 2363 2946 neque
2378 2904 2463 2942 enim

314 2965 372 2997 bet·
388 2964 535 2995 naturam
561 2964 630 2994 tum
652 2960 853 2993 individuam
870 2962 941 2992 tum
967 2969 1031 2992 non
1055 2961 1302 3002 subsistentem
1331 2963 1359 2994 i·
1386 2978 1390 3009 γ
1418 2977 1561 3010 unquam
1580 2967 1641 2999 fuit
1656 2974 1765 2999 rerum
1779 2968 1882 3004 ortus,
1903 2972 2003 3005 quum
2021 2964 2152 3004 tempus
2168 2971 2233 2995 non
2253 2965 2348 3002 aeset,
2362 2971 2466 3004 neque

316 3035 409 3068 psum
428 3025 513 3057 enim
529 3032 636 3064 nunc,
656 3031 756 3063 quum
778 3021 980 3054 individuum
993 3021 1045 3061 sit,
1064 3022 1159 3054 simul
1185 3022 1307 3056 dictum
1328 3027 1359 3058 et
1386 3011 1390 3052 Ι
1419 3029 1536 3068 motus,
1559 3034 1661 3066 quum
1677 3025 1782 3067 ipsum
1801 3031 1895 3056 nunc
1917 3031 1982 3055 non
2008 3021 2148 3062 adesset,
2174 3021 2229 3054 sed
2254 3029 2380 3062 semper
2405 3020 2465 3053 ruit

317 3085 490 3126 cogitatum
513 3082 664 3124 praeteriit
692 3084 796 3121 neque
812 3080 978 3119 consistit;
997 3081 1115 3121 quippe
1132 3083 1284 3122 perpetuo
1300 3092 1358 3115 na·
1388 3102 1391 3108 ·
1418 3073 1516 3126 atque
1533 3085 1593 3117 erit
1611 3092 1715 3125 neque
1737 3090 1882 3124 unquam
1908 3080 2035 3113 deficiet
2053 3080 2117 3112 hoc
2134 3088 2239 3120 nunc,
2259 3079 2355 3112 aliam
2368 3081 2465 3120 atquc

319 3152 410 3177 scens
426 3150 592 3183 nunquam
620 3140 751 3181 quidem
773 3148 925 3178 numero,
946 3139 1001 3170 sed
1026 3140 1133 3171 tamen
1152 3140 1256 3180 specie
1275 3141 1359 3186 idem
1387 3111 1391 3189 Ι
1419 3144 1514 3176 aliam
1531 3147 1679 3176 naturam
1693 3141 1842 3182 induens,
1858 3141 1890 3173 et
1905 3148 2040 3172 numero
2059 3139 2189 3180 quidem
2203 3139 2375 3178 variatum,
2391 3146 2462 3179 spe-

320 3205 438 3235 manet.
457 3201 581 3234 Etenim
606 3201 734 3241 tempus
750 3207 835 3230 nunc
850 3206 991 3239 praesens
1006 3201 1039 3230 et
1058 3198 1202 3230 futurum
1228 3208 1291 3231 non
1307 3205 1356 3233 est
1387 3190 1391 3261 Ι
1419 3203 1468 3235 cie
1483 3205 1590 3235 autem
1609 3201 1694 3234 idem
1717 3208 1861 3233 manens.
1897 3200 2048 3231 Ceterum
2074 3206 2112 3230 eo
2127 3186 2234 3229 differt
2251 3197 2334 3229 linea
2349 3205 2369 3228 a
2387 3196 2461 3228 reli-

318 3265 402 3297 idem
415 3263 501 3305 quod
518 3261 732 3304 proeteritum;
751 3259 908 3301 siquidem
927 3259 989 3291 hoe
1005 3258 1083 3291 abiit
1101 3268 1204 3300 neque
1221 3262 1359 3301 amptius
1387 3262 1391 3300 Ι
1420 3261 1495 3302 quis
1511 3261 1608 3293 rebus
1619 3258 1798 3299 continuis,
1810 3257 1901 3300 quod'
1916 3259 1982 3289 tam
1999 3256 2093 3288 tineae
2103 3264 2200 3296 quam
2219 3263 2303 3287 areae
2316 3257 2350 3287 et
2366 3254 2462 3296 spatii

318 3325 380 3364 est,
392 3323 471 3355 illud
501 3321 596 3354 simul
624 3320 798 3361 cogitatum
830 3320 863 3351 et
880 3327 1021 3359 praesens
1050 3319 1200 3350 exactum
1225 3320 1283 3351 est,
1312 3321 1360 3352 Ita
1387 3301 1391 3358 Ι
1421 3323 1524 3361 partes
1542 3323 1682 3362 exstant,
1705 3321 1738 3352 at
1753 3320 1838 3352 sicut
1853 3317 2005 3360 praeteriti
2022 3315 2175 3357 temporis
2197 3315 2364 3347 hominum
2381 3314 2464 3347 facta

318 3391 443 3423 semper
460 3382 559 3413 instat
575 3381 680 3421 ipsum
697 3387 804 3419 nunc,
821 3378 1019 3410 continenter
1037 3377 1135 3409 aliam
1152 3378 1248 3417 atque
1266 3378 1359 3410 aliam
1420 3380 1641 3419 exoleverunt,
1659 3379 1703 3411 ita
1725 3378 1824 3410 futuri
1845 3376 2038 3409 exolescent.

320 3443 466 3474 naturam
487 3441 620 3472 induens
641 3439 779 3480 ideoque
800 3438 1007 3476 exstinctum,
1027 3437 1131 3477 specie
1146 3438 1253 3470 tamen
1275 3437 1358 3469 idem
1462 3443 1492 3470 6.
1516 3440 1558 3470 At
1582 3438 1737 3470 Eudoxus
1760 3438 1793 3469 et
1822 3436 1978 3476 Archytas
2007 3433 2158 3466 rationem
2187 3433 2403 3464 concentuum
2431 3431 2462 3463 in

323 3509 462 3531 manem.
489 3502 591 3531 Omne
608 3499 691 3530 enim
709 3498 791 3529 istud
813 3505 915 3537 nunc,
937 3500 971 3528 nt
988 3495 1190 3528 individuum
1208 3497 1238 3528 et
1258 3496 1356 3527 indis·
1420 3497 1563 3528 numeris
1580 3505 1650 3528 esse
1674 3497 1810 3536 positam
1835 3494 2045 3534 censuerunt,
2074 3491 2287 3523 concedentes
2311 3492 2407 3524 etiam
2432 3490 2462 3522 in
