2638 3840
303 295 350 326 36
1136 284 1279 352 ¹PYTH
1285 284 1421 324 AGOR
1428 284 1610 324 EORUM

303 376 482 415 Jacobsro
508 377 627 429 Epist.
667 365 715 415 aii
751 376 996 422 Schowium3
1033 374 1126 413 libri
1169 374 1338 422 ἐθελήσει.

311 437 505 485 Ὺδούλουςς
528 437 642 477 codd.
667 436 828 480 δούλως.Ζ
858 437 934 474 κατ’
954 450 964 482 ;
986 434 1097 475 codd.
1120 434 1238 474 καθ’.λ

787 562 849 594 14.

338 676 572 718 ΦῙΝΤΥΟΣ
602 675 702 715 ΤΑΣ
732 672 1132 713 ΚΑΛΛΙΚΡΛΤΕΟΣ
1152 672 1318 713 ΘΥΓΑ-

312 783 314 786 ,
555 735 691 775 ΤΡΟΣ
722 732 1084 772 ΠΥΘΑΓΟΡΕΙΑΣ

295 798 363 836 ΕΚ
393 797 496 836 ΤΟΥ
525 795 644 834 ΠΕΡΙ
670 791 936 832 ΓΥΝΑΙΚΟΣ
965 790 1326 830 ΣΩΦΡΟΣΥΝΑΣ.

347 907 398 949 Τὸ
433 908 495 959 μὲν
520 905 597 945 ὅλον
626 905 759 957 ἀγαθὰν
793 905 844 943 δεῖ
877 898 966 955 ἦμεν
997 903 1058 943 καὶ
1077 903 1241 955 κοσμίαν·
1263 902 1343 941 ἄνευ

295 969 326 1006 δ’
342 974 358 992 ²
379 970 503 1021 ἀρετᾶς
520 965 681 1004 οὖδέποκ’
703 964 770 1003 ἃνῑ)
789 963 922 1016 γένοιτό
948 979 1001 1009 τις
1028 964 1188 1003 τοιαύτα.
1237 962 1346 1002 Ἑκά-

294 1030 389 1065 σταῧ
414 1025 481 1078 γὰρ
510 1023 617 1077 ἀρετὰ
645 1023 727 1077 περὶ
752 1023 899 1061 ἕκαστον
920 1021 1087 1073 γινομένα
1101 1021 1141 1060 τὸ
1162 1023 1270 1065 αὐτᾶς
1288 1022 1343 1060 δε-

293 1084 410 1124 κτικὸν
431 1083 620 1122 ἀποδίδωτι
636 1083 834 1122 σπουδαῖον·
866 1081 888 1119 ἁ
912 1081 975 1132 μὲν
1005 1083 1073 1119 τῶν
1096 1081 1249 1119 ὀπτίλων
1277 1081 1345 1125 τὼς

293 1143 465 1191 ὀπτίλως,
489 1143 511 1180 ἁ
533 1142 569 1180 δὲ
586 1148 648 1185 τᾶς
667 1144 775 1185 ἀκοᾶς
795 1139 859 1178 τὰν
880 1140 1008 1189 ἀκοάν,
1028 1140 1088 1179 καὶ
1109 1142 1131 1180 ἁ
1159 1141 1222 1190 μὲν
1245 1139 1345 1179 ἵππω

292 1203 351 1242 τὸν
371 1202 491 1250 ἵππον,
520 1203 542 1241 ἁ
570 1202 600 1240 δ’
634 1200 756 1253 ἀνδρὸς
787 1199 845 1239 τὸν
873 1200 994 1253 ἄνδρα·
1027 1199 1118 1238 οὕτω
1148 1199 1263 1239 δὲκαὶ
1292 1198 1344 1237 οἳ(Ι

292 1261 461 1313 γυναικὸς,
474 1260 537 1300 τὰν
557 1262 722 1312 γυναῖκα.
774 1290 777 1291 ⁷
798 1261 828 1299 Γ
830 1258 969 1302 υναικὸς
993 1258 1028 1296 δὲ
1051 1258 1206 1309 μάλιστα
1234 1258 1342 1311 ἀρετὰ

294 1320 515 1374 σωφροσύνα·
536 1319 592 1357 διὰ
605 1318 674 1372 γὰρ
693 1317 824 1362 ταύτας
839 1317 902 1356 -τὸν
921 1317 1008 1356 ἴδιον
1025 1317 1134 1370 ἄνδρα
1155 1317 1215 1356 καὶ
1238 1323 1343 1369 τιμᾶν

293 1379 352 1417 καὶ
367 1382 507 1431 ἀγαπᾶν
523 1380 735 1418 δυνασεῒται.
756 1377 889 1418 Πολλοὶ
908 1376 970 1428 μὲν
986 1376 1070 1422 ἴσως
1087 1376 1276 1426 δοξάζοντι,
1294 1377 1345 1416 ὅτι

294 1442 356 1478 οὐκ
387 1438 603 1490 εὐάρμοστον
636 1437 775 1489 γυναικὶ
804 1436 1008 1490 φιλοσοφέν,
1038 1437 1159 1489 ὥσπερ
1182 1437 1254 1475 οὐδ’
1284 1439 1345 1476 ἱπ-

294 1492 397 1531 πεύεν
419 1492 498 1531 οὐδὲ
519 1491 734 1544 δαμαγορέν·
767 1491 837 1542 ἐγὼ
867 1490 903 1528 δὲ
934 1490 979 1528 τὰ
1009 1488 1072 1540 μέν
1107 1506 1186 1528 τινα
1214 1490 1344 1541 νομίζω

293 1551 414 1605 ἀνδρὸς
434 1546 636 1602 ἦμενῖδια,
656 1551 701 1590 τὰ
718 1550 754 1590 δὲ
773 1549 950 1602 γυναικός,
971 1549 1016 1596 τὰ
1037 1548 1073 1588 δὲ
1101 1549 1200 1589 κοινὰ
1226 1550 1347 1604 ἀνδρὸς

293 1611 353 1650 καὶ
371 1610 551 1663 γυναικός,
565 1610 609 1648 τὰ
630 1609 666 1649 δὲ
688 1611 821 1660 μᾶλλον
853 1609 974 1662 ἀνδρὸς
995 1608 1017 1656 ἢ
1037 1610 1217 1661 γυναικός,
1239 1609 1284 1648 τὰ
1307 1610 1342 1648 δὲ

295 1672 429 1722 μᾶλλον
450 1671 612 1722 γυναικὸς
630 1668 652 1716 ἢ
671 1668 805 1722 ἀνδρός.
821 1668 916 1709 Ἴδια
939 1668 1002 1719 μὲν
1028 1669 1150 1721 ἀνδρὸς
1170 1670 1211 1709 τὸ
1236 1685 1341 1723 στρα-

294 1729 398 1782 ταγὲν
415 1730 474 1768 καὶ
495 1730 737 1768 πολιτεύεσθαι
763 1728 823 1767 καὶ
843 1728 1058 1781 δαμαγορέν·
1081 1728 1152 1767 ἴδια
1174 1728 1209 1767 δὲ
1230 1745 1344 1781 γυναι·

294 1788 353 1831 κὸς
372 1788 411 1826 τὸ
435 1787 588 1841 οἷκουρὲν
621 1787 681 1826 καὶ
704 1788 798 1827 ἔνδον
827 1787 926 1837 μένεν
959 1787 1019 1826 καὶ
1049 1788 1254 1841 ἐκδέχεσθαι
1287 1790 1346 1828 καὶ

295 1846 483 1899 θεραπεύεν
503 1848 561 1886 τὸν
595 1846 719 1900 ἄνδρα.
780 1845 892 1886 Κοινὰ
923 1846 961 1885 δέ
996 1862 1086 1898 φαμι
1119 1848 1260 1901 ἀνδρίαν
1286 1850 1346 1887 καὶ

296 1905 516 1944 δικαιοσύναν
548 1905 608 1944 καὶ
628 1905 806 1959 φρόνασιν·
834 1906 894 1945 καὶ
920 1905 987 1958 γὰρ
1007 1905 1069 1951 τὰς
1103 1909 1152 1944 τῶ
1185 1907 1346 1958 σώματος

296 1964 423 2018 ἀρετὰς
435 1964 567 2017 πρέπον
593 1965 672 2018 ἔχεν
690 1964 751 2003 καὶ
772 1966 870 2018 ἀνδρὶ
891 1965 950 2003 καὶ
966 1965 1104 2016 γυναικὶ
1124 1966 1185 2005 καὶ
1203 1973 1265 2011 τᾶς
1281 1970 1347 2020 ψυ-

294 2030 361 2077 χᾶς
387 2023 525 2074 ὁμοίως·
552 2023 612 2062 καὶ
633 2025 679 2067 ὡς
698 2022 851 2074 ὑγιαίνεν
882 2025 931 2075 τῷ
960 2023 1100 2074 σώματι
1132 2026 1341 2078 ἀμφοτέροις

294 2083 486 2137 ὠφέλιμον,
509 2082 616 2128 οὕτως
635 2083 786 2135 ὑγιαίνεν
807 2089 851 2136 τᾷ
871 2084 982 2136 ψυχᾷ·
1005 2083 1168 2135 σώματος
1196 2085 1231 2123 δὲ
1251 2080 1340 2136 ἦμεν

1411 373 1534 428 ἀρετὰς
1551 373 1700 426 ὑγίειαν,
1718 371 1820 424 ἰσχύν
1837 402 1847 420 ,
1869 371 2113 419 εὖαισθησίαν,
2139 370 2279 414 κάλλος.
2336 367 2393 408 Τὰ
2410 366 2446 407 δὲ

1407 434 1541 484 μᾶλλον
1561 433 1659 486 ἀνδρὶ
1677 432 1738 472 καὶ
1758 430 1863 472 dcxiv
1883 430 1943 471 καὶ
1972 429 2052 483 ἔχεν
2081 428 2207 468 οἰκεῖόν
2235 430 2303 468 ἐντι
2314 457 2325 478 ,
2345 426 2390 465 τὰ
2409 427 2446 467 δὲ

1407 494 1540 543 μᾶλλον
1582 492 1732 544 γυναικί.
1768 490 1963 544 ἀνδρότατα
1987 489 2049 541 μὲν
2085 487 2152 542 γὰρ
2184 488 2244 527 καὶ
2282 487 2448 541 φρόνασιν

1408 554 1538 601 μᾶλλον
1565 550 1662 604 ἀνδρὶ
1691 550 1752 590 καὶ
1771 549 1829 588 διὰ
1847 549 1910 587 τὰν
1937 549 2004 594 ἕξιν
2035 550 2085 585 τῶ
2105 546 2269 598 σώματος
2300 545 2361 585 καὶ
2390 545 2448 584 διὰ

1405 610 1468 650 τὰν
1484 610 1628 663 δύναμιν
1649 616 1710 655 τᾶς
1728 612 1862 663 ψυχᾶς,
1883 606 2112 662 σωφροσύναν
2130 606 2166 645 δὲ
2185 605 2335 657 γυναικί.
2387 605 2450 645 Διὸ

1406 671 1457 709 δεῖ
1474 671 1554 724 περὶ
1575 669 1799 724 σωφροσύνας
1829 667 2084 718 παιδευομέναν
2116 665 2298 718 γνωρίζεν,
2320 665 2360 704 ἐκ
2380 664 2451 703 πό-

1406 744 1476 768 σων
1492 731 1594 767 τινῶν
1612 729 1672 768 καὶ
1694 729 1800 768 ποίων
1819 731 1920 766 τοῦτο
1946 726 2098 779 τάγαθὸν
2124 731 2168 777 τᾷ
2190 721 2328 775 γυναικὶ
2346 737 2450 775 περι-

1404 787 1581 839 γίνεταιΰ.
1614 787 1720 838 (bapt
1747 787 1788 834 δὴ
1823 788 1862 825 ἐκ
1888 785 1991 825 πέντε
2011 784 2153 824 τούτων·
2176 789 2309 835 πρᾶτον
2329 779 2394 832 μὲν
2413 781 2452 819 ἐκ

1405 854 1466 892 τᾶς
1480 847 1560 900 περὶ
1579 847 1640 885 τὰν
1658 845 1760 885 εὐνὰν
1786 844 1963 888 ὁσιότατός
1976 859 2012 882 τε
2033 843 2093 883 καὶ
2123 840 2314 885 εὗσεὸείας·
2338 838 2453 878 δεύτε-

1407 923 1463 960 ρον
1490 904 1526 944 δὲ
1549 908 1587 946 ἐκ
1615 908 1664 944 τῶ
1691 904 1815 956 κόσμω
1847 906 1896 942 τῶ
1927 902 2008 956 περὶ
2034 902 2075 942 τὸ
2106 903 2225 954 σῶμα·
2263 899 2380 952 τρίτον
2413 900 2454 938 ἐκ

1405 971 1467 1003 τᾶν
1492 963 1614 1009 ἐξόδων
1641 969 1703 1001 τᾶν
1725 965 1764 1002 ἐκ
1783 969 1846 1007 τᾶς
1875 962 1966 1005 ἷδίας
2000 959 2122 1005 οἰκίας·
2151 960 2314 1012 τέταρτον
2351 957 2383 997 δ’
2413 958 2454 996 ἐκ

1405 1026 1454 1062 τῶ
1466 1024 1514 1075 μὴ
1530 1023 1695 1075 χρέεσθαι
1708 1023 1777 1066 τοῖς
1790 1024 1992 1074 ὀργιασμοῖς
2007 1019 2068 1059 καὶ
2083 1020 2345 1073 ματρῳασμοῖς·
2362 1017 2454 1067 πέμ-

1406 1099 1490 1122 πτον
1506 1084 1535 1121 δ’
1551 1085 1589 1121 ἐκ
1605 1084 1654 1120 τῶ
1673 1082 1685 1106 Ῑ
1703 1083 1738 1120 ἐν
1754 1088 1800 1134 τᾷ
1812 1079 1914 1133 θυσία
1928 1086 1972 1132 τᾷ
1998 1079 2078 1133 περὶ
2090 1084 2108 1109 ⁸
2127 1078 2168 1117 τὸ
2190 1078 2278 1117 Θεῖον
2298 1075 2453 1116 εὖλαὸἐα

1406 1138 1494 1193 ἦμεν
1504 1142 1562 1181 καὶ
1583 1141 1743 1195 μετρίαν.
1763 1140 1906 1180 Τούτων
1927 1139 1964 1178 δὲ
1985 1139 2146 1190 μέγιστον
2167 1137 2276 1176 αἴτιον
2297 1134 2358 1176 καὶ
2370 1151 2454 1176 συν-

1407 1201 1637 1240 εκτικώτατον
1659 1207 1722 1245 τᾶς
1749 1198 1974 1254 σωφροσύνας
1992 1199 2032 1236 τὸ
2051 1198 2131 1250 περὶ
2151 1197 2216 1237 τὰν
2245 1196 2345 1236 εὐνὰν
2363 1190 2455 1248 ἦμεν

1408 1261 1613 1315 ἀδιάφθορον
1633 1260 1693 1300 καὶ
1707 1260 1853 1312 ἄμικτον
1867 1258 1997 1311 θυραίῳ
2015 1258 2127 1311 ἀνδρί.
2149 1259 2289 1310 Πρᾶτον
2306 1253 2368 1308 μὲν
2384 1256 2455 1308 γὰρ

1408 1322 1554 1365 ἐςτοῧτο
1570 1325 1814 1374 παρανομοῖσα
1832 1320 1944 1357 ἀδικεῖ
1955 1318 2023 1362 τὼς
2041 1316 2221 1368 γενεθλίως
2235 1314 2454 1368 θεώς,“οἴκῳ

1408 1379 1469 1418 καὶ
1489 1379 1669 1432 συγγενείᾳ
1682 1381 1719 1417 οὐ
1734 1377 1882 1428 γνασίως
1899 1376 2108 1428 ἐπικούρωςί
2128 1375 2218 1414 ἀλλὰ
2234 1374 2369 1420 νόθωςι
2386 1389 2454 1412 πα-

1410 1440 1597 1494 ρεχομένα·
1618 1441 1728 1479 ἀδικεῖ
1748 1439 1784 1478 δὲ
1803 1437 1870 1482 τὼς
1890 1434 2114 1491 φυταλμίως1
2133 1434 2218 1480 θεὼς
2235 1433 2302 1480 τὼς
2320 1428 2455 1474 εἶπενιιι

1408 1500 1615 1550 ἐπομόσασα
1641 1498 1731 1547 μετὰ
1746 1501 1815 1537 τῶν
1845 1499 1952 1540 αὑτᾶς
1970 1495 2128 1548 πατέρων
2145 1510 2182 1532 τε
2202 1493 2263 1533 καὶ
2279 1494 2455 1545 συγγενῶν

1410 1558 1676 1597 συνελεύσεσθαι
1700 1556 1756 1597 ἐπὶ
1775 1556 1939 1609 κοινωνίᾳ
1961 1554 2026 1608 βίω
2047 1554 2107 1592 καὶ
2126 1552 2258 1591 τέκνων
2275 1552 2390 1604 γενέσι
2409 1557 2455 1604 τᾷ

1407 1617 1499 1656 κατὰ
1517 1617 1634 1668 νόμον.
1656 1617 1769 1656 ἀδικεῖ
1789 1617 1825 1655 δὲ
1845 1615 1905 1655 καὶ
1924 1614 1986 1653 τὰν
2008 1615 2115 1658 αὑτᾶς
2135 1611 2305 1666 πατρίδα,
2325 1611 2375 1662 μὴ
2393 1611 2456 1661 ἐμ-

1410 1676 1562 1728 μένουσα
1590 1677 1661 1720 τοῖς
1693 1673 2026 1725 ἔνδιατεταγμένοις.
2062 1671 2215 1711 Ἔπειτα
2244 1670 2303 1710 ἐπὶ
2321 1669 2458 1714 τούτοις

1410 1735 1648 1786 ἀμὸλακίσκει
1661 1768 1671 1786 ‚
1710 1734 1763 1787 ἐφ’
1797 1729 1847 1779 οἷς
1876 1733 1917 1772 τὸ
1952 1732 2114 1783 μέγιστον
2150 1733 2219 1769 τῶν
2252 1728 2456 1784 προστίμων

1411 1794 1558 1848 ὥρισται
1576 1795 1722 1840 θάνατος
1746 1793 1805 1833 διὰ
1823 1792 1886 1831 τὰν
1916 1791 2111 1844 ὑπερὸολὰν
2145 1794 2195 1829 τῶ
2226 1789 2453 1841 ἀδικήματος.

1408 1855 1575 1906 ἔκθεσμον
1627 1854 1696 1907 γὰρ
1743 1877 1759 1897 0
1804 1847 1869 1891 'mi
1929 1849 2306 1902 ἁσυγγνωμονέστατον
2368 1842 2458 1899 ἦμέν

1409 1920 1533 1966 φαμιΡ
1566 1913 1692 1956 ἁδονᾶς
1715 1911 1827 1951 ἕνεκεν
1856 1909 2053 1962 ἁμαρτάνεν
2079 1908 2139 1948 καὶ
2169 1907 2319 1961 ὖὸρῖζεν·
2339 1906 2457 1959 ὕὸριος

1412 1970 1448 2009 δὲ
1467 1971 1583 2016 πάσας
1609 1971 1718 2024 πέρας
1745 1970 1900 2023 ὄλεθρος.
1959 1969 2110 2008 Κάκεῖνο
2131 1967 2166 2006 δὲ
2194 1966 2264 2021 χρὴ
2299 1965 2455 2018 διαλογί-

1411 2031 1552 2082 ζεσθαι,
1574 2032 1620 2074 ὡς
1644 2030 1739 2069 οὐδὲν
1769 2029 1957 2081 καθάρσιον
1996 2026 2133 2079 εὑρήσει
2163 2033 2224 2070 τᾶς
2252 2024 2458 2077 ἀμπλακίας

1419 2090 1550 2134 ταύτας
1574 2089 1678 2139 ἄκος,
1697 2088 1788 2128 ὥστε
1812 2090 1858 2132 ὡς
1888 2087 1966 2141 ἱερὰ
1987 2089 2071 2126 θεῶν
2100 2086 2160 2125 καὶ
2179 2084 2306 2138 βωμὼς
2330 2099 2459 2136 ποτερ-

793 2263 857 2296 14.

298 2351 563 2391 PHINTYOS
591 2352 745 2391 FILIAE
777 2352 1120 2393 CALLICRATIS
1150 2354 1351 2396 PYTHA-

587 2411 777 2451 GOREAE
804 2412 874 2451 EX
902 2412 1058 2451 LIBRO

439 2472 505 2510 DE
534 2470 911 2510 TEMPERANTIA
941 2471 1207 2512 MULIERIS.

342 2558 481 2591 Omnino
504 2559 623 2591 bonam
644 2561 676 2591 et
701 2558 879 2592 modestam
900 2568 967 2592 esse
998 2561 1126 2601 oportet
1154 2570 1349 2602 :nunquam

302 2619 410 2649 autem
431 2618 499 2650 sine
519 2617 642 2650 virtute
658 2618 733 2650 tatis
754 2618 904 2651 evaserit.
944 2618 1087 2659 Singulae
1106 2620 1191 2652 enim
1211 2620 1352 2652 virtutes

301 2674 433 2714 singuiis
458 2674 563 2706 insitae
584 2674 617 2706 id
636 2675 687 2706 cui
706 2675 908 2716 contigerunt
927 2675 1050 2708 bonum
1069 2676 1209 2718 faciunt3
1226 2679 1257 2709 et
1275 2685 1352 2709 ocu-

300 2733 406 2765 lorum
416 2733 543 2774 quidem
556 2733 789 2775 virtusoeulos,
804 2734 933 2767 auditus
947 2736 1108 2774 auditum,
1126 2735 1200 2776 equi
1215 2745 1349 2777 equum,

301 2793 362 2824 viri
380 2792 499 2832 virum,
519 2793 565 2824 sic
579 2794 676 2825 etiam
691 2793 836 2826 mulieris
853 2794 1030 2827 mulierem.
1077 2796 1133 2827 Est
1150 2804 1226 2828 vero
1245 2796 1350 2836 prima

301 2852 404 2883 virtus
424 2851 568 2884 mulieris
596 2853 804 2892 temperantia
834 2866 842 2885 :
876 2853 1036 2894 siquidem
1062 2853 1159 2895 huius
1189 2854 1345 2887 beneficio

301 2909 410 2940 virum
431 2918 525 2941 suum
543 2910 574 2941 et
592 2909 697 2942 coiere
726 2912 758 2941 et
787 2919 896 2943 amare
924 2912 1052 2952 poterit.
1089 2913 1183 2946 Multi
1213 2914 1352 2947 sortasse

302 2968 509 3007 existimant,
539 2967 756 3009 philosophari
782 2978 847 3000 non
874 2970 988 3003 decere
1010 2971 1199 3013 mulierem,
1229 2974 1267 3005 ut
1293 2981 1353 3006 nec

302 3027 446 3068 equitare
468 3035 573 3068 neque
593 3027 773 3059 concionari
792 3040 800 3059 :
823 3037 881 3068 ego
901 3038 977 3061 vero
992 3030 1130 3063 arbitror
1153 3041 1249 3072 opera
1265 3040 1352 3073 quae·

303 3086 377 3118 dam
399 3085 526 3127 propria
544 3085 604 3117 viri
622 3095 703 3125 esse,
723 3085 784 3117 alia
798 3086 961 3127 mulieris,
986 3088 1048 3120 alia
1073 3089 1244 3130 utriusque
1262 3099 1351 3122 com·

305 3145 429 3184 munia,
444 3145 521 3177 item
535 3145 595 3176 alia
610 3145 717 3185 potius
734 3145 776 3176 ad
793 3145 901 3178 virum
919 3155 1017 3187 quam
1032 3148 1072 3179 ad
1096 3149 1263 3181 mulierem
1281 3158 1353 3189 per-

305 3203 424 3244 tinere,
442 3203 502 3236 alia
519 3205 642 3236 contra.
678 3204 743 3236 Viri
763 3205 894 3246 propria
919 3206 995 3237 sunt
1013 3207 1193 3239 exercitum
1216 3208 1351 3248 ducere,

303 3262 470 3295 civitatem
487 3272 594 3304 regere
614 3266 647 3296 et
666 3263 847 3295 concionari
873 3276 881 3296 z
912 3264 1038 3297 mulieri
1062 3266 1169 3298 autem
1191 3267 1350 3308 peculiare

304 3324 352 3354 est
369 3323 455 3355 aedes
475 3322 655 3362 custodire,
675 3322 763 3355 domi
788 3323 943 3355 inclusam
965 3333 1113 3364 manere,
1137 3325 1285 3366 excipere
1302 3327 1349 3358 vi-

302 3390 375 3413 rum
393 3384 489 3422 atque
503 3382 531 3414 ei
548 3381 739 3414 ministrare.
760 3383 952 3414 Communia
966 3385 1075 3415 autem
1095 3383 1167 3416 dico
1186 3384 1350 3417 fortitudi-

301 3448 373 3471 nem
385 3465 393 3480 ,
405 3441 574 3482 justitiam,
591 3441 793 3483 prudentiam
811 3442 950 3483 :quippe
964 3444 1034 3474 tum
1056 3443 1197 3484 corporis
1213 3443 1350 3477 virtutes

301 3500 332 3530 ct
348 3498 452 3532 virum
464 3502 495 3532 et
509 3501 673 3534 mulierem
687 3498 805 3534 habere
819 3510 875 3542 par
888 3503 959 3542 est,
972 3503 1041 3533 tum
1059 3502 1158 3534 animi
1177 3502 1322 3535 similiter
1337 3517 1346 3536 ε

303 3559 336 3589 et
352 3559 386 3589 ut
410 3557 493 3590 bona
519 3559 870 3600 eorporissvaletudine
894 3559 939 3592 uti
963 3560 1106 3600 utrisque
1133 3560 1280 3601 prodest,
1306 3561 1351 3593 sic

1414 2262 1510 2295 etiam
1536 2262 1636 2295 animi
1652 2262 1774 2294 sanitas
1798 2270 1807 2294 :
1828 2263 1980 2293 caeterum
1998 2258 2139 2300 corporis
2160 2259 2297 2291 virtutes
2318 2266 2390 2290 esse
2409 2256 2461 2298 ajo

1414 2320 1596 2361 sanitatem,
1618 2321 1729 2362 robur,
1753 2327 1905 2353 sensuum
1919 2318 2152 2360 integritatem,
2171 2315 2460 2358 pulchritudinem.

1413 2379 1496 2413 Sunt
1514 2389 1591 2413 vero
1606 2389 1648 2412 ex
1664 2379 1850 2420 virtutibus,
1868 2386 1951 2419 quas
1968 2377 2069 2418 magis
2085 2377 2191 2409 virum
2214 2378 2246 2409 et
2261 2384 2415 2409 exercere
2427 2378 2461 2408 et

1414 2439 1532 2473 habere
1547 2439 1728 2477 conveniat,
1746 2437 1817 2470 aliae
1837 2437 2003 2469 mulierem
2030 2436 2131 2477 magis
2147 2435 2272 2468 decent.
2297 2437 2336 2468 In
2353 2435 2460 2467 virum

1414 2498 1515 2539 magis
1528 2498 1650 2530 cadunt
1667 2496 1824 2529 fortitudo
1847 2505 1884 2528 ac
1897 2495 2065 2537 prudentia
2079 2496 2144 2527 tam
2170 2495 2302 2536 propter
2317 2494 2461 2536 corporis

1414 2557 1572 2598 habitum,
1592 2566 1689 2598 quam
1715 2556 1843 2597 propter
1866 2555 1965 2587 animi
1994 2553 2202 2592 facultatem,
2230 2553 2264 2586 in
2292 2553 2460 2586 mulierem

1413 2625 1489 2649 vero
1505 2616 1728 2657 temperantia.
1807 2614 1964 2653 Quocirca
1995 2614 2055 2646 hac
2081 2613 2202 2646 virtute
2228 2611 2459 2645 instituendam

1413 2675 1498 2709 scire
1516 2684 1597 2716 opus
1615 2677 1675 2715 est,
1699 2683 1741 2707 ex
1756 2675 1836 2715 quot
1849 2673 2030 2715 quibusque
2046 2672 2142 2705 rebus
2163 2671 2285 2704 bonum
2304 2671 2366 2704 hoc
2388 2680 2458 2703 mu-

1413 2735 1482 2768 lieri
1497 2734 1668 2767 confletur.
1730 2734 1865 2765 constat
1881 2732 1979 2773 igitur
1997 2741 2034 2765 ex
2055 2731 2124 2764 istis
2139 2731 2301 2773 quinque,
2319 2730 2460 2773 primum

1413 2805 1454 2828 ex
1467 2795 1635 2828 sanctitate
1651 2795 1684 2827 et
1703 2794 1817 2835 pietate
1829 2793 1915 2826 circa
1934 2793 2118 2834 conjugium
2133 2817 2143 2832 ,
2157 2792 2272 2825 deinde
2287 2801 2328 2824 ex
2342 2793 2457 2824 ornatu

1413 2854 1573 2896 corporis,
1590 2855 1662 2886 tum
1681 2862 1721 2885 ex
1740 2851 1918 2893 egressibus
1935 2860 1953 2884 e
1970 2851 2066 2884 domo
2084 2850 2222 2892 propria,
2233 2850 2374 2892 denique
2386 2851 2459 2883 abs·

1413 2913 1546 2947 tinendo
1565 2911 1820 2946 Bacchanalibus
1833 2913 1864 2943 et
1878 2911 1989 2943 matris
2012 2911 2106 2943 deum
2127 2910 2244 2949 sacris,
2259 2912 2423 2951 postremo
2441 2918 2460 2942 e

1414 2973 1560 3006 cautione
1578 2973 1610 3005 et
1625 2970 1842 3004 moderatione
1858 2970 1890 3002 in
1909 2969 2075 3002 sacrificiis
2101 2979 2174 3010 quae
2195 2969 2235 3001 ad
2259 2969 2339 3002 deos
2358 2977 2458 3002 vene·

1414 3033 1531 3065 randos
1559 3034 1635 3064 sunt
1652 3030 1849 3064 adhibenda.
1913 3031 1962 3061 Ex
1986 3028 2036 3061 his
2061 3028 2200 3060 maxima
2218 3030 2251 3061 et
2273 3029 2459 3069 gravissima

1414 3092 1632 3134 temperantiae
1649 3099 1746 3123 causa
1764 3091 1814 3122 est
1833 3089 1965 3122 castitas
1986 3088 2092 3120 uxoris
2107 3088 2351 3128 alienorumque
2370 3087 2455 3120 viro-

1414 3161 1485 3184 rum
1500 3150 1684 3184 commercii
1704 3149 1861 3183 vacuitas.
1913 3146 2071 3188 Principio
2097 3146 2203 3186 enim,
2233 3146 2296 3195 *bac
2316 3149 2405 3186 parte
2431 3146 2458 3178 si

1415 3212 1536 3252 peccet,
1554 3209 1688 3243 offendit
1703 3209 1780 3242 deos
1793 3209 1924 3250 penates
1936 3231 1946 3248 ,
1960 3207 1996 3239 ut
2007 3215 2082 3247 quae
2097 3205 2206 3237 domui
2225 3207 2257 3237 et
2277 3203 2457 3246 cognationi

1413 3279 1478 3302 non
1501 3278 1670 3311 germanos
1687 3268 1910 3307 auxiliatores,
1939 3265 1993 3298 sed
2020 3265 2145 3306 spurios
2164 3264 2315 3296 exhibeat
2337 3275 2345 3295 ε
2375 3263 2454 3304 quin

1414 3329 1509 3361 etiam
1531 3328 1683 3369 injuriosa
1696 3330 1745 3360 est
1757 3327 1789 3359 in
1810 3325 1887 3359 deos
1904 3323 2117 3366 generationis
2134 3322 2285 3363 praesides
2301 3331 2382 3363 quos
2400 3330 2457 3354 an-

1414 3388 1531 3419 testata
1549 3396 1623 3419 cum
1645 3385 1829 3428 parentibus
1847 3388 1879 3417 et
1904 3383 2046 3424 cognatis
2067 3381 2134 3414 suis
2150 3381 2274 3413 dixerat
2291 3389 2326 3413 se
2349 3380 2457 3412 convi-

1413 3447 1537 3476 cturam
1554 3445 1694 3486 legitime
1713 3452 1787 3476 cum
1805 3442 1922 3475 marito
1935 3441 1975 3474 ad
1990 3441 2064 3473 vitae
2084 3438 2342 3471 communionem
2361 3440 2394 3470 et
2417 3438 2458 3470 li-

1414 3502 1563 3536 berorum
1581 3502 1847 3544 procreationem.
1896 3500 2008 3534 sedin
2029 3499 2164 3542 patriam
2180 3507 2310 3539 quoque
2333 3501 2456 3547 peccat,

1415 3571 1476 3594 non
1505 3562 1677 3602 persistens
1703 3562 1735 3595 in
1761 3562 1830 3602 ejus
1857 3560 2004 3594 decretis.
2047 3558 2170 3592 Deinde
2197 3558 2230 3591 in
2251 3558 2338 3590 bisce
2360 3557 2456 3590 rebus
