2638 3840
333 267 382 301 24
1165 261 1231 301 ΡΥ
1240 260 1637 303 THAGOREORUM

330 347 374 386 τὰ
393 347 484 387 καλὰ
505 347 620 387 πάντα
638 349 696 387 καὶ
712 348 804 388 κακὰ
821 352 838 378 ⁸
863 347 905 387 τὰ
933 347 1009 399 περὶ
1025 346 1082 385 τὸν
1109 347 1290 399 ἄνθρωπον
1310 347 1374 400 γί-

329 421 423 444 νεται
454 408 488 445 ἐν
512 406 644 450 τούτοις
668 413 737 451 τοῖς
758 407 880 459 μέρεσι
909 412 970 449 τᾶς
993 407 1118 459 ψυχᾶς.
1143 407 1214 446 Καὶ
1235 406 1374 445 καθόλω

330 464 392 515 μὲν
416 466 438 503 ἁ
461 472 522 509 τᾶς
542 468 666 518 ἀρετᾶς
686 466 854 511 σύστασις
872 466 1003 517 γίνεται
1023 471 1142 507 τοῦτον
1159 467 1217 507 τὸν
1234 467 1373 519 τρόπον·

327 524 370 562 τὰ
392 524 427 562 δὲ
448 524 541 563 εἴδεα
563 527 668 570 αὐτᾶς
688 526 804 564 καὶτὰ
826 527 932 578 μέρεα
950 526 1058 569 οὕτως
1074 526 1118 564 κά
1135 543 1187 571 τις
1206 529 1370 581 ἀθρήσαι.

328 583 402 621 ἐπεὶ
422 583 489 637 γὰρ
509 590 567 628 τ’ἅς
586 586 698 638 ψυχᾶς
726 585 784 623 δύο
811 587 932 637 μέρεα,
964 584 1002 622 τὸ
1025 584 1086 635 μὲν
1107 588 1302 637 λογιστικὸν
1331 589 1371 628 τὸ

328 641 363 679 δὲ
382 642 506 693 ἄλογον
523 673 533 691 ,
554 644 611 681 καὶ
633 646 669 683 τὸ
691 644 751 694 μὲν
769 643 964 693 λογιστικόν
992 644 1062 681 ἐντι
1082 637 1110 697 ᾧ
1135 645 1293 698 κρίνομες
1312 647 1371 686 καὶ

327 703 536 752 θεωροῦμες,
557 701 594 739 τὸ
616 703 645 740 δ’
680 702 803 753 ἄλογον
833 696 860 754 ᾧ
890 705 1052 755 ὁρμῶμες
1079 703 1139 742 καὶ
1160 705 1369 758 ὀρεγόμεθα,

327 763 375 798 τῶ
397 760 433 798 δὲ
449 761 564 812 ἅλόγω
584 762 624 800 τὸ
642 762 702 811 μὲν
721 761 895 812 θυμοειδὲς
915 763 953 801 τὸ
973 763 1003 800 δ’
1024 764 1291 816 ἐπιθυματικόν,
1309 766 1370 804 καὶ

326 818 437 856 τούτω
457 819 496 858 τὸ
514 819 575 870 μὲν
597 813 666 858 οἷον
688 820 876 870 ἀμυντικὸν
896 819 956 858 καὶ
974 823 1261 873 ὑπερμαχατικὸν
1282 840 1368 863 ποτ-

325 878 395 922 τὼς
410 878 557 918 πλασίον
574 878 747 928 θυμοειδὲς
760 879 983 931 ὀνυμάζεται,
997 879 1036 917 τὸ
1056 881 1087 919 δ’
1104 874 1173 919 οἷον
1194 882 1369 934 ὀρεκτικὸν

325 937 385 975 καὶ
406 937 589 975 ποθατικὸν
610 944 671 982 τᾶς
691 938 818 982 οἰκείας
831 940 881 977 τῶ
902 938 1065 989 σώματος
1081 939 1265 984 συστάσιος
1293 942 1370 980 ε’πι-

325 994 527 1045 θυματικόν·
544 995 688 1047 φανερὸν
708 997 754 1039 ὡς
772 995 862 1035 κατὰ
878 995 979 1047 λόγον
1001 1003 1072 1041 τοῖς
1096 999 1218 1051 μέρεσι
1235 998 1375 1044 τούτοις-

324 1061 385 1097 τᾶς
406 1057 521 1106 ψυχᾶς
537 1054 596 1092 καὶ
622 1054 661 1092 τὸ
684 1057 816 1099 πλᾶθος
831 1061 893 1093 τᾶν
917 1057 1044 1108 ἀρετᾶν
1064 1057 1295 1096 ἀκολούθακεν
1310 1059 1368 1097 καὶ

323 1113 381 1150 ταὶ
402 1111 564 1165 διαφοραὶ
585 1112 644 1150 καὶ
659 1112 826 1158 ἰδιότατες
842 1115 966 1154 αὐτᾶν.

377 1171 574 1224 (Stobaeus
598 1172 702 1211 Flor.
725 1176 755 1220 Ι,,
779 1175 842 1217 64.
861 1173 1033 1225 Reposui
1054 1177 1092 1212 :⁸
1117 1173 1228 1222 αὕτα;
1252 1175 1363 1214 codd.

323 1230 427 1271 αὐτὰ.
448 1230 464 1254 ¹³
490 1231 601 1279 αὕτας
630 1231 724 1270 libri
757 1233 884 1284 αὐτὰ.ο
910 1232 1018 1280 αὕτα;
1049 1233 1142 1271 libri
1172 1233 1232 1271 καὶ
1267 1234 1367 1272 αὐτὰ.

322 1288 337 1310 ‘¹
350 1295 409 1332 τᾶς
426 1292 541 1342 ψυχᾶς
555 1304 641 1327 cum
660 1291 907 1340 Hirschigi03
940 1291 1171 1330 membranae
1191 1298 1235 1345 τᾷ
1254 1295 1365 1346 ψυχᾷ.

321 1353 336 1370 ⁰
349 1355 466 1401 πρᾶτα
481 1365 490 1397 ;
512 1349 624 1390 codd.
648 1352 784 1400 πρῶτα.
803 1348 815 1372 ¹
827 1351 999 1402 ἐπικρατῇ
1016 1364 1101 1389 cum
1118 1351 1365 1402 Hirschigi03

322 1408 416 1447 libri
436 1410 634 1460 ἐγκρατῇ.ἕ
659 1408 718 1447 καὶ
738 1409 830 1447 κατὰ
855 1423 939 1447 cum
960 1409 1179 1457 Meineki0;
1200 1410 1305 1449 deest
1326 1412 1367 1450 in

323 1468 571 1505 membranis.
586 1466 596 1519 )

598 1551 607 1569 Ι

819 1567 857 1603 6.

339 1660 407 1698 ΕΚ
438 1658 543 1698 ΤΩΝ
574 1634 820 1697 ΚΛΕΙΝΙΟΥ
851 1660 954 1698 ΤΟΥ
984 1660 1347 1700 ΠΥΘΑΓΟΡΕΙΟΥ

393 1719 515 1757 ΠΕΡΙ
546 1718 839 1757 ΟΣΙΟῚῊΤΟΣ
867 1719 955 1757 ΚΑΙ
992 1719 1290 1758 ΕΥΣΕΒΕΙΑΣ.

373 1821 483 1858 Πᾶσα
512 1817 574 1868 μὲν
600 1811 648 1856 (Ἑν
670 1817 781 1870 ἀρετὰ
807 1819 1008 1867 τελεοῧται,
1029 1818 1186 1872 καθάπερ
1212 1821 1247 1858 ἐν
1270 1821 1364 1874 ἀρχᾷ

320 1877 523 1931 διώρισται,
553 1878 592 1916 ἐκ
620 1876 714 1929 λόγω
742 1876 802 1915 καὶ
844 1877 1062 1930 προαιρέσιος
1087 1878 1148 1916 καὶ
1183 1878 1361 1930 δυνάμιος.

320 2007 417 2047 nique
431 2015 498 2048 quo
521 2007 608 2038 amat
632 2014 671 2038 ac
699 2005 812 2046 diligit.
833 2007 905 2038 Jam
934 2006 1078 2047 judicare
1102 2007 1136 2039 et
1157 2007 1367 2049 contemplari

320 2065 521 2105 intelligentis
534 2065 630 2096 animi
647 2065 745 2106 partis
762 2068 811 2096 est
828 2066 991 2106 proprium
1004 2089 1013 2104 ,
1028 2065 1170 2098 resistere
1187 2068 1218 2098 et
1232 2066 1363 2099 vincere

320 2125 441 2156 ratione
459 2124 597 2156 carentis
619 2123 716 2156 animi
733 2123 832 2164 partis
845 2148 855 2164 ,
869 2133 975 2156 amare
989 2133 1025 2156 ac
1044 2124 1173 2165 diligere
1195 2134 1366 2158 commune

322 2183 509 2223 utriusque,
530 2184 596 2215 tam
611 2191 684 2223 quae
713 2182 835 2214 ratione
860 2183 972 2224 pollet,
992 2192 1089 2224 quam
1112 2193 1185 2224 quae
1209 2193 1246 2216 ea
1264 2186 1362 2217 caret.

322 2245 431 2280 Quum
446 2242 531 2274 enim
551 2251 593 2274 ex
611 2241 817 2282 intelligentia
830 2243 862 2274 et
874 2242 1016 2283 appetitu
1030 2242 1198 2274 consilium
1211 2245 1337 2276 constet
1355 2257 1363 2277 z

321 2302 373 2334 illa
386 2301 424 2333 ad
447 2301 577 2333 rationis
598 2302 778 2342 compotem
799 2301 898 2333 animi
916 2304 1039 2342 partem
1053 2325 1062 2340 ,
1081 2301 1133 2334 hic
1145 2301 1185 2333 ad
1202 2303 1366 2344 expertem

321 2361 467 2393 refertur.
494 2350 658 2392 Caeterum*
674 2359 830 2391 virtutum
849 2360 997 2392 omnium
1011 2370 1181 2392 nnmerum
1208 2370 1247 2393 ex
1265 2362 1367 2394 animi

321 2418 464 2459 partibus
481 2418 556 2449 licet
589 2426 803 2458 cognoscere,
836 2418 1013 2459 itidemque
1049 2419 1176 2451 virtutis
1196 2420 1305 2452 ortum
1334 2421 1366 2452 et

320 2477 594 2509 constitutionem.
658 2476 781 2508 Etenim
809 2476 906 2508 animi
930 2478 1036 2518 partes
1057 2477 1130 2509 duae
1155 2481 1229 2510 sunt
1251 2479 1365 2519 praeci-

322 2545 413 2575 puae,
441 2536 539 2567 altera
574 2543 708 2576 compos
730 2535 882 2576 rationis,
915 2544 1030 2577 expers
1050 2537 1150 2568 altera
1175 2546 1182 2568 :
1211 2538 1242 2569 et
1267 2537 1365 2569 ratio-

321 2597 402 2628 nalis
422 2596 574 2636 quidem,
601 2604 664 2634 qua
689 2595 871 2636 judicamus
890 2600 921 2629 et
947 2598 1221 2639 contemplamur3
1241 2598 1369 2630 irratio-

321 2655 401 2686 nalis
430 2664 523 2695 vero,
556 2664 620 2696 qua
637 2655 784 2696 cupimus
810 2657 843 2688 et
869 2658 1060 2697 appetimus.
1109 2658 1170 2690 Hae
1191 2666 1284 2699 porro
1317 2658 1367 2690 vel

322 2715 530 2747 consentiunt
549 2715 629 2747 inter
652 2724 686 2747 se
706 2717 755 2748 vel
782 2716 990 2758 dissentiunt,
1007 2727 1079 2757 quae
1104 2718 1235 2759 quidem
1261 2727 1368 2759 pugna

323 2777 355 2807 et
371 2775 526 2806 discordia
542 2775 643 2807 oritur
663 2776 744 2807 inter
765 2785 818 2808 eas
840 2778 968 2817 propter
985 2777 1215 2810 abundantiam
1243 2779 1294 2811 vel
1311 2779 1366 2810 de-

324 2834 455 2865 sectum.
528 2835 585 2865 Est
605 2833 700 2874 igitur
719 2835 941 2875 manifestum,
956 2836 1086 2876 quando
1109 2837 1206 2868 animi
1224 2846 1296 2878 pars
1316 2847 1367 2869 ra-

322 2892 416 2924 tionis
432 2900 563 2932 compos
578 2893 740 2933 expertem
765 2895 871 2934 regat,
892 2894 1094 2927 tolerantiam
1122 2895 1204 2936 gigni
1237 2900 1269 2928 et
1290 2906 1368 2928 con-

323 2950 508 2988 tinentiam3
541 2950 670 2990 quando
704 2952 810 2984 autem
844 2960 916 2992 pars
951 2945 1142 2985 irrationalis
1178 2954 1364 2987 rationalem

323 3010 433 3049 regat,
462 3008 725 3041 incontinentiam
748 3011 780 3041 et
806 3011 972 3043 mollitiem
1001 3012 1107 3052 esfici3
1137 3013 1265 3053 quando
1291 3022 1366 3045 vero

323 3069 423 3100 altera
438 3068 594 3108 imperet,
609 3071 715 3107 pareat
730 3068 827 3100 altera
843 3073 875 3101 et
892 3069 975 3101 inter
989 3079 1023 3102 se
1037 3071 1142 3102 ambae
1158 3072 1367 3113 consentiant,

323 3130 402 3159 tunc
420 3126 569 3158 virtutem
587 3126 686 3158 nasci.
732 3129 778 3158 Ac
791 3128 958 3160 tolerantia
975 3129 1104 3169 quidem
1119 3131 1150 3161 et
1168 3131 1365 3169 continentia

324 3195 397 3217 cum
416 3185 524 3217 dolore
534 3185 704 3225 gignuntur
719 3194 727 3213 ε
744 3185 798 3217 sed
814 3186 980 3218 tolerantia
993 3188 1123 3227 quidem
1137 3188 1168 3219 in
1183 3189 1369 3228 perferendo

325 3243 432 3275 labore
448 3245 605 3282 versatur,
625 3244 818 3275 continentia
835 3245 990 3285 voluptati
1011 3246 1147 3286 resistit,
1170 3239 1368 3279 incontinen-

324 3303 368 3334 tia
393 3312 469 3334 vero
488 3311 525 3334 ac
545 3302 694 3334 mollities
721 3311 781 3334 nec
803 3304 920 3336 resistit
939 3313 998 3336 nec
1018 3305 1129 3336 vincit.
1179 3307 1250 3342 Quo
1277 3305 1310 3337 tit
1334 3308 1370 3337 ut.

324 3362 410 3393 bona
428 3362 576 3393 homines
603 3363 731 3402 propter
747 3361 889 3394 dolorem
919 3363 1057 3403 fugiant,
1079 3364 1207 3403 propter
1224 3364 1370 3404 volupta-

326 3423 390 3454 tem
414 3422 575 3454 amittant.
636 3423 719 3460 Quin
737 3425 770 3455 et
789 3423 898 3455 laudes
915 3432 1043 3464 quoquc
1068 3427 1100 3455 et
1120 3423 1369 3467 vituperationes

326 3481 358 3511 et
379 3490 581 3522 quancunque
606 3483 636 3514 in
663 3482 790 3514 liomine
813 3482 860 3514 vel
884 3482 968 3514 bona
994 3482 1043 3514 vel
1071 3482 1152 3513 mala
1180 3482 1301 3514 suntin
1322 3482 1368 3514 his

1433 349 1581 389 Τούτων
1602 349 1638 388 δὲ
1660 351 1737 388 καθ’
1757 350 1860 390 ἑαυτὸ
1882 350 2028 390 ἕκαστον
2045 351 2107 390 οὐκ
2122 352 2247 403 ἀρετᾶς
2265 351 2368 405 μέρος
2389 351 2473 400 ἐντί,

1436 407 1512 447 ἀλλ’
1531 408 1641 447 αἴτιον
1659 410 1799 461 ἀρετᾶς.
1836 409 1943 449 “0⁶02
1977 409 2039 459 μὲν
2060 403 2107 448 ὧν
2128 410 2243 463 ἔχοντι
2262 411 2302 450 τὸ
2316 409 2474 449 νοατικὸν

1433 466 1493 505 καὶ
1512 466 1701 518 γνωστικὸν
1723 467 1826 519 μέρος
1843 470 1967 516 αὐτᾶς,
1990 468 2092 507 δεινοί
2111 484 2147 507 τε
2166 469 2227 508 καὶ
2247 469 2380 508 συνετοὶ
2399 471 2474 508 ὀνυ-

1433 525 1626 575 μαίνονται·
1657 526 1730 564 ὅσοι
1760 527 1795 564 δὲ
1826 527 1864 565 τὸ
1907 526 2025 565 ἀθικόν
2053 542 2090 565 τε
2120 526 2180 566 καὶ
2210 526 2475 580 προαιρετικόν,

1431 583 1601 636 χρήσιμοί
1619 599 1655 622 τε
1670 584 1727 623 καὶ
1750 586 1927 630 ἐπιεικέες.

1488 643 1611 687 Πάσας
1626 647 1640 665 ⁰
1658 645 1711 681 δεῖ
1734 643 1797 687 τὰς
1823 645 1933 687 αἰτίας
1960 645 2096 696 ἀναιρέν
2110 673 2120 691 ,
2139 645 2181 682 δι’
2207 643 2247 688 ἃς
2273 645 2391 685 ἀδικὲν
2410 645 2475 685 πέ-

1433 715 1536 752 φυκεν
1559 701 1751 754 ἄνθρωπος.
1772 697 1885 742 Αῧται
1902 703 1936 740 δὲ
1955 708 2044 754 τρεῖς
2060 703 2277 755 τυχνοὶνοντι·
2296 705 2476 756 φιλαδονία

1433 760 1494 809 μὲν
1507 763 1542 799 ἐν
1562 766 1636 804 ταῖς
1653 761 1872 800 ἀπολαύσεσι
1885 764 1959 806 ταῖς
1975 762 2031 800 διὰ
2049 762 2226 812 σώματος,
2241 762 2423 807 πλεονεξία
2439 763 2475 802 δὲ
2528 791 2538 800 .

1433 819 1467 856 ἐν
1482 820 1532 871 τῷ
1551 819 1744 871 κερδαίνεν,
1767 819 1943 871 φιλοδοξία
1964 819 1999 859 δὲ
2028 821 2063 858 ἐν
2084 823 2134 873 τῷ
2148 820 2385 875 καθυπερέχεν
2405 824 2476 860 τῶν

1430 877 1515 916 ἴσων
1535 894 1571 916 τε
1592 879 1652 918 καὶ
1676 879 1814 930 ὁμοίων.
1836 880 1899 919 Δεῖ
1919 882 2088 932 τοιγαρῶν
2117 881 2296 932 γνωρίζεν,
2320 879 2374 918 ὅτι
2391 880 2476 919 τού-

1430 952 1499 982 τοις
1534 937 1714 988 ἀντιθέμεν
1743 932 1812 977 οἶόν
1842 937 1880 976 τὲ
1912 939 2007 985 ἐντι,
2044 937 2066 975 ἃ
2088 938 2152 988 μὲν
2177 938 2282 991 φόὸον
2314 939 2476 991 ἔμπειρα·

1432 995 1635 1040 σκευάζοντι
1654 999 1724 1040 τοῖς
1753 995 1964 1048 ἀνθρώποις,
1988 996 2010 1034 ἃ
2029 995 2065 1035 δὲ
2095 997 2276 1049 αἰσχύναν,
2303 997 2326 1035 ἃ
2353 996 2390 1036 δὲ
2414 996 2476 1036 καὶ

1430 1055 1629 1105 ἐπιθυμίαν·
1646 1055 1753 1107 φόὸον
1778 1055 1840 1106 μὲν
1859 1055 1900 1103 δὴ
1917 1057 1985 1093 τῶν
2005 1056 2138 1105 νόμων,
2163 1056 2334 1108 αἰσχύναν
2349 1055 2387 1094 δὲ
2403 1058 2474 1095 τῶν

1430 1116 1532 1160 θεῶν,
1549 1115 1734 1165 ἐπιθυμίαν
1761 1114 1797 1153 δὲ
1821 1111 1891 1153 τῶν
1919 1114 2046 1165 λόγων.
2073 1115 2245 1153 Διδάσκεν
2272 1107 2320 1153 ὧν
2340 1115 2394 1153 δεῖ
2409 1114 2477 1160 τὼς

1428 1172 1556 1217 νέωςέξ
1570 1174 1681 1226 ἀρχᾶς
1695 1173 1758 1212 τάν
1767 1190 1803 1212 τε
1818 1175 1886 1211 τῶν
1898 1176 1982 1212 θεῶν
1999 1172 2103 1224 τιμὰν
2113 1173 2172 1212 καὶ
2189 1173 2253 1211 τὰν
2267 1175 2335 1212 τῶν
2349 1172 2476 1223 νόμων·

1430 1232 1469 1269 ἐκ.
1489 1231 1596 1270 τῶνδε
1624 1233 1691 1285 γὰρ
1719 1231 1866 1285 φανερὸν
1886 1231 1928 1269 ἂν
1954 1231 2030 1284 εἴη,
2055 1232 2108 1272 ὅτι
2136 1239 2206 1271 πᾶν
2226 1232 2324 1285 ἔργον
2340 1231 2476 1284 ἀνθρώ-

1428 1306 1525 1329 πινον
1547 1291 1609 1337 καὶ>
1624 1291 1692 1343 βίος
1720 1291 1754 1335 ὃς
1768 1291 1784 1315 ¹³
1797 1290 1973 1335 δσιότατός
1993 1306 2029 1329 τε
2049 1291 2109 1331 καὶ
2128 1290 2304 1335 εὖσεὸείας
2328 1290 2475 1343 μεθέξει,

1429 1350 1488 1388 καὶ
1508 1351 1701 1401 ὄρθοπλοεῖ.

1485 1408 1690 1458 (Stobaeus
1717 1409 1820 1447 Flor.
1856 1409 1889 1457 l,
1913 1409 2050 1449 65-66.
2076 1409 2226 1461 Scripsi
2258 1423 2267 1447 :
2292 1413 2307 1432 ⁸
2338 1409 2475 1458 πάσας;

1433 1467 1548 1506 codd.
1571 1466 1699 1506 ὁπόταν
1728 1468 1790 1506 vel
1824 1466 2000 1511 ὀπάσαιμι)
2029 1467 2100 1520 βίος
2120 1466 2155 1512 ὃς
2183 1466 2360 1510 ὁσιότατος
2387 1481 2474 1506 cum

1431 1526 1609 1572 Halmi0;
1631 1527 1727 1565 libri
1745 1526 1814 1578 βίος
1832 1526 2024 1570 ὁσιότατος.
2039 1526 2049 1579 )

1482 1598 1511 1624 2.
1533 1583 1639 1635 Ἐμοὶ
1672 1585 1734 1635 μὲν
1761 1585 1801 1624 τὸ
1828 1588 1891 1623 τοῦ
1923 1586 2169 1636 Πυθαγορικοῦ
2202 1583 2364 1624 Κλεινίου
2395 1584 2475 1623 λίαν

1429 1643 1582 1696 ἀρέσκει.
1602 1643 1753 1695 Λέγεται
1775 1642 1842 1695 γὰρ
1859 1642 2040 1695 ἐρωτηθείς
2054 1671 2064 1690 ,
2082 1641 2231 1690 ὁπηνίκα
2251 1644 2303 1682 δεῖ
2318 1643 2474 1693 μάλιστα

1429 1702 1564 1754 γυναικὶ
1596 1702 1785 1755 προσιέναι·
1824 1702 1923 1750 ὅταν,
1951 1702 2078 1756 φάναι,
2109 1702 2264 1753 μάλιστα
2293 1702 2467 1755 τυγχάνῃς

1437 1762 1614 1814 βλαὸἧναι
1636 1761 1855 1813 βουλόμενος.

1485 1819 1733 1873 (Plutarchus
1762 1820 1943 1872 Sympos.
1973 1819 2042 1860 lib.
2074 1818 2150 1868 Ill,
2183 1821 2222 1868 6,
2257 1821 2278 1858 3
2313 1822 2395 1861 vol.
2421 1819 2474 1859 ΧΙ

1435 1893 1527 1932 pag.
1552 1881 1623 1918 135
1648 1880 1710 1920 ed.
1733 1881 1916 1931 Hutten.)
2390 1872 2395 1883 ι

1429 2008 1527 2041 animi
1547 2008 1690 2050 partibus
1709 2011 1893 2040 cernuntur.
1933 2008 1972 2039 Et
1986 2007 2048 2039 lioc
2066 2006 2197 2048 quidem
2217 2008 2310 2049 pacto
2330 2006 2432 2040 virtus
2443 2008 2476 2040 in

1430 2068 1617 2100 universum
1634 2066 1839 2100 constituitur
1855 2076 1863 2098 :
1878 2066 1998 2107 species
2018 2067 2126 2098 autem
2147 2066 2217 2107 eius
2243 2067 2275 2099 et
2296 2067 2402 2108 partes
2424 2066 2472 2098 sic

1432 2128 1507 2159 sunt
1526 2126 1778 2159 considerandae.
1830 2127 1938 2163 Quum
1954 2124 2038 2157 enim
2054 2124 2128 2157 duae
2145 2125 2210 2157 sint
2230 2124 2327 2157 animi
2346 2125 2471 2166 partes,

1427 2186 1527 2218 altera
1541 2185 1718 2224 rationaliS,
1734 2185 1831 2217 altera
1845 2184 1977 2217 rationis
1989 2192 2114 2225 expers,
2124 2184 2157 2215 et
2170 2183 2332 2216 rationalis
2345 2184 2475 2224 quictem

1427 2245 1469 2276 sit
1493 2253 1557 2285 qua
1573 2243 1754 2284 judicamus
1774 2244 1806 2275 et
1830 2242 2082 2283 contemplamur
2095 2267 2103 2281 ,
2124 2242 2246 2274 ratione
2266 2250 2378 2274 carens
2393 2250 2472 2274 vero

1429 2312 1493 2344 qua
1516 2303 1665 2344 cupimus
1681 2304 1714 2335 et
1727 2302 1928 2343 appetimus,
1948 2300 2136 2333 irrationalis
2160 2301 2267 2332 autem
2287 2300 2391 2341 partis
2410 2300 2473 2332 ira-

1431 2362 1547 2394 cundia
1571 2365 1603 2394 et
1628 2361 1786 2402 cupiditas
1813 2360 1871 2397 sit,
1906 2360 2067 2401 liujtisque
2084 2367 2122 2392 ea
2140 2359 2189 2391 vis
2213 2367 2277 2400 qua
2307 2367 2365 2391 nos
2384 2359 2481 2400 quasi.

1428 2420 1614 2452 ulciscimur
1627 2421 1659 2452 et
1677 2422 1788 2451 contra
1806 2419 1884 2450 alios
1904 2418 2125 2459 defendimus,
2142 2417 2306 2449 iracundia
2326 2419 2471 2458 vocetur,

1428 2480 1483 2512 illa
1498 2489 1577 2512 vero
1590 2487 1655 2520 qua
1674 2479 1833 2520 propriam
1858 2478 2002 2519 corporis
2023 2477 2283 2510 constitutionem
2303 2476 2397 2518 quasi
2411 2484 2470 2518 ap·

1427 2537 1566 2579 petimus
1587 2546 1625 2568 ac
1641 2536 1869 2575 desideramus,
1885 2535 2044 2577 cupiditas
2063 2548 2071 2567 :
2086 2535 2188 2576 liquet
2204 2534 2406 2576 proportione
2423 2535 2473 2567 liis

1427 2596 1526 2628 animi
1561 2595 1703 2637 partibus
1719 2595 1877 2626 virtutum
1898 2594 1995 2625 etiam
2015 2602 2186 2626 numerum
2211 2601 2388 2634 earumque
2410 2592 2473 2626 dis·

1428 2643 1612 2687 crimina'et
1637 2654 1842 2695 proprietates
1862 2653 2043 2685 convenire.

1927 2756 1965 2789 6.

1496 2850 1527 2888 Ε
1565 2848 1758 2888 CLINIAE
1787 2847 2124 2887 PYTHAGOREI
2151 2847 2304 2886 LIBRO
2341 2846 2407 2885 DE

1601 2907 1924 2947 sANCTtTATE
1957 2908 2023 2946 ET
2058 2907 2294 2946 PIETATE.
2453 2917 2459 2921 ’

1471 3014 1602 3053 Quaevis
1627 3015 1731 3046 virtus
1760 3013 1935 3054 perficitur,
1966 3013 2001 3045 ut
2018 3012 2108 3044 initio
2139 3012 2305 3044 definitum
2328 3014 2399 3053 est,
2417 3021 2469 3045 ra·

1427 3074 1536 3113 tione,
1555 3074 1739 3113 voluntate,
1763 3071 1923 3104 facultate.
1955 3073 2079 3103 Horum
2105 3072 2215 3102 autem
2248 3071 2372 3110 singula
2403 3079 2466 3103 nou

1430 3132 1559 3164 virtutis
1580 3133 1708 3172 partes,
1727 3131 1782 3164 sed
1801 3139 1907 3163 causae
1938 3131 2024 3161 sunt.
2053 3130 2166 3170 Itaque
2191 3129 2248 3169 qui
2276 3129 2471 3169 intelligente

1429 3192 1462 3222 et
1479 3186 1689 3231 cognoscente
1707 3190 1778 3231 ejus
1809 3192 1897 3230 parte
1921 3188 2049 3227 valent,
2067 3188 2088 3219 ii
2115 3188 2207 3227 periti
2233 3188 2264 3219 et
2294 3186 2470 3228 prudentes

1430 3251 1515 3281 recte
1533 3249 1703 3290 dicuntur;
1724 3249 1779 3290 qui
1810 3257 1886 3280 vero
1905 3241 2048 3279 moribus
2074 3246 2212 3286 probatis
2242 3249 2274 3278 et
2300 3245 2468 3278 voluntate

1430 3308 1568 3349 pollent,
1586 3308 1744 3340 commodi
1758 3310 1790 3340 et
1805 3307 1901 3348 aequi.

1470 3366 1632 3399 Tollendae
1647 3368 1723 3399 sunt
1741 3375 1846 3399 causae
1860 3373 1983 3404 omnes,
2006 3366 2134 3404 propter
2148 3370 2230 3403 quas
2243 3361 2358 3401 injuste
2375 3370 2468 3402 agere
2496 3409 2504 3413 ρ

1431 3425 1572 3457 homines
1589 3427 1704 3459 solent.
1749 3427 1832 3459 Sunt
1847 3426 1954 3458 autem
1970 3425 2052 3462 tres,
2068 3421 2308 3462 intemperantia
2326 3421 2469 3461 corporis

1430 3483 1648 3524 voluptatum,
1675 3485 1754 3516 lucri
1772 3483 1950 3525 cupiditas,
1980 3481 2111 3514 ambitio
2128 3481 2263 3521 denique
2281 3480 2311 3511 in
2330 3478 2468 3511 animet.-

2624 131 2634 141 >
2624 62 2638 110 sup*-
2618 0 2638 53 “iffi

2634 3236 2638 3244 .
2631 3176 2638 3188 ι,
2629 3146 2638 3161 s
2628 3017 2638 3123 ,anza-a.
2634 2992 2638 3006 ..
2630 2941 2638 2975 aa.
