2606 3828
0 3465 11 3488 ..22
6 3420 11 3455 ,-
4 3267 11 3412 „......,..„„„...

0 3504 20 3828 myxum-a-

117 2820 185 2861 243<

296 288 370 321 214

291 370 339 401 sin
360 378 446 410 vero,
464 369 554 410 quasi
571 370 713 401 sortitam
734 368 765 400 id
783 376 911 406 munim,
926 367 960 398 ut
977 366 1083 397 omnia
1100 365 1325 406 praedictarum

290 437 404 469 opera,
422 429 617 469 effectusque
630 452 638 468 ‚
654 427 818 468 suscipiat.
835 428 947 466 ltaque
957 424 1100 456 nonnulli
1117 425 1230 465 putant
1244 432 1327 465 proe-

290 487 374 519 sumi
390 487 602 519 differentiam
628 485 833 526 providentiae
855 484 991 523 fatique,
1018 491 1093 515 cum
1114 491 1165 515 res
1182 491 1247 515 una
1265 482 1326 523 sit;

291 545 406 586 quippe
414 545 654 586 providentiam,
665 544 722 575 Dei
730 552 797 575 esse
806 542 1014 580 voluntatem,
1023 541 1225 574 voluntatem
1235 549 1328 582 porro

291 603 359 642 ejus
370 603 482 635 seriem
493 612 562 635 esse
578 610 764 640 causarum3
779 602 810 633 et
824 609 863 632 ex
874 609 911 632 eo
923 599 1068 641 quidem,
1084 599 1159 641 quia
1175 599 1327 632 voluntas

288 662 505 702 providentia
516 672 530 700 ‚·
550 670 642 701 porro
667 659 740 700 quia
752 659 863 691 eadem
877 658 975 691 series
995 667 1165 691 causarum
1185 659 1234 691 est
1246 683 1254 699 ‚
1264 657 1327 699 sa-

291 722 366 752 tum
386 719 652 760 cognominatum.
709 720 755 749 Ex
781 726 846 758 quo
868 717 957 757 fieri,
986 718 1022 749 ut
1044 725 1117 758 quae
1147 716 1326 749 secundum

291 779 392 811 fatum
413 780 499 819 sunt,
518 778 612 810 etiam
631 786 671 809 cx
691 775 889 817 providentia
906 776 983 807 sint.
1027 775 1215 817 Eodemque
1228 775 1326 808 modo

290 847 362 878 quac
379 837 554 870 secundum
574 835 806 877 providentiam
818 860 825 874 ,
842 843 882 867 ex
901 834 978 875 sato,
1008 835 1044 867 ut
1060 836 1152 876 putat
1171 835 1327 876 Chrysip-

290 905 361 936 pus.
405 896 464 928 Alii
488 904 562 927 vero
581 903 652 935 quae
674 893 802 934 quidem
830 902 871 925 ex
890 893 1104 935 providentiae
1124 894 1328 935 auctoritate,

291 955 425 987 fataliter
455 963 580 995 quoque
604 953 771 993 provenire
790 964 798 984 ι
818 961 877 984 nec
896 953 1006 985 tamen
1024 961 1097 994 quae
1117 953 1267 994 fataliter,
1288 963 1329 987 ex

291 1013 484 1054 providentia
497 1037 505 1053 ,
524 1015 558 1044 ut
577 1012 759 1045 Cleanthes.

330 1073 471 1104 CXLIlI.
498 1071 559 1104 Sed
573 1071 696 1103 Platoni
714 1071 835 1113 placet,
853 1080 957 1112 neque
971 1071 1082 1104 omnia
1100 1080 1141 1105 ex
1156 1072 1327 1113 providen-

291 1132 332 1163 tia
363 1130 450 1170 fore,
474 1139 577 1171 neque
605 1130 690 1162 enim
715 1130 909 1163 uniformem
933 1131 1083 1163 naturam
1102 1139 1172 1163 esse
1199 1140 1328 1171 rerum,

289 1199 361 1231 quae
378 1189 601 1230 dispensantur
619 1198 627 1221 :
651 1189 696 1221 ita
721 1189 871 1231 quaedam
890 1198 929 1222 ex
951 1190 1152 1231 providentia
1176 1191 1303 1223 tantum
1319 1214 1329 1231 ,

288 1248 434 1290 quaedam
441 1257 480 1281 ex
494 1248 633 1289 decreto,
649 1249 800 1281 nonnulla
810 1257 851 1281 ex
863 1249 1029 1282 voluntate
1039 1250 1160 1288 nostra,
1177 1249 1330 1282 nonnulla

238 1331 240 1333 >
289 1309 384 1340 etiam
398 1317 436 1340 ex
450 1309 603 1342 varietate
617 1308 755 1340 fortunae
767 1332 777 1349 ,
792 1308 942 1349 pleraque
962 1317 1039 1341 casu
1051 1333 1060 1349 ‚
1078 1317 1170 1350 qnae,
1186 1310 1223 1342 ut
1240 1310 1328 1350 libet,

288 1367 446 1400 accidunt.
480 1368 518 1399 Et
537 1367 645 1401 divina
658 1367 788 1408 quidem
801 1391 811 1408 ,
835 1370 933 1409 alque
945 1367 1153 1408 intelligibilia
1166 1392 1176 1409 ,
1191 1377 1331 1410 quaeque

289 1428 327 1460 iis
348 1427 492 1468 proxima
508 1429 593 1468 sunt,
611 1427 787 1460 secundum
805 1427 1040 1470 providentiam
1057 1428 1176 1470 solam;
1199 1430 1330 1462 natura-

288 1487 330 1518 lia
346 1495 441 1527 vero,
456 1488 488 1519 et
504 1495 673 1528 corporea,
694 1487 787 1527 juxta
807 1487 909 1519 fatum
927 1496 935 1516 :
958 1496 997 1520 ea
1006 1480 1119 1529 porro,
1141 1497 1214 1529 quae
1230 1490 1332 1522 nostri

289 1546 424 1587 arbitrii,
439 1546 601 1587 nostrique
616 1546 694 1586 juris
711 1549 800 1586 sunt,
821 1547 935 1588 sponte
950 1547 1074 1591 nostra.
1130 1549 1231 1580 Porro
1258 1558 1331 1589 quoe

289 1606 379 1637 extra
400 1613 458 1636 nos
471 1605 585 1646 posita,
603 1606 671 1637 sine
688 1604 820 1645 ratione,
845 1608 943 1646 atque
962 1605 1145 1647 inopinate,
1159 1606 1332 1648 accidunt;

289 1664 315 1696 si
343 1664 472 1705 quidem
488 1673 526 1697 ex
543 1666 651 1697 nostro
669 1665 823 1706 disposito
846 1667 950 1705 coepta
976 1665 1092 1706 erunt,
1120 1665 1251 1698 fortuita
1279 1675 1287 1695 ε
1306 1667 1332 1699 si

288 1724 357 1757 sine
373 1725 482 1756 nostra
509 1724 709 1757 institutione
721 1748 731 1764 ,
747 1733 824 1757 casu
845 1723 1016 1766 provenire
1033 1724 1194 1757 dicuntur.

330 1784 468 1816 CXLIV.
492 1785 574 1822 Quae
597 1784 713 1816 cuncta
740 1783 940 1816 manifestius
959 1783 992 1816 in
1010 1783 1132 1817 Timaeo
1153 1784 1266 1826 digerit
1289 1785 1333 1818 ita

289 1843 399 1885 dicens
417 1852 426 1875 ι

330 1904 392 1936 Καὶ
413 1904 430 1935 ὃ
449 1903 503 1944 μὲν
520 1903 557 1942 δὴ
579 1906 678 1935 ταῦτα
696 1902 799 1935 πάντα
820 1902 963 1940 διατάξας
982 1902 1087 1944 ἔμενεν
1104 1903 1135 1936 ἐν
1151 1907 1197 1945 τῷ
1222 1906 1332 1938 ἑαυτοῦ

290 1963 370 1994 κατὰ
390 1962 502 2004 τρόπον
530 1962 610 2001 ἤθει.

336 2021 465 2060 Quibus
479 2023 532 2054 ita
552 2021 744 2061 ordinatis,
758 2029 838 2054 cum
857 2022 894 2054 in
906 2023 1080 2063 proposito
1095 2029 1216 2055 rerum
1236 2031 1332 2055 crea-

289 2083 343 2114 tor
359 2083 529 2114 maneret.

290 2142 445 2178 Quaenam
458 2139 681 2173 ordinaverat?
694 2140 834 2180 scilicet,
850 2140 936 2181 quod
953 2141 1112 2174 universae
1129 2141 1174 2174 rei
1193 2141 1332 2173 animam

290 2207 473 2240 corpusque
488 2207 585 2231 omne
602 2198 819 2232 modulamine
831 2200 906 2240 apto
919 2199 1097 2240 jugaverat.

331 2259 484 2295 Μένοντος
512 2258 545 2290 δὲ
569 2258 737 2296 νοήσαντες
755 2259 786 2290 οἱ
813 2258 921 2294 παῖδες
946 2258 1006 2297 τήν
1034 2260 1089 2290 τοῦ
1109 2258 1223 2300 πατρὸς
1248 2257 1331 2294 τάξιν

292 2317 448 2351 ἐπείθοντο
467 2318 544 2359 αὐτῇ
557 2343 566 2357 ,
584 2319 637 2350 καὶ
653 2317 799 2355 λαὸόντες
815 2317 967 2350 ἀθάνατον
984 2318 1081 2359 ἀρχὴν
1097 2319 1208 2355 Θνητοῦ
1236 2317 1332 2359 ζῴου,

293 2378 478 2419 μιμούμενοι
492 2378 544 2410 τὸν
565 2378 710 2419 σφέτερον
732 2377 936 2418 δημιουργόν,
953 2377 1049 2418 πυρὸς
1072 2378 1124 2408 καὶ
1147 2381 1203 2416 γῆς
1218 2377 1332 2413 ὕδατός

297 2450 330 2470 τε
346 2440 399 2469 καὶ
419 2438 504 2479 ἀέρος
518 2437 580 2469 ἀπὸ
600 2439 655 2468 τοῦ
678 2436 801 2477 κόσμου
828 2435 1035 2477 δανειζόμενοι
1059 2435 1171 2477 μόρια,
1194 2437 1235 2472 ὡς
1253 2436 1331 2468 ἀπο-

295 2495 488 2534 δοθησόμενα
513 2495 616 2534 πάλιν,
637 2496 679 2532 εἷς
696 2495 805 2527 ταύτὸν
824 2496 862 2527 τὰ
882 2494 1102 2536 λαμὸανόμενα
1124 2495 1331 2535 ξυνεκόλλων,

293 2554 329 2585 οὐ
341 2558 404 2590 τοῖς
422 2554 542 2590 ἀλύτοις
565 2555 608 2591 οἷς
626 2555 714 2586 αὐτοὶ
734 2554 906 2595 ξυνείχοντο
923 2555 1063 2596 δεσμοῖς.

335 2613 595 2653 Intelliyentes,
617 2613 738 2654 inquit,
763 2613 956 2653 jussionem
975 2615 1093 2654 patris
1117 2613 1205 2654 filii,
1221 2612 1332 2653 juxta

293 2671 504 2703 mandatam
532 2670 814 2708 informationem
838 2673 1031 2705 immortali
1063 2675 1201 2714 sumpto
1230 2674 1333 2706 initio

295 2730 456 2762 mortalis
471 2731 681 2770 animantis,
699 2739 742 2762 ex
758 2731 882 2763 mundi
896 2733 1061 2771 materiis,
1078 2733 1148 2772 iqui
1170 2734 1334 2774 terraque

296 2791 327 2822 et
346 2798 442 2831 aqua
464 2797 542 2821 cum
570 2791 718 2830 spiritu,
730 2789 855 2830 foenus
878 2791 1142 2824 elementarium
1162 2795 1333 2834 mutuati,

295 2848 390 2890 quod
409 2848 615 2881 redderetur
635 2857 714 2880 cum
741 2857 825 2890 opus
844 2849 962 2890 foret‚·
977 2858 1018 2882 ea
1034 2858 1110 2891 quse
1129 2854 1334 2892 acceperant

296 2906 605 2948 conqtustnatmnt,
631 2915 701 2938 non
729 2906 1031 2940 indissolubilibus
1055 2909 1133 2941 illis
1166 2911 1332 2950 neribus,

297 2973 341 2997 ex
353 2965 474 3006 quibus
489 2965 556 3006 ipsi
574 2962 799 2997 cohaeserant.

296 3024 422 3057 Etenim
439 3024 565 3065 iussum
587 3023 658 3062 Dei,
688 3023 739 3055 cui
768 3024 881 3064 parent
910 3024 960 3056 Dii
993 3025 1143 3066 secundi,
1164 3027 1244 3059 ratio
1271 3032 1332 3068 est,

296 3084 422 3124 opinor,
453 3082 618 3115 continens
648 3081 878 3114 ordinationem
905 3084 1101 3123 perpetuam,
1129 3094 1218 3125 quoe·
1233 3086 1332 3119 fatum

300 3143 445 3180 vocatur,
463 3141 559 3181 idque
572 3140 669 3173 trahit
687 3140 840 3181 originem
858 3149 895 3172 ex
914 3141 1124 3181 providentia.
1278 3138 1280 3140 ’

341 3201 468 3233 CXLV.
492 3199 575 3237 Quid
595 3208 669 3231 cum
686 3199 786 3231 dicit?

339 3260 504 3298 Ξυστήσας
518 3259 551 3291 δὲ
566 3259 602 3291 τὸ
620 3261 681 3290 πᾶν
702 3259 792 3290 διεῖλε
811 3258 912 3299 ψυχὰς
925 3259 1103 3301 ἰσαρίθμους
1119 3264 1184 3297 τοῖς
1198 3262 1332 3303 ἀστροις,

298 3319 398 3359 ἔνειμέ
415 3319 439 3351 θ’
460 3318 593 3356 ἑκάστην
610 3318 684 3359 πρὸς
697 3318 827 3350 ἕκαστον
840 3318 892 3349 καὶ
916 3318 1085 3358 ἐμὸιὸάσας
1102 3321 1142 3355 ὡς
1162 3321 1203 3356 εἰς
1227 3321 1334 3362 ὄχημα

298 3377 353 3414 τήν
368 3379 423 3408 τοῦ
442 3377 556 3413 παντὸς
582 3376 670 3417 φύσιν
695 3375 804 3416 ἔδειξε,
833 3375 945 3416 νόμους
971 3387 1005 3408 τε
1033 3378 1101 3413 τοὺς
1131 3379 1331 3419 εἱμαρμένους

299 3435 381 3467 εἶπεν
400 3436 516 3472 αὐταῖς.

344 3495 655 3535 Coaymentataque
671 3503 752 3526 mox
767 3496 937 3527 universae
954 3496 1004 3527 rei
1019 3495 1191 3535 machine,
1208 3495 1333 3536 deleqit

1009 277 1271 318 CHALCIDII
1306 276 1720 332 COMMENTARIUS

1388 366 1528 398 animas
1545 366 1732 400 stellarum
1748 375 1894 401 numero
1906 375 2021 409 parm,
2035 368 2259 412 sinqulasque
2271 356 2424 412 sinentis

1386 426 1614 466 comparavit,
1640 425 1845 468 easdemque
1878 426 2046 459 vehiculis
2071 427 2339 470 competentibus
2366 437 2426 474 su-

1386 486 1627 527 perimpositas
1647 488 1820 519 universa·
1841 487 1891 518 rei
1915 488 2083 518 naturam
2107 489 2264 528 spectare
2290 488 2423 529 jussu,

1389 544 1546 586 leuesque
1563 545 1791 578 immutabilis
1805 544 1933 578 decreti
1949 544 2078 578 docuit.

1388 602 1498 636 Mundi
1510 603 1631 645 quippe
1648 604 1828 636 machinam
1841 603 2020 644 absolvere,
2040 603 2178 645 deligere
2195 604 2334 646 animas,
2352 606 2427 640 stel—

1388 660 1490 694 larum
1504 671 1638 695 numero
1661 671 1762 704 parce,
1784 663 1940 696 vehiculis
1959 663 2041 704 aptis
2057 664 2337 705 superimponere,
2358 666 2426 698 uni·
2471 691 2473 693 >
2525 693 2531 699 .

1390 729 1491 768 versae
1512 720 1556 753 rei
1573 723 1752 754 monstrare
1780 723 1946 762 naturam,
1973 721 2058 762 leges
2083 721 2292 756 immutabilis
2308 722 2429 757 decreti

1389 780 1522 822 docere,
1543 782 1658 815 cuncta
1674 782 1745 815 haec
1769 782 1873 815 officia
1901 782 2110 824 providentiae
2137 784 2223 816 sunt.
2250 785 2334 826 lpsae
2353 793 2429 819 vero

1391 839 1491 881 leges,
1510 850 1586 882 quae
1599 841 1696 875 dictae
1712 845 1788 875 sunt
1807 843 1906 875 fatum
1917 866 1927 883 ‚
1955 843 2051 884 idque
2067 842 2176 876 divina
2193 843 2243 877 lex
2256 845 2307 878 est
2318 844 2430 878 mundi

1389 899 1506 932 animae
1523 900 1701 940 insinuata,
1715 901 1841 934 salubre
1855 910 1960 934 rerum
1976 902 2121 935 omnium
2135 903 2287 943 regimen.
2310 903 2363 944 Sic
2382 905 2430 945 fa·

1391 960 1458 991 tum
1477 959 1607 1000 quidem
1630 968 1669 992 ex
1694 960 1893 1002 providentia
1911 962 1979 1000 est,
2006 969 2066 994 nec
2085 965 2190 995 tamen
2208 971 2251 996 ex
2275 962 2341 997 feto
2361 972 2431 1007 pro·

1393 1017 1542 1050 videntia.

1431 1075 1568 1109 CXLVI.
1586 1078 1678 1110 Nunc
1694 1077 1758 1117 jam
1771 1076 1811 1110 de
1836 1078 1921 1117 fato,
1939 1077 2027 1120 quod
2047 1078 2082 1111 in
2098 1087 2229 1112 munere
2241 1080 2339 1122 atque
2357 1082 2432 1114 netu

1391 1135 1529 1175 positum
1546 1136 1612 1175 est,
1631 1135 1810 1177 loquemur.
1882 1136 2008 1178 Quippe
2028 1137 2069 1170 de
2084 1138 2146 1170 hoc
2168 1138 2316 1179 plurimae
2331 1138 2431 1173 disce-

1391 1194 1548 1234 ptationes
1564 1195 1721 1227 habentur
1739 1195 1885 1236 morales,
1904 1196 2087 1237 naturales,
2101 1196 2224 1238 logicae.
2257 1199 2338 1232 Nam
2357 1206 2431 1232 cuni

1390 1254 1496 1285 omnia
1509 1278 1519 1294 ,
1539 1262 1612 1295 quae
1632 1254 1726 1294 fiunt,
1745 1254 1869 1287 infinita
1881 1255 1958 1295 sint,
1980 1257 2067 1288 etex
2081 1255 2206 1288 infinito
2226 1264 2284 1298 per
2298 1256 2434 1291 immen-

1390 1321 1462 1345 sum
1491 1314 1619 1354 tempus
1648 1312 1873 1361 infinitumque
1899 1314 2109 1355 proveniant,
2141 1318 2257 1348 cuncta
2290 1315 2434 1358 undique

1393 1375 1609 1416 complectens
1628 1375 1750 1416 satum,
1776 1379 1883 1408 tamen
1914 1375 2020 1417 ipsum
2039 1376 2165 1409 finitum
2181 1385 2220 1409 ac
2242 1377 2434 1410 determina·

1393 1435 1473 1465 tum.
1516 1433 1628 1473 Neque
1648 1432 1734 1464 enim
1753 1431 1804 1464 lex
1817 1455 1827 1471 ‚
1839 1440 1945 1472 neque
1965 1432 2064 1473 ratio,
2082 1441 2185 1474 neque
2208 1433 2286 1475 quid
2301 1434 2434 1467 omnino

1391 1491 1557 1524 divinitate
1570 1490 1739 1532 praeditum
1753 1514 1763 1531 ‚
1787 1490 2080 1524 indeterminatum.
2125 1491 2224 1533 quue
2239 1491 2346 1534 ipsum
2365 1501 2434 1525 ma-

1392 1551 1560 1583 nifestatur
1577 1559 1617 1583 ex
1630 1551 1715 1582 statu
1731 1558 1769 1582 ac
1784 1549 2035 1582 conformatione
2047 1549 2132 1589 eoeli,
2161 1549 2221 1582 sub
2247 1550 2280 1583 id
2294 1551 2432 1594 tempus,
2463 1570 2467 1573 Δ

1392 1610 1478 1652 quod
1498 1610 1675 1651 perfectum
1687 1618 1806 1641 annum
1823 1610 1949 1642 vocant.
1994 1610 2040 1641 De
2056 1617 2121 1649 quo
2137 1609 2228 1642 Plato
2247 1609 2294 1642 sic
2310 1609 2377 1642 ait:

1433 1668 1523 1701 Ἔστι
1549 1667 1575 1701 δ’
1600 1668 1684 1710 ὅμως
1702 1668 1789 1700 οὐδὲν
1814 1667 1906 1708 ἧττον
1930 1671 2123 1706 κατανοῆσαι
2151 1668 2280 1700 δυνατὸν
2303 1670 2345 1706 ὡς
2363 1669 2380 1702 ὅ
2397 1677 2433 1710 γε

1392 1728 1492 1765 τέλεος
1509 1727 1636 1770 ἀριθμὸς
1648 1727 1761 1769 χρόνου
1785 1727 1836 1759 τὸν
1854 1727 1956 1758 τέλεον
1971 1726 2109 1758 ἐνιαυτὸν
2125 1727 2238 1768 πληροῖ
2255 1727 2338 1767 τότε,
2359 1728 2432 1761 ὅταν

1392 1788 1525 1819 ἁπασῶν
1538 1789 1599 1818 τῶν
1618 1786 1701 1818 ὀκτὼ
1719 1785 1870 1827 περιόδων
1887 1785 1926 1817 τὰ
1946 1786 2020 1827 πρὸς
2046 1785 2163 1822 ἄλληλα
2187 1786 2433 1828 ξυμπερανθέντα

1393 1846 1474 1888 τάχη
1494 1849 1558 1888 σχῇ
1581 1845 1716 1886 κεφαλὴν
1734 1848 1779 1886 τῷ
1793 1847 1849 1876 τοῦ
1866 1843 1981 1876 ταύτοῦ
1998 1844 2050 1875 καὶ
2067 1844 2184 1884 ὁμοίως
2202 1844 2300 1882 ἰόντος
2321 1845 2436 1888 ἀναμε-

1392 1905 1540 1948 τρηθέντα
1554 1904 1674 1945 κύκλῳ.

1435 1965 1498 1997 Est
1521 1965 1636 1995 tamen
1651 1961 1827 1994 intellectu
1846 1958 1966 2002 facile,
1990 1958 2083 2001 quod
2101 1958 2279 2001 perfectus
2299 1962 2434 2005 tempo-

1395 2023 1446 2054 ris
1465 2028 1630 2054 numerus
1653 2018 1852 2061 perfectum
1876 2025 2010 2050 annum
2039 2017 2232 2059 compleat,
2259 2019 2346 2052 tunc
2375 2019 2436 2052 de·

1393 2089 1507 2120 mum,
1523 2087 1602 2112 cum
1622 2080 1779 2111 omnium
1794 2078 1868 2109 octo
1890 2078 2200 2110 circumactionum
2215 2085 2338 2110 cursus
2355 2086 2436 2120 per·

1395 2141 1466 2174 acti
1478 2139 1576 2172 velut
1593 2138 1640 2171 ad
1657 2138 1823 2178 oriqinem
1832 2137 1866 2168 et
1877 2137 1981 2177 caput
1990 2137 2270 2168 circumactionis
2285 2135 2436 2170 alterius

1395 2199 1636 2234 revertentur;
1657 2202 1764 2238 quam
1781 2202 1916 2235 semper
1928 2193 2020 2226 idem
2035 2195 2142 2235 atque
2157 2193 2342 2235 uniformis
2360 2203 2436 2228 mo-

1395 2261 1451 2291 tus
1470 2257 1683 2290 dimetietur.

1394 2317 1463 2348 Hoc
1479 2314 1597 2356 quippe
1621 2311 1709 2345 omni
1730 2311 1875 2352 tempore
1900 2309 2010 2350 finito,
2040 2310 2076 2342 nt
2099 2308 2191 2350 cuius
2207 2308 2435 2343 determinatio

1393 2373 1469 2406 certi
1485 2371 1637 2405 circuitus
1650 2370 1752 2412 spatio
1767 2368 1995 2410 consideretur,
2010 2367 2128 2409 omnia,
2143 2376 2219 2409 quae
2229 2368 2278 2401 vel
2293 2368 2326 2401 in
2339 2369 2434 2410 coeio,

1395 2432 1443 2465 vel
1459 2432 1493 2464 in
1511 2429 1622 2471 terris,
1637 2428 1839 2471 proveniunt,
1856 2435 1985 2460 rursum
2000 2426 2041 2460 de
2059 2426 2183 2468 integro
2201 2426 2243 2459 ad
2256 2427 2434 2468 proeteritas

1395 2491 1590 2526 conditiones
1609 2490 1740 2524 redeant
1753 2498 1882 2522 necesse
1897 2491 1947 2522 est
1961 2498 1970 2521 ε
1985 2488 2022 2520 ut
2035 2489 2113 2528 puta
2129 2487 2186 2529 qui
2206 2497 2294 2521 nunc
2313 2490 2362 2522 est
2384 2489 2437 2522 ha·

1395 2553 1479 2585 bitus
1494 2549 1743 2584 constellationis
1754 2550 1826 2590 post
1840 2547 1997 2590 prolixam
2013 2547 2168 2588 temporis
2183 2547 2300 2580 seriem
2311 2547 2434 2581 instau-

1396 2612 1531 2644 rabitur.
1574 2609 1761 2650 Eodemque
1778 2607 1875 2640 modo
1888 2607 1943 2649 qui
1958 2607 2113 2649 sequitur,
2126 2606 2278 2648 deinceps
2297 2607 2348 2640 est
2371 2607 2433 2640 hoc

1394 2679 1531 2713 semper.

1435 2732 1592 2765 CXLVII.
1613 2731 1661 2762 Ex
1685 2737 1751 2770 quo
1769 2728 1921 2769 apparet,
1937 2726 1971 2759 in
1990 2729 2062 2759 actu
2088 2726 2228 2768 positum
2245 2726 2348 2760 fatum
2364 2726 2435 2760 infi-

1395 2792 1463 2824 nita
1490 2790 1640 2823 varietate
1665 2786 1892 2826 accidentium,
1921 2787 1954 2818 et
1981 2794 2022 2817 ex
2052 2785 2176 2818 infinito
2209 2785 2243 2818 in
2272 2785 2434 2818 infinitum

1395 2854 1521 2890 tempus
1546 2857 1618 2890 quae
1636 2846 1796 2887 accidunt,
1815 2845 1922 2886 ipsum
1949 2846 2055 2877 tamen
2085 2853 2154 2877 esse
2176 2843 2433 2884 determinatum,

1394 2912 1425 2943 et
1443 2907 1655 2946 immutabili,
1679 2913 1868 2946 semperque
1896 2903 2007 2936 eadem
2035 2903 2240 2944 proprietate.
2283 2903 2328 2935 Ut
2346 2901 2432 2935 enim

1395 2967 1558 3001 circularis
1585 2966 1710 3007 motus,
1734 2964 1860 2998 etitem
1885 2962 1972 3004 quod
1993 2962 2157 2995 dimetitur
2175 2970 2264 3003 eum,
2283 2951 2432 3003 tempus,

1393 3010 1527 3068 utraque
1541 3026 1605 3058 sint
1621 3023 1752 3064 circuli3
1767 3023 1813 3055 sic
1826 3031 1863 3054 ea
1881 3021 1990 3054 omnia
2001 3045 2011 3061 ,
2032 3029 2106 3062 quae
2125 3021 2157 3053 in
2177 3029 2275 3062 gyros
2292 3021 2432 3053 circum-

1394 3087 1552 3126 feruntur,
1573 3083 1684 3116 circuli
1712 3082 1776 3115 sint
1799 3089 1929 3114 necesse
1950 3081 2009 3112 est.
2077 3082 2158 3121 Ergo
2178 3081 2304 3112 scitum
2325 3075 2449 3112 §nevis

1396 3145 1502 3177 tabile
1518 3143 1611 3176 vocat
1633 3142 1687 3175 ille
1702 3141 1815 3181 fatum,
1838 3139 2051 3172 inevitabilem
2068 3138 2146 3179 vim,
2172 3138 2432 3179 potentiamque,

1394 3203 1570 3243 intelligens
1590 3200 1795 3242 principalem
1818 3207 1946 3232 causam
1975 3197 2121 3230 omnium
2133 3221 2142 3237 ‚
2159 3205 2234 3237 quae
2253 3196 2288 3228 in
2307 3195 2433 3236 mundo
2439 3194 2455 3202 “

1393 3260 1623 3302 consequenter
1648 3258 1861 3299 continueque
1885 3256 1977 3290 fiunt.
2033 3257 2102 3288 Hoc
2130 3263 2224 3296 porro
2246 3253 2355 3285 anima
2383 3254 2432 3287 est

1393 3320 1553 3361 tripertita
1576 3319 1708 3359 mundi,
1733 3317 1822 3359 quod
1852 3318 1885 3350 in
1907 3316 2084 3350 substantia
2105 3315 2244 3356 positum
2271 3314 2371 3346 fatum
2397 3314 2430 3346 in

1394 3378 1612 3420 superioribus
1625 3378 1776 3410 diximus.
1829 3378 1960 3410 scitum
1977 3383 2089 3416 porro,
2106 3373 2165 3406 Dei
2181 3372 2233 3404 lex
2252 3375 2313 3412 est,
2330 3381 2429 3413 quam

1393 3437 1642 3470 inexcusabilem
1658 3445 1728 3469 esse
1747 3436 1946 3468 asseruimus
1964 3434 2006 3467 ob
2018 3432 2233 3466 inevitabilem
2250 3439 2395 3464 causam.

1435 3498 1607 3529 CXLVIII.
1630 3496 1708 3528 Haec
1729 3503 1825 3536 porro
1856 3493 1908 3526 lex
1935 3494 1968 3526 et
1999 3492 2101 3524 oratio
2134 3493 2201 3530 est,
2224 3491 2255 3523 et
2287 3490 2429 3529 sanctio,
