2606 3828
317 280 391 312 25ss

315 366 402 396 καῖον
426 361 502 393 εἷναί
532 371 592 392 που
616 361 651 392 τὸ
674 361 707 391 ὃν
730 360 812 391 ἅπαν
829 359 859 390 ἐν
875 369 932 389 τινι
948 356 1035 396 τόπῳ
1052 355 1104 387 καὶ
1136 354 1267 395 κατέχον
1285 354 1347 396 χώ-

315 429 368 459 ραν
386 421 463 452 τινά.

358 479 509 519 Denique
536 486 614 510 cum
642 476 681 509 id
712 478 828 508 animo
859 476 1047 512 intuemur,
1075 472 1236 512 patimur
1259 470 1350 512 quod

314 538 534 570 somniantes.
578 536 750 568 Putamus
782 535 873 566 enim
899 539 1030 564 necesse
1058 538 1149 570 esse,
1178 531 1219 562 ut
1252 537 1350 561 omne

314 596 405 638 quod
431 597 506 636 esc,
530 596 566 627 in
593 594 709 635 aliquo
739 595 785 625 stt
815 591 886 624 loco
905 591 1076 633 positum,
1105 589 1349 630 reqionemque

313 654 465 687 obtineat
483 653 607 686 uttam.

313 714 471 745 Incertam
491 713 521 744 et
548 711 734 750 caligantem
762 707 859 740 animi
891 706 990 739 nostri
1026 705 1254 747 intentionem,
1274 714 1348 737 cum

312 771 401 803 silvae
423 772 565 802 naturam
595 767 855 806 consideramus,
884 766 977 798 vanis
1005 765 1137 797 somniis
1164 763 1348 805 comparat,

312 831 343 861 et
364 828 520 869 opinioni,
537 835 609 867 quae
627 835 666 858 ex
685 825 830 857 sensibus
852 825 1005 856 nascitur.
1050 823 1177 856 Etenim
1192 831 1266 854 cum
1280 831 1347 854 cor-

313 897 370 927 pus
388 885 511 927 aliquod
532 882 675 917 videmus
690 886 746 916 aut
758 883 919 923 tangimus
931 907 941 923 ,
958 891 1088 915 necesse
1102 884 1150 914 est
1170 882 1200 913 id
1220 890 1237 913 a
1256 881 1349 914 nobis

310 946 418 978 sentiri
437 954 509 976 cum
531 944 606 975 locis
625 943 709 983 suis,
729 944 761 974 et
789 942 983 982 regionibus.
1029 942 1141 982 Neque
1170 941 1255 972 enim
1278 941 1347 972 sine

311 1013 399 1043 ioco,
419 1012 477 1035 nec
504 1011 581 1034 vero
609 1002 678 1033 sine
699 1001 795 1042 sede,
825 1001 934 1033 sentiri
958 1009 1075 1041 corpus
1099 1000 1202 1031 ullum
1229 1000 1345 1040 polest.

308 1062 391 1094 Dicit
411 1070 484 1101 ergo
500 1069 558 1092 nos
575 1060 633 1091 bac
650 1059 805 1100 opinionis
819 1058 1044 1099 percelebratae
1059 1058 1288 1090 consuetudine
1303 1058 1347 1090 ita

306 1128 375 1151 esse
403 1118 562 1158 imbutos,
592 1120 629 1149 ut
658 1126 732 1148 cum
761 1126 812 1149 res
842 1116 1054 1156 intelligibiles
1093 1116 1347 1156 contemplamur

306 1178 430 1216 animo,
447 1178 596 1217 putemus
614 1184 667 1208 eas
692 1175 868 1207 consistere
888 1174 995 1214 aliquo
1021 1175 1054 1206 in
1085 1174 1174 1214 loco,
1208 1175 1346 1207 ullamve

306 1236 462 1275 regionem
481 1234 639 1273 obtinere,
659 1233 787 1274 perinde
805 1236 841 1264 ut
859 1232 969 1264 mundi
991 1241 1108 1274 corpus
1121 1256 1130 1272 ,
1146 1232 1231 1273 quod
1248 1232 1345 1264 situm

304 1295 350 1326 est
372 1294 461 1333 loco,
479 1301 576 1333 quem
594 1291 730 1332 complet
747 1291 909 1323 mundana
927 1291 1046 1330 moles,
1066 1291 1188 1323 liabens
1207 1300 1277 1323 eam
1300 1300 1346 1323 re-

304 1352 445 1393 gionem,
476 1359 551 1391 quae
577 1350 734 1391 perceptis
760 1358 929 1390 corporum
961 1349 1072 1381 formis
1101 1351 1252 1381 exornata
1275 1350 1344 1390 est,

303 1411 449 1443 videlicet
461 1410 584 1441 silvam.
648 1410 747 1449 CuJus
763 1410 885 1450 partes,
903 1417 942 1441 ex
960 1409 1078 1450 quibus
1099 1410 1242 1449 constat,
1269 1409 1345 1449 quia

303 1469 421 1501 divisas
438 1468 517 1500 locis
535 1477 573 1500 ac
586 1468 767 1508 regionibus
781 1467 1020 1499 consideramus
1032 1491 1041 1507 ,
1057 1468 1207 1507 putamus
1225 1467 1343 1507 omnia,

305 1537 377 1568 quae
397 1529 490 1566 sunt,
507 1526 620 1559 eodem
645 1527 741 1559 modo
759 1527 932 1558 consistere
953 1526 985 1558 in
1008 1526 1085 1558 locis
1105 1535 1145 1558 ac
1165 1526 1345 1566 regionibus

304 1585 410 1616 certis.
454 1584 598 1624 Denique
612 1584 638 1615 si
657 1585 727 1624 quis
743 1584 848 1624 dicat,
866 1592 937 1616 esse
956 1583 1166 1615 substantiam
1182 1584 1250 1616 sine
1269 1584 1345 1616 sede

303 1650 342 1674 ac
372 1642 459 1682 loeo,
477 1650 554 1683 quae
583 1650 691 1683 neque
710 1643 746 1673 in
773 1643 869 1673 terra
890 1650 1000 1683 neque
1029 1643 1066 1674 in
1084 1642 1167 1674 coelo
1189 1644 1255 1681 stt,
1270 1651 1344 1683 por-

304 1699 391 1730 tento
413 1697 527 1730 similia
551 1698 615 1729 dici
642 1701 791 1738 putamus
812 1699 844 1730 et
872 1707 924 1730 res
953 1706 1037 1730 vana
1055 1699 1172 1731 mentis
1194 1699 1344 1739 opinione

301 1757 482 1797 conceptas,
526 1757 597 1788 Jam
613 1755 735 1787 dudum
752 1756 870 1797 quippe
885 1758 916 1788 et
932 1756 972 1788 ab
991 1757 1121 1789 ineunte
1147 1759 1241 1789 aetate
1260 1766 1341 1797 prae-

298 1814 514 1854 judicavimus
529 1823 646 1855 omne,
663 1814 748 1855 quod
769 1815 828 1855 sit,
847 1823 967 1856 corpus
982 1824 1072 1856 esse,
1094 1824 1151 1847 nec
1165 1804 1342 1856 quidquam

299 1881 387 1912 esse,
410 1874 495 1914 quod
514 1873 689 1905 substantia
706 1873 814 1904 sensili
831 1874 954 1913 careat,
972 1873 1188 1914 cognitoribus
1204 1876 1236 1906 et
1255 1874 1343 1906 velut

300 1931 512 1963 assertoribus
530 1940 700 1972 corporum
718 1931 886 1964 credentes
902 1932 1063 1964 sensibus.

340 1993 447 2022 Ταῦτα
466 1991 503 2029 δὴ
521 1990 624 2022 πάντα
655 1991 708 2022 καὶ
730 1991 849 2023 τούτων
871 1990 938 2022 ἄλλ’
968 1991 1083 2032 ἀδελφὰ.
1117 1992 1170 2023 καὶ
1190 1992 1259 2033 περὶ
1286 1992 1342 2030 τήν

299 2053 413 2084 ἄϋπνον
425 2053 476 2083 καὶ
490 2052 608 2090 ἀληθῶς
622 2049 711 2093 φῦσιν
730 2051 931 2093 ὑπάρχουσαν
947 2052 1007 2083 ὑπὸ
1028 2052 1143 2090 ταύτης
1155 2057 1208 2091 τῆς
1220 2052 1343 2094 ὀνειρώ-

303 2111 375 2147 ξεως
404 2110 440 2141 οὗ
459 2110 582 2141 δυνατοὶ
607 2109 777 2150 γιγνόμεθα
796 2111 967 2151 ἐγερθέντες
992 2110 1192 2152 διοριζόμενοι
1215 2111 1342 2149 τάληθὲς

298 2169 395 2209 λέγειν
407 2193 416 2209 ,
436 2171 477 2205 ὡς
490 2168 584 2200 εἰκόνι
609 2169 679 2208 μέν.

341 2228 548 2260 ΟΟΟΧΙΝΙΙ.
577 2229 614 2260 Et
629 2227 791 2260 concludit
811 2240 819 2260 :
842 2227 883 2260 ob
906 2236 1013 2269 quiam
1030 2227 1318 2269 depravationem
1332 2253 1341 2269 ,

302 2288 451 2327 itemque
469 2286 559 2318 alias
577 2289 876 2327 consanquineas,
899 2295 942 2319 ne
962 2290 999 2319 tn
1021 2289 1241 2328 reputatione
1263 2289 1342 2328 qui-

299 2344 374 2376 dem
390 2347 423 2378 et
444 2345 718 2378 consideratione
745 2354 822 2378 vere
843 2348 1042 2378 exsistentis
1065 2354 1208 2387 vereque
1226 2347 1340 2388 pervi-

297 2402 377 2442 ailis
410 2405 569 2444 naturae,
593 2405 705 2435 mente
727 2405 946 2436 consistimus
967 2405 1113 2446 propter
1137 2403 1340 2443 hujusmodi

297 2462 441 2494 somnia.

339 2521 532 2552 Exsomnem
558 2520 809 2562 pervigilemque
842 2522 989 2553 naturam
1025 2522 1193 2562 nuncupat
1221 2520 1338 2553 intelli-

298 2575 394 2618 gibile
418 2579 514 2618 atque
543 2578 767 2619 incorporeum
785 2588 904 2620 genus,
921 2579 1007 2620 quod
1029 2588 1157 2620 semper
1180 2579 1265 2612 idem
1290 2581 1340 2613 est

299 2635 577 2677 principaliterque
590 2637 755 2678 subsistit,
775 2637 845 2669 sine
858 2639 928 2670 ortu
942 2662 951 2678 ,
970 2639 1038 2671 sine
1054 2647 1169 2670 occasu
1183 2663 1192 2677 ‚
1208 2639 1340 2672 minime

299 2693 453 2725 mutabile
465 2718 475 2734 ,
493 2694 612 2726 nullam
633 2694 754 2726 liabens
775 2704 849 2727 cum
869 2696 1017 2728 sensibus
1033 2697 1217 2729 societatem
1231 2721 1240 2737 ‚
1260 2706 1339 2738 pura

298 2753 406 2784 mente
432 2752 614 2793 percipibile
634 2765 644 2785 ι
664 2755 767 2785 Deum
792 2753 938 2787 videlicet
966 2756 998 2788 et
1033 2757 1242 2797 cogitationes
1266 2757 1338 2796 ejus

299 2808 510 2849 intelligibiles
532 2811 632 2851 atque
653 2811 856 2852 incorporeas
881 2812 1013 2853 species.
1059 2815 1125 2846 Has
1145 2823 1240 2855 porro
1268 2823 1338 2847 esse

299 2867 431 2908 quidam
449 2872 582 2908 negant,
603 2869 691 2910 quod
706 2869 757 2901 bis
775 2879 835 2902 usu
855 2870 973 2903 accidit
995 2880 1034 2904 ex
1050 2872 1116 2904 alto
1133 2875 1166 2905 et
1179 2873 1338 2914 profundo

298 2934 425 2967 sopore.
469 2927 615 2967 Denique
634 2927 660 2958 si
681 2927 752 2968 quis
772 2936 827 2960 eos
846 2929 885 2959 ad
903 2930 1203 2970 contemplationem
1230 2939 1337 2964 veram

300 2984 492 3025 minimeque
513 2986 693 3026 soporatam
713 2986 830 3018 excitet
846 2990 1037 3019 aeternarum
1057 2993 1089 3021 et
1110 2989 1339 3023 immortalium

299 3053 428 3085 rerum,
447 3044 651 3085 indignantur
677 3054 716 3077 ac
741 3046 873 3079 moleste
899 3047 1002 3079 rerunt
1029 3061 1036 3080 ε
1066 3049 1275 3083 similiter-ut
1292 3051 1339 3083 in-

299 3100 414 3134 Politia
431 3101 510 3143 [lib.
530 3102 590 3134 vu
610 3102 679 3134 init.
695 3101 708 3144 ]
726 3101 771 3134 illi
787 3103 921 3136 dedititii
934 3128 943 3144 ,
965 3108 1124 3147 perpetuis
1140 3108 1236 3141 abditi
1255 3111 1339 3150 tene·

298 3158 364 3192 bris
384 3160 546 3201 speluncae
562 3159 671 3192 densis
701 3161 822 3194 umbris
843 3171 962 3203 opacae.
1006 3166 1048 3196 At
1074 3174 1151 3198 vero
1184 3167 1238 3207 qui
1264 3177 1298 3200 se
1321 3177 1338 3200 a

297 3217 455 3258 protunda
470 3217 628 3259 imperitia
643 3218 818 3260 vindicant,
835 3220 1025 3255 laboriosius
1042 3223 1128 3265 licet,
1143 3234 1182 3257 ex
1197 3226 1338 3259 tenebris

298 3275 338 3307 ad
355 3275 463 3308 lumen
487 3278 653 3317 emergunt
668 3281 700 3309 et
721 3277 761 3310 ad
782 3278 924 3312 scientiae
949 3281 1156 3323 veritatisque
1178 3284 1337 3317 claritudi-

298 3341 372 3365 nem
388 3334 539 3374 aspirant.
563 3337 628 3368 Nec
647 3336 782 3371 moleste
810 3337 935 3378 serunt,
960 3340 1152 3373 excellentes
1171 3341 1202 3373 in
1222 3343 1338 3375 studiis

298 3390 504 3425 humanitatis
526 3393 613 3426 viros
634 3394 775 3429 dividere
797 3404 835 3429 ac
851 3405 999 3438 separare
1019 3399 1169 3432 sensilem
1187 3401 1335 3443 intelligi-

299 3448 458 3492 bilemque
477 3453 646 3494 naturam,
669 3453 785 3489 docere
805 3455 903 3489 etiam
927 3465 966 3490 ac
989 3457 1227 3501 demonstrare,
1249 3461 1337 3502 quod

1042 265 1299 305 CnALCiDll
1331 266 1743 306 COMMENTARIUS

1409 354 1472 386 sint
1489 363 1595 386 rernm
1611 354 1737 387 initium
1757 353 1879 395 species
1893 352 2076 394 arclietypoe
2087 347 2102 395 ,⁴
2116 353 2185 388 sive
2200 355 2287 396 quod
2303 357 2448 400 exempla

1409 412 1544 451 genuina
1569 412 1747 444 substantia
1764 411 1827 443 sint
1851 410 1996 452 praedita.
2042 413 2152 453 Neque
2168 413 2254 446 enim
2279 414 2319 446 ad
2344 414 2451 456 eujus-

1415 479 1512 512 quam
1532 471 1662 503 alterius
1677 470 1720 502 rei
1738 468 1979 502 similitudinem
1998 469 2081 503 faeta
2096 471 2191 512 atque
2204 471 2347 505 instituta
2362 473 2449 515 sunt,

1410 530 1486 571 quia
1506 529 1582 562 nibil
1598 531 1646 562 est
1664 528 1842 570 originibus
1856 528 2028 569 antiquius.
2071 526 2231 571 Imagines
2247 539 2324 564 vero
2339 540 2452 565 exem·

1409 587 1536 629 plorum
1550 612 1558 627 ,
1578 588 1651 628 quia
1663 587 1755 628 Juxta
1777 587 1925 628 exempla
1942 588 2018 621 sunt
2041 587 2134 622 ractae
2147 613 2157 628 ‚
2182 589 2310 624 aliunde
2325 590 2452 633 oportet

1409 646 1620 678 substantiam
1641 646 1838 685 mutuentur,
1855 645 1891 677 ut
1905 645 2006 678 torma
2025 640 2164 679 Socratis
2191 646 2345 680 naturalis
2363 647 2449 681 exsi-

1410 706 1516 745 stens,
1532 704 1772 744 comparatione
1789 703 1934 744 imaginis
1953 703 2046 737 velut
2063 705 2236 747 archetypa
2251 705 2374 748 speeies
2390 707 2450 741 est.

1408 765 1518 803 Imago
1534 764 1640 795 autem
1657 771 1697 794 ex
1715 765 1783 807 arte
1802 762 1906 802 iacta,
1922 764 1955 795 et
1969 762 2062 804 juxta
2087 763 2293 805 archetypam
2311 763 2451 806 speciem

1408 821 1563 862 effigiata,
1592 821 1653 853 nisi
1675 820 1791 854 habeat
1815 820 1931 854 silvam
1945 845 1955 862 ‚
1971 822 1999 854 si
2024 821 2153 863 quidem
2171 822 2230 855 erit
2250 822 2394 865 pictura,
2417 822 2451 856 id

1407 882 1474 920 est,
1490 880 1628 920 colores,
1644 879 1671 912 si
1690 881 1800 913 autem
1819 880 1932 913 tictura
1944 905 1953 920 ,
1966 880 1999 912 id
2019 882 2088 921 est,
2105 881 2226 923 lignum
2241 881 2292 914 vel
2307 889 2373 923 ωε,
2390 889 2452 915 ου·

1409 941 1548 979 teraeque
1563 938 1747 980 hujusmodi
1765 939 1988 980 supellectiles,
2004 939 2128 973 carebit
2146 941 2232 973 certa
2246 939 2451 982 perfectione.

1408 998 1517 1038 Igitur,
1537 998 1613 1038 quia
1635 997 1766 1030 sensiles
1792 1006 1921 1039 quoque
1945 999 2068 1039 species
2087 998 2243 1039 imagines
2272 1001 2348 1032 sunt
2373 1007 2450 1041 spe-

1406 1055 1528 1089 cierum
1545 1056 1810 1098 intelligibilium,
1825 1055 1911 1088 sicut
1928 1065 2014 1097 saepe
2030 1056 2099 1097 iam
2117 1057 2274 1098 diximus,
2295 1058 2329 1090 et
2343 1057 2385 1090 ab
2400 1057 2451 1090 iu·

1406 1114 1623 1156 telligibilibus
1641 1115 1855 1147 substantiam
1867 1115 2000 1148 trabunt
2017 1128 2026 1148 z
2041 1124 2100 1148 nec
2116 1115 2326 1148 substantiam
2342 1115 2451 1157 modo,

1407 1174 1463 1206 sed
1482 1174 1578 1206 etiam
1605 1173 1866 1214 similitudinem,
1891 1183 1973 1215 opus
1995 1177 2045 1207 est
2073 1174 2141 1216 liis,
2169 1173 2296 1216 opinor,
2313 1174 2395 1208 silva
2415 1173 2450 1208 iu

1406 1223 1470 1274 q'ua
1489 1233 1587 1274 fiant,
1605 1234 1637 1265 et
1650 1231 1866 1265 substantiam
1887 1233 2070 1265 sortiantur.

1448 1291 1670 1324 CCGXLVIH.
1682 1291 1803 1324 Deinde
1811 1291 1983 1332 interponit
1994 1291 2217 1324 auctoritatem
2225 1300 2316 1324 suam
2326 1291 2448 1332 dicens,

1448 1349 1548 1387 Οὗτος
1570 1351 1625 1391 μὲν
1645 1349 1698 1382 οὖν
1721 1351 1758 1389 δὴ
1779 1350 1866 1392 παρὰ
1882 1354 1936 1389 τῆς
1955 1351 2031 1391 ἐμῆς
2046 1351 2150 1392 ψήφου
2170 1351 2323 1395 λογισθεὶς
2347 1350 2379 1383 ἐν
2398 1360 2452 1383 κε·

1406 1409 1528 1451 φαλαίῳ
1551 1409 1688 1441 δεδόσθω
1706 1409 1814 1449 λόγος,
1828 1409 1862 1441 ὄν
1884 1420 1918 1441 τε
1941 1410 1993 1441 καὶ
2019 1410 2124 1452 χώραν
2139 1409 2193 1442 καὶ
2207 1410 2329 1451 γένεσιν
2350 1409 2449 1449 εἶναι,

1405 1467 1475 1510 τρία
1495 1471 1602 1509 τριχῇ,
1626 1468 1680 1500 καὶ
1699 1470 1768 1510 πρὶν
1783 1468 1911 1509 οὐρανὸν
1933 1468 2087 1508 γενέσθαι.

1449 1529 1533 1559 Haec
1549 1529 1600 1559 est
1618 1526 1757 1568 quidem
1777 1535 1858 1559 meae
1873 1527 2052 1559 sententiae
2068 1534 2165 1559 mens
2176 1550 2186 1567 ,
2209 1533 2282 1559 esse
2293 1550 2303 1567 ,
2317 1528 2352 1559 et
2367 1527 2452 1559 ante

1405 1585 1531 1617 mundi
1551 1594 1684 1627 quoque
1702 1585 1841 1618 sensilis
1860 1586 2125 1617 exornationem
2145 1584 2254 1623 fuisse
2269 1585 2342 1618 tria
2359 1583 2451 1624 Iiaec,

1406 1646 1578 1677 ezsistens
1589 1667 1599 1685 ,
1618 1644 1750 1683 locum,
1768 1645 2037 1686 qenerationem.

1447 1705 1544 1735 Suam
1577 1703 1741 1743 profitetur
1770 1702 1974 1734 sententiam.
2018 1702 2144 1734 Merito.
2188 1701 2303 1735 Nullus
2333 1701 2452 1744 quippe

1405 1763 1552 1794 veterum
1569 1761 1667 1794 etiam
1684 1762 1763 1793 tunc
1776 1760 1837 1793 tria
1851 1760 1921 1793 lioec
1937 1759 2229 1801 animadverterat,
2241 1759 2361 1802 quippe
2374 1768 2440 1801 quo

1405 1829 1477 1852 rum
1497 1820 1639 1861 plerique
1657 1820 1724 1851 sola
1738 1819 1860 1860 opinati
1878 1819 1955 1851 sunt
1977 1827 2047 1851 esse
2065 1818 2217 1859 sensilia,
2235 1820 2273 1850 ut
2291 1817 2451 1860 Empedo-

1404 1879 1488 1919 cles;
1506 1878 1560 1910 alii
1579 1878 1648 1910 sola
1660 1877 1892 1918 intelligibilia,
1908 1878 1944 1921 ut
1962 1876 2169 1910 Parmenides
2186 1888 2197 1909 ι
2214 1877 2328 1910 silvam
2340 1877 2452 1910 nullus

1404 1938 1538 1970 omnino
1556 1938 1663 1969 mente
1681 1937 1891 1977 conceperat,
1916 1937 1953 1969 ut
1968 1936 2037 1977 ipse
2056 1935 2138 1985 dixit
2160 1935 2194 1968 in
2217 1935 2450 1978 superioribus.

1404 1997 1482 2029 Vult
1500 1998 1608 2029 autem
1623 1995 1758 2036 intelligi
1773 1996 1942 2028 exsistens
1955 1994 2086 2036 quidem
2099 1994 2209 2028 ldeam
2221 1993 2451 2034 intelligibilem

1404 2054 1543 2096 speciem
1554 2078 1563 2095 ,
1580 2054 1693 2087 locum
1706 2055 1814 2087 autem
1829 2053 1946 2086 silvam
1958 2076 1968 2093 ,
1991 2054 2251 2094 qenerationem
2264 2060 2342 2085 vero
2353 2055 2441 2094 quan

1404 2114 1513 2146 titates
1530 2115 1562 2146 et
1576 2114 1725 2154 quantes,
1746 2114 1778 2145 et
1791 2114 1926 2146 caeteras
1951 2112 2085 2144 sensiles
2101 2110 2385 2144 conformationes.
2409 2108 2451 2144 nt

1404 2174 1572 2205 exsistens
1594 2172 1744 2214 quidem,
1765 2171 1841 2213 quia
1861 2172 1974 2212 suapte
1993 2172 2106 2203 natura
2128 2171 2182 2210 sit,
2203 2169 2354 2211 idemque
2380 2169 2452 2203 aliis
2485 2200 2488 2201 ⁷

1404 2242 1533 2275 quoque
1558 2233 1653 2266 rebus
1670 2241 1768 2265 causa
1779 2231 1953 2265 exsistendi
1967 2231 2020 2264 sit.
2046 2233 2171 2264 Locum
2187 2235 2265 2264 vero
2281 2233 2449 2272 propterea

1402 2292 1490 2333 quod
1520 2292 1601 2324 silva
1628 2291 1862 2332 receptaculum
1898 2291 1948 2323 est
1973 2298 2148 2330 corporum
2173 2291 2210 2322 et
2239 2288 2448 2331 qualitatum,

1403 2351 1656 2390 caeterorumque
1673 2348 1850 2381 sensilium.
1899 2349 2161 2380 Gener-ationem
2179 2355 2275 2388 porro
2292 2346 2368 2388 quia
2382 2346 2448 2379 boec

1401 2417 1467 2440 non
1481 2407 1536 2440 diu
1554 2408 1760 2450 perseverant
1771 2407 1804 2439 in
1819 2414 1885 2439 uno
1897 2406 1983 2439 statu
1993 2429 2004 2446 ,
2019 2405 2076 2439 sed
2091 2405 2153 2438 alia
2171 2413 2210 2438 ex
2225 2404 2297 2438 aliis
2311 2404 2449 2438 invicem

1401 2467 1625 2508 subrogantur.

1443 2527 1508 2564 Τὴν
1521 2526 1554 2558 δὲ
1567 2525 1718 2567 γενέσεως
1731 2525 1855 2564 τιθήνην
1871 2524 2095 2566 ὕγραινομὲνην
2110 2523 2165 2556 καὶ
2182 2521 2376 2566 πνρουμὲνην
2396 2522 2451 2556 καὶ

1401 2586 1455 2623 τὰς
1476 2590 1531 2626 γῆς
1552 2597 1587 2618 τε
1608 2586 1660 2618 καὶ
1685 2586 1775 2627 ἀέρος
1795 2585 1912 2627 μορφὰς
1935 2584 2118 2627 δεχομένην.

1444 2646 1638 2678 cccxfflx.
1662 2646 1782 2685 Iqicur
1801 2645 2060 2685 qenerationis,
2079 2641 2206 2683 inquit,
2233 2639 2448 2674 nutriculam

1402 2704 1599 2737 humectam
1612 2703 1721 2743 modo,
1739 2702 1839 2737 modo
1852 2705 2015 2744 iynitam,
2031 2704 2203 2743 terraeque
2214 2701 2298 2735 iton
2310 2701 2346 2734 et
2357 2700 2448 2734 aeris

1398 2762 1534 2801 formas
1551 2763 1806 2803 suscipientem.

1442 2820 1663 2854 Generationis
1693 2820 1888 2854 nutriculam
1907 2820 2023 2852 silvam
2047 2818 2228 2860 significat,
2252 2817 2328 2860 quia
2352 2815 2433 2859 qnid
2475 2834 2477 2837 f

1400 2877 1478 2918 quid
1505 2878 1660 2919 nascitur,
1684 2886 1850 2910 recursum
1879 2876 1976 2912 babet
2004 2876 2045 2909 ad
2075 2875 2225 2909 materias
2249 2873 2436 2916 principales
2458 2886 2475 2905 ο

1399 2936 1543 2969 Materiae
1564 2937 1693 2970 demum
1722 2936 1912 2977 principales
1937 2935 2013 2967 huic
2043 2935 2076 2967 in
2106 2937 2272 2976 acceptum
2293 2933 2439 2966 teruntur
2456 2949 2470 2967 ι

1400 2997 1527 3029 Etenim
1553 3005 1664 3030 earum
1690 2996 1835 3029 omnium
1861 2996 1941 3028 silva
1969 2995 2097 3036 nutrix,
2121 2994 2316 3035 easdemque
2330 2993 2434 3034 gestat

1401 3058 1609 3089 Humectam
1637 3055 1748 3096 modo,
1776 3054 1876 3087 modo
1907 3056 2070 3094 tonitam.
2114 3055 2222 3086 Recte.
2265 3054 2335 3086 Non
2360 3047 2445 3084 enin·

1399 3114 1467 3155 ipsa
1491 3115 1571 3147 silva
1595 3115 1646 3147 vel
1665 3115 1881 3154 humectatur,
1907 3113 1958 3146 vel
1987 3113 2117 3154 ignitur,
2146 3110 2427 3144 immutationemv

1387 3171 1518 3213 patitur
1541 3174 1651 3206 ullam.
1696 3173 1836 3206 Omnino
1867 3172 1954 3205 euim
1983 3173 2031 3204 est
2060 3169 2357 3209 incommutabilis,
2383 3176 2442 3201 nec·

1396 3225 1542 3265 'declinat
1567 3241 1585 3264 a
1606 3234 1721 3265 natura
1737 3240 1815 3274 sua,
1839 3231 1894 3264 sed
1915 3233 1953 3264 ut
1973 3239 2047 3272 quae
2064 3229 2198 3271 'recipiat
2219 3227 2390 3270 qualitates
2407 3227 2440 3260 et

1399 3289 1597 3327 quantitates
1623 3276 1790 3327 humoris,
1816 3290 1850 3321 et
1869 3288 1947 3320 item
1975 3286 2114 3325 caloris,
2140 3283 2317 3318 humectari
2346 3283 2441 3325 atque

1398 3346 1490 3386 igniri
1507 3348 1648 3388 putatur.
1694 3347 1852 3388 Explanat
1868 3345 2066 3386 evidentius,
2079 3352 2154 3377 cnm
2169 3343 2313 3384 adjungit
2330 3354 2340 3376 ι

1438 3407 1500 3438 Καὶ
1519 3407 1574 3443 τὰς
1594 3410 1650 3448 γῆς
1676 3418 1711 3440 τε
1732 3407 1786 3440 καὶ
1822 3406 1910 3448 ἀέρος
1940 3404 2057 3447 μορφὰς
2079 3402 2270 3446 δεχομένην,
2299 3403 2352 3435 καὶ
2379 3401 2423 3436 ὅσ

1396 3465 1516 3503 τούτοις
1531 3466 1610 3499 ἄλλα
1629 3466 1710 3505 πάθη
1730 3466 1890 3504 ξυνέπεται
1900 3487 1911 3506 ,
1927 3464 2126 3506 πάσχουσαν.
