2606 3828
380 255 456 289 398

376 338 491 377 initio
519 337 613 375 libri
631 336 667 375 Il
688 332 997 374 Memorabilium
1026 331 1257 381 Aristippeae
1281 329 1328 367 de
1348 343 1418 367 vo-

376 399 521 450 luptate
536 397 723 435 doctrinae
737 394 904 431 Socratis
920 402 1151 437 sermonem,
1166 389 1233 439 qui
1249 402 1334 426 cum
1349 402 1420 427 vo-

375 458 545 510 luptario
560 453 797 508 philosopho
817 450 971 489 habitus
990 462 1074 487 esse
1096 448 1272 497 tingitur,
1295 461 1419 500 oppo-

376 518 445 555 nit.
459 516 562 562 Quin
577 515 689 553 etiam
708 510 938 548 Theodorus
951 509 992 546 in
1013 507 1118 545 libro
1138 507 1187 545 de
1201 507 1315 545 sectis
1329 520 1417 546 eum

374 574 621 627 vituperavit,
635 581 671 610 et
686 571 795 608 Plato
809 568 860 621 (7)
877 570 918 606 in
935 567 1127 605 Phaedone
1146 580 1185 618 p.
1203 566 1254 617 59
1273 566 1420 605 Cvide-

376 645 438 674 tur
456 631 750 685 reprehendere,
770 628 876 679 quod
893 626 1077 665 morienti
1099 625 1249 664 Socrati
1266 639 1344 664 non
1367 628 1420 665 af-

377 694 504 733 fuerit.
526 691 634 729 Adde
669 688 890 727 Aristotelis
917 687 967 738 (8)
989 687 1116 724 locum
1147 685 1257 724 Rhet.
1287 685 1359 726 lib.
1382 686 1418 725 ΙΙ

376 767 459 804 cap.
478 752 525 789 23
545 765 553 788 :
573 767 589 784 a
606 754 685 787 Aut
698 746 1023 798 quemadmodum
1039 744 1265 795 Aristippus
1281 744 1417 783 adver·-

374 825 439 851 sus
465 811 661 847 Platonem
686 805 972 844 asseverantius
997 803 1182 855 quiddam
1211 802 1420 854 proferen-

374 881 465 918 tem,
478 866 684 919 utputabat
699 880 707 902 :
720 869 769 902 At
776 879 866 902 vero
879 866 1105 910 sodalisille,
1121 863 1263 913 inquit,
1273 872 1407 908 noster,

373 932 471 967 nihil
484 930 574 974 tale,
587 927 783 964 Socratem
798 925 1038 974 significans.
1056 940 1072 956 ν
1083 926 1133 961 At
1146 922 1209 960 his
1222 923 1418 960 narratio-

373 988 491 1027 nibus
522 999 601 1032 non
633 985 798 1023 multum
832 983 1058 1022 tribuimus.
1098 981 1190 1019 Erat
1226 981 1277 1030 (9)
1314 981 1417 1019 enim

373 1047 599 1098 Aristippus
613 1043 798 1083 omnibus
824 1044 936 1091 locis,
959 1040 1218 1092 temporibus,
1240 1039 1418 1091 homini-

371 1108 446 1145 bus
462 1103 790 1151 accommodatus,
807 1102 903 1140 adeo
924 1110 967 1140 ut
979 1099 1194 1152 quamlibet
1208 1112 1417 1151 personam

373 1175 461 1218 apte
481 1163 674 1203 sustinere
702 1169 849 1214 posset.
870 1161 947 1207 Qui
968 1159 1148 1211 quamvis
1173 1158 1290 1196 rebus
1317 1171 1417 1209 prae-

371 1225 544 1265 sentibus
565 1223 833 1269 delectaretur,
851 1220 1078 1259 absentibus
1098 1226 1226 1257 tamen
1244 1217 1322 1255 frui
1338 1231 1417 1256 non

369 1284 585 1324 laborabat.
605 1285 850 1333 Quapropter
875 1280 988 1319 etiam
1018 1292 1099 1330 prae
1134 1277 1284 1316 caeteris
1315 1277 1419 1315 Dio-

370 1345 475 1397 nysii
503 1343 660 1395 tyranni
684 1343 807 1392 gratia
835 1341 988 1387 floruit,
1012 1338 1179 1389 ideoque
1205 1351 1227 1376 a
1244 1337 1420 1386 Diogene

369 1404 500 1455 regius
537 1402 643 1441 canis
675 1401 890 1452 appellatus
927 1407 998 1437 est.
1049 1397 1240 1447 Recteque
1273 1395 1416 1434 Timon

369 1463 565 1503 Phliasius
586 1460 662 1514 (to)
683 1461 725 1498 in
740 1460 849 1498 Sillis
874 1459 923 1497 de
939 1472 985 1496 eo
1018 1457 1176 1508 scripsit
1207 1469 1216 1492 ε
1241 1464 1280 1492 ut
1298 1459 1421 1493 mollis

371 1526 551 1573 Aristippi
567 1530 703 1558 natura
723 1528 822 1556 tactu
825 1518 975 1566 fabrum
992 1530 1016 1554 a
1031 1529 1121 1553 vero
1140 1517 1395 1552 discernemus.

426 1581 486 1618 Ex
506 1580 554 1617 iis
574 1592 660 1630 quae
688 1577 791 1629 apud
820 1577 1022 1614 Platonem
1043 1574 1086 1612 in
1111 1573 1307 1611 Phaedone
1328 1573 1355 1611 1.
1379 1587 1416 1614 c.

371 1641 552 1690 leguntur
583 1646 702 1689 patet,
740 1636 986 1687 Aristippum
1013 1634 1118 1672 circa
1147 1632 1418 1683 Olympiadem

373 1699 422 1749 95
443 1700 485 1736 in
504 1698 633 1735 insula
652 1697 788 1746 AEgina
806 1703 1002 1733 versatum
1028 1705 1133 1742 esse,
1155 1691 1210 1729 ita
1228 1699 1272 1728 ut
1290 1699 1418 1729 extre-

373 1759 446 1796 mis
485 1757 661 1807 magistri
705 1756 914 1804 colloquiis
951 1762 1157 1804 antequam
1202 1759 1420 1788 moreretur

373 1831 459 1856 cum
479 1816 626 1855 caeteris
655 1813 938 1864 condiscipulis
969 1812 1047 1850 frui
1067 1824 1146 1849 non
1165 1818 1310 1861 posset.
1334 1809 1420 1847 Huc

372 1875 541 1922 accedit,
579 1873 684 1925 quod
712 1872 915 1910 Athenaeus
946 1871 978 1921 (1
992 1871 1024 1922 1)
1056 1878 1190 1908 auctor
1227 1878 1293 1914 est,
1330 1869 1420 1907 Ari-

373 1935 545 1986 stippum
564 1932 773 1984 quotannis
790 1932 832 1968 in
847 1930 979 1968 eadem
997 1930 1127 1967 insula
1138 1930 1343 1968 luxuriose
1358 1928 1419 1965 vi·

371 2002 524 2033 ventem
543 2006 630 2031 cum
648 1991 767 2029 Laide
784 1989 987 2028 meretrice
1011 1988 1117 2026 ludis
1130 1987 1419 2041 Neptunalibus

372 2062 472 2091 totos
492 2051 575 2090 dies
602 2050 793 2102 posuisse.
826 2048 870 2086 Id
898 2060 992 2085 vero
1029 2047 1163 2085 multis
1195 2045 1413 2098 displicuit.

371 2109 638 2163 Exprobranti
669 2109 791 2159 igitur
822 2107 974 2145 homini
995 2105 1150 2144 cuidam
1186 2104 1282 2157 (12),
1314 2102 1420 2155 quod

370 2232 579 2274 Ἀρίστιππον.
592 2229 646 2262 Ἐν
660 2232 734 2269 γοῦν
747 2231 792 2270 τῷ
806 2228 874 2269 περὶ
895 2229 998 2268 ψυχῆς
1007 2225 1181 2258 διαὸάλλων
1200 2225 1294 2257 αὐτόν
1312 2238 1418 2267 φησιν,

371 2280 419 2311 ὅτι
442 2279 479 2311 οὐ
502 2277 685 2319 παρεγένετο
707 2276 865 2316 Σωκράτει
884 2276 1084 2313 τελευτῶντι,
1107 2274 1174 2305 ἀλλ’
1201 2273 1233 2304 ἐν
1252 2273 1362 2315 Αἰγίνῃ
1383 2274 1421 2313 ἦν

371 2329 424 2360 καὶ
453 2327 613 2366 σύνεγγυς.
632 2342 674 2347 —
690 2324 734 2365 (7)
761 2324 851 2355 Plato
870 2322 981 2355 Pliaed.
1005 2331 1037 2363 p.
1060 2326 1098 2354 59
1112 2323 1137 2353 C
1158 2334 1165 2353 t
1185 2323 1255 2354 EX.
1283 2323 1321 2355 Τί
1346 2322 1420 2363 δαί;

370 2375 567 2417 Ἀρίστιππος
582 2372 636 2404 καὶ
653 2371 867 2412 Κλεόμβροτος
888 2370 1114 2412 παρεγένοντο;
1131 2370 1244 2401 ΦΑῙΔ.
1266 2370 1313 2401 Οὐ
1329 2369 1419 2409 δῆτα,

371 2424 402 2455 ἐν
423 2419 532 2462 Αἰγίνῃ
553 2419 612 2461 γὰρ
628 2418 767 2459 ἐλέγοντο
787 2418 877 2450 εἶναι.
907 2435 942 2444 -ι
965 2418 1010 2458 (8)
1033 2415 1219 2449 Aristoteles
1242 2416 1334 2448 Rhet.
1365 2416 1420 2449 tib.

373 2471 403 2502 11
420 2477 490 2508 cap.
512 2469 571 2506 23,
591 2474 661 2507 pag.
686 2468 764 2496 1398
793 2463 814 2496 b
833 2463 884 2496 ed.
916 2462 1055 2495 Bekker.
1080 2475 1088 2495 ι
1108 2464 1127 2500 ἢ
1147 2465 1189 2500 ὡς
1221 2462 1420 2504 Ἀρίστιππος

373 2517 449 2558 πρὸς
462 2513 618 2547 Πλάτωνα
632 2510 935 2552 ἑπαγγελτικώτερόν
952 2521 981 2542 τι
995 2510 1141 2550 εἰπόντα,
1157 2512 1200 2547 ὡς
1217 2511 1310 2552 ᾤετο·
1330 2511 1420 2543 Ἀλλὰ

374 2564 433 2604 μὴν
464 2562 481 2594 ὅ
506 2561 535 2602 γ’
563 2562 681 2601 ἑταῖρος
705 2561 816 2599 ἡμῶν,
839 2558 896 2597 ἔφη
910 2582 918 2598 ,
943 2558 1030 2590 οὐθὲν
1058 2561 1198 2590 τοιοῦτον
1212 2582 1221 2598 ,
1243 2558 1342 2598 λέγων
1367 2559 1420 2591 τὸν

374 2609 554 2650 Σωκράτην.
571 2626 609 2633 -
628 2607 673 2648 (9)
695 2606 854 2646 Diogenes
874 2605 1017 2638 Laertius
1038 2605 1093 2637 lib.
1107 2607 1150 2645 ΙΙ,
1167 2610 1206 2638 66
1228 2605 1285 2645 εῆν
1299 2606 1332 2638 δὲ
1349 2608 1420 2638 ἰκα-

373 2658 423 2693 νὸς
453 2655 650 2696 ἁρμόσασθαι
677 2653 730 2685 καὶ
759 2653 848 2694 τόπῳ
875 2653 928 2684 καὶ
958 2651 1061 2693 χρόνῳ
1093 2653 1145 2683 καὶ
1171 2653 1345 2694 προσώπῳ,
1366 2654 1419 2685 καὶ

374 2707 480 2736 πᾶσαν
507 2701 689 2742 περίστασιν
718 2701 874 2740 ἁρμονίως
896 2699 1137 2740 ὑποκρίνασθαι.
1168 2701 1225 2732 Διὸ
1247 2701 1301 2731 καὶ
1334 2703 1420 2741 παρὰ

376 2749 534 2790 Διονυσίῳ
551 2751 613 2779 τῶν
631 2747 731 2779 ἄλλων
748 2747 905 2788 εὐδοκίμει
925 2747 1051 2787 μᾶλλον,
1066 2747 1114 2778 ἀεὶ
1131 2748 1167 2779 τὸ
1185 2749 1366 2788 προσπεσόν
1387 2747 1421 2779 εὗ

377 2798 592 2837 διατιθέμενος.
621 2794 767 2826 Ἀπέλαυε
783 2793 838 2833 μὲν
866 2793 925 2834 γὰρ
951 2794 1062 2832 ἡδονῆς
1081 2798 1143 2826 τῶν
1168 2794 1344 2835 παρόντων,
1364 2796 1422 2827 οὐκ

379 2846 471 2886 ἐθήρα
494 2843 527 2875 δὲ
546 2842 632 2882 πόνῳ
657 2842 712 2878 τὴν
741 2840 917 2872 ἀπόλαυσιν
942 2844 1004 2872 τῶν
1021 2842 1058 2872 οὗ
1076 2841 1250 2882 παρόντων·
1279 2842 1348 2874 ὅθεν
1368 2843 1421 2874 καὶ

381 2891 528 2931 Διογένης
550 2889 710 2930 βασιλικὸν
727 2888 806 2920 κύνα
819 2888 919 2927 ἔλεγεν
938 2888 1044 2920 αὐτόν.
1063 2888 1101 2920 Ὁ
1118 2890 1149 2920 δὲ
1166 2888 1273 2929 Τίμων
1290 2891 1423 2930 παρέφα-

376 2951 429 2981 γεν
455 2940 497 2974 ὡς
517 2935 740 2978 θρυπτόμενον,
759 2935 877 2966 οὑτωσί
897 2946 965 2971 πως
981 2935 1089 2966 εἰπών·
1108 2935 1159 2966 οἷά
1175 2936 1201 2967 τ’
1219 2934 1423 2975 Ἀριστίππου

377 2987 506 3030 τρυφερὴ
519 2985 606 3025 φύσις
627 2981 849 3023 ἀμφαφόωντος
868 2980 976 3020 ψεύδη.
998 2983 1150 3014 Horatius
1171 2982 1224 3014 tib.
1249 2984 1258 3013 l
1279 2983 1377 3023 Epist.
1394 2984 1421 3023 1,

381 3039 439 3067 18:
462 3036 557 3066 Nune
573 3031 605 3063 in
623 3029 776 3070 Aristippi
803 3029 911 3061 furtim
938 3031 1095 3069 praecepta
1118 3029 1261 3068 relabor,
1284 3031 1317 3062 et
1340 3031 1418 3063 mihi

378 3091 451 3121 res,
479 3089 542 3112 non
565 3087 616 3110 me
642 3076 740 3109 rebus
766 3076 958 3116 subjungere
976 3085 1094 3116 conon-3
1116 3079 1148 3110 et
1175 3079 1280 3116 XVII.
1309 3084 1421 3119 23-243

380 3128 493 3161 Omnis
512 3126 708 3166 Aristippum
722 3124 830 3156 decuit
842 3124 928 3156 color
942 3125 975 3156 et
992 3126 1093 3156 status
1106 3127 1138 3157 et
1154 3134 1221 3165 res3
1243 3128 1420 3160 tentantem

380 3177 513 3216 maiora,
530 3175 593 3207 tere
606 3171 817 3214 praesentibus
826 3172 1085 3212 iriquum—(10)
1099 3172 1171 3204 Vid.
1184 3173 1303 3205 Philos.
1315 3175 1417 3209 Graec.

380 3224 488 3263 fragm.
513 3222 579 3253 vot.
597 3223 613 3253 I
633 3229 702 3260 pag.
734 3222 787 3251 89.
808 3236 849 3242 —
870 3219 936 3259 (11)
954 3220 1129 3252 Athenaeus
1148 3220 1202 3251 lib.
1225 3223 1286 3253 xil
1310 3231 1339 3262 p.
1363 3225 1422 3256 544

380 3272 406 3302 l')
423 3280 431 3301 :
450 3270 603 3310 Διέτριὸεν
620 3269 638 3299 ὁ
653 3266 851 3308 Ἀρίστιππος
863 3266 902 3298 τὰ
921 3267 1020 3299 πολλὰ
1039 3267 1069 3298 ἐν
1085 3267 1194 3308 Αἰγίνῃ
1213 3273 1345 3310 τρυφῶν.
1364 3271 1421 3303 Διὸ

378 3318 430 3347 καὶ
448 3318 464 3348 ὁ
479 3318 625 3357 Ξενοφῶν
641 3315 671 3347 ἐν
684 3317 750 3351 τοῖς
774 3313 1086 3355 Ἀπομνημονεύμασί
1105 3325 1197 3354 φησιν
1210 3315 1257 3347 ὅτι
1275 3317 1422 3355 πολλάκις

379 3365 526 3395 ἐνουθέτει
551 3363 646 3394 αὐτὸν
660 3363 677 3394 ὁ
700 3361 885 3402 Σωκράτης,
902 3362 955 3392 καὶ
977 3362 1032 3395 τὴν
1048 3362 1212 3399 ἠθοποιίαν
1229 3363 1351 3400 πλάσας
1368 3369 1422 3403 τῆς

378 3409 495 3451 Ἀρετῆς
520 3410 572 3441 καὶ
595 3413 648 3447 τῆς
673 3409 803 3447 Ἡδονῆς
827 3409 962 3448 εἰσῆγεν.
989 3408 1025 3440 Id
1048 3408 1101 3439 lib.
1128 3410 1217 3449 xm,
1235 3420 1266 3451 p.
1291 3413 1350 3442 588
1369 3413 1417 3447 E:

381 3457 567 3497 Αρίστιππος
587 3456 619 3487 δὲ
638 3457 706 3487 κατ’
729 3456 796 3491 ἔτος
823 3455 1042 3497 συνδιημέρευε
1059 3455 1152 3488 Λαίδι
1175 3457 1206 3487 ἐν
1235 3457 1343 3497 Αἰγίνῃ
1358 3462 1421 3495 τοῖς

1044 238 1455 281 CYRENAlCORUM
1485 238 1826 279 FRAGMENTA.

1480 329 1720 368 meretricem
1759 329 2076 370 contubernalem
2105 330 2286 381 haberet,
2322 332 2521 384 Numquid

1478 388 1650 436 interest,
1673 389 1816 440 inquit,
1839 398 1968 428 utrum
1992 390 2149 429 domum
2178 391 2366 443 accipias,
2385 391 2428 430 in
2447 404 2525 444 qua

1479 446 1592 486 multi
1619 448 1831 499 aliquando
1859 448 2145 498 habitaverint,
2165 463 2215 488 an
2244 450 2369 503 illam,
2386 450 2429 489 in
2447 463 2527 502 qua

1479 507 1620 544 nemo?
1639 506 1809 557 Negante
1823 507 1909 555 illo,
1929 508 2049 556 Quid,
2070 508 2216 560 inquit,
2231 522 2325 548 num
2339 512 2526 549 interesse

1478 574 1613 617 putas,
1634 559 1764 604 utrum
1797 579 1842 605 ea
1875 567 1967 605 navi
2000 567 2180 615 veharis,
2216 581 2294 619 qua
2327 568 2526 610 innumeri
2559 595 2567 602 .

1479 624 1573 663 olim
1602 625 1896 676 navigaverint,
1922 639 1971 664 an
1998 639 2055 674 ea,
2078 639 2156 678 qua
2178 628 2320 665 nemo?
2340 627 2526 676 Minime,

1477 684 1609 735 inquit
1624 685 1705 726 ille.
1724 684 1840 735 Ergo,
1865 686 1935 736 ait,
1951 685 2050 724 nihil
2073 686 2257 735 interest,
2281 695 2414 726 utrum
2435 700 2524 727 cum

1479 744 1643 782 muliere
1668 757 1911 793 consuescas,
1933 758 2020 783 cum
2037 759 2114 797 qua
2141 745 2254 785 multi
2276 759 2360 785 rem
2374 746 2526 787 habue-

1479 803 1579 851 rint,
1604 816 1653 841 an
1670 817 1757 841 cum
1778 804 1846 843 illa
1865 818 1952 856 quae
1975 817 2058 843 sese
2088 805 2237 844 nemini
2265 805 2524 858 prostituerit.

1483 861 1677 900 Praeterea
1708 876 1829 913 quum
1857 863 2132 915 objurgaretur
2167 864 2267 917 (13),
2297 864 2404 916 quod
2438 879 2526 906 cum

1484 919 1603 958 Laide
1618 934 1699 959 rem
1720 921 1880 960 haberet
1893 951 1904 970 ,
1919 925 2066 968 Habeo,
2090 923 2235 975 inquit,
2256 920 2435 971 Laidem,
2454 938 2528 963 non

1481 979 1624 1017 habeor
1635 982 1685 1018 ab
1704 982 1787 1018 illa.
1809 980 1904 1019 Nam
1926 981 2209 1033 cupiditatibus
2228 982 2436 1035 imperare,
2456 996 2528 1023 nec

1480 1038 1631 1076 servire
1645 1038 1716 1089 eis,
1737 1039 1943 1091 pulchrum
1964 1053 2062 1088 esse,
2084 1054 2163 1078 non
2182 1040 2354 1092 abjicere
2372 1055 2526 1082 omnem

1480 1097 1748 1148 cupiditatem.
1786 1098 1906 1138 Nemo
1937 1107 2066 1137 autem
2101 1100 2259 1149 gravius
2285 1100 2528 1154 vituperavit

1480 1156 1741 1208 Aristippum,
1767 1171 1883 1209 quam
1912 1157 2136 1197 Lactantius
2165 1159 2223 1197 De
2252 1159 2336 1198 fals.
2359 1161 2527 1213 sapient.

1480 1218 1549 1265 ΙΙΙ,
1577 1218 1638 1259 15.
1669 1219 1708 1258 Is
1733 1220 1837 1258 enim
1860 1235 1869 1258 z
1891 1220 1954 1258 «Ο
1972 1221 2179 1272 praeclara,
2196 1221 2343 1273 inquit,
2373 1231 2414 1262 et
2438 1223 2528 1262 imi-

1481 1278 1597 1316 tanda
1614 1278 1732 1318 bonis
1761 1280 1973 1331 sapientia!
1996 1280 2088 1318 huic
2113 1293 2208 1319 vero
2228 1280 2376 1321 liberos
2405 1283 2530 1322 indi-
2590 1296 2592 1298 ’

1481 1339 1686 1390 sciplinam
1704 1339 1828 1384 dares,
1849 1348 1892 1377 ut
1908 1339 2102 1378 discerent
2115 1338 2259 1378 habere
2271 1343 2526 1383 meretricem.

1481 1397 1644 1448 Aliquid
1664 1398 1766 1436 inter
1785 1411 1826 1436 se
1852 1411 1896 1436 ac
1924 1398 2101 1450 perditos
2133 1398 2322 1438 interesse
2349 1399 2527 1451 dicebat;

1480 1456 1630 1495 scilicet
1645 1456 1751 1508 quod
1765 1457 1826 1496 illi
1840 1456 1945 1495 bona
1965 1470 2035 1496 sua
2054 1456 2283 1509 perderent,
2306 1458 2392 1511 ipse
2408 1461 2531 1510 gratis

1480 1515 1759 1556 luxuriaretur.
1783 1516 1830 1554 In
1859 1529 1937 1567 quo
1967 1516 2185 1567 sapientior
2215 1517 2404 1556 meretrix
2433 1518 2528 1567 fuit,
2579 1551 2582 1553 .

1481 1588 1569 1626 quae
1595 1576 1652 1614 sic
1678 1575 1956 1627 philosophum
1989 1575 2127 1614 habuit
2145 1589 2219 1627 pro
2240 1576 2395 1628 lenone,
2418 1586 2462 1616 ut
2480 1578 2529 1616 ad

1480 1647 1521 1673 se
1541 1635 1670 1674 omnis
1687 1635 1890 1686 juventus,
1917 1636 2090 1674 doctoris
2107 1635 2287 1688 exemplo
2308 1645 2346 1675 et
2362 1638 2530 1677 auctori·
2582 1675 2583 1678 ,

1481 1703 1556 1734 tate
1593 1704 1799 1746 corrupta,
1835 1695 1920 1734 sine
1954 1695 2037 1734 ullo
2074 1695 2226 1747 pudore
2263 1707 2527 1739 concurreret.

1480 1753 1585 1800 Quid
1609 1767 1702 1804 ergo
1722 1754 1926 1802 interfuit,
1943 1768 2022 1805 quo
2040 1755 2170 1792 animo
2201 1753 2462 1806 philosophus
2481 1757 2529 1795 ad

1482 1814 1725 1851 meretricem
1763 1813 2061 1851 famosissimam
2107 1822 2362 1866 commearet,
2377 1812 2524 1866 *quum

1482 1885 1569 1909 eum
1592 1872 1763 1923 populus
1801 1879 1839 1909 et
1871 1872 2018 1910 rivales
2048 1873 2108 1910 sui
2134 1871 2315 1910 viderent
2343 1873 2531 1913 omnibus

1482 1930 1645 1981 perditis
1673 1929 1928 1981 nequiorem?
1959 1930 2037 1968 Nec
2066 1930 2160 1968 satis
2183 1929 2256 1967 fuit
2285 1930 2342 1968 ita
2367 1931 2528 1980 vivere3

1482 1989 1549 2027 sed
1565 1990 1708 2027 docere
1725 1990 1841 2027 etiam
1860 1989 2046 2028 libidines
2066 1989 2185 2040 coepit
2197 2017 2208 2036 ‚
2226 2001 2272 2027 ac
2292 2002 2420 2028 mores
2438 2003 2530 2030 suos

1481 2048 1528 2086 de
1561 2049 1742 2100 lupanari
1775 2049 1823 2086 ad
1857 2048 2028 2086 scholam
2052 2048 2277 2099 transtulit,
2311 2048 2527 2099 disserens,

1482 2108 1718 2159 voluptatem
1737 2108 1918 2160 corporis
1931 2121 2015 2146 esse
2035 2121 2230 2146 summum
2250 2107 2415 2149 bonum.
2429 2109 2524 2156 Quae
2578 2147 2581 2150 .

1482 2167 1662 2205 doctrina
1690 2166 1942 2205 exsecrabilis
1962 2175 1999 2204 et
2026 2166 2209 2218 pudenda
2238 2179 2318 2204 non
2343 2167 2386 2206 in
2416 2169 2531 2208 corde
2580 2182 2581 2185 ’

1481 2226 1731 2278 philosophi,
1762 2226 1829 2264 sed
1857 2226 1899 2264 in
1927 2226 2017 2264 sinu
2048 2226 2264 2264 meretricis
2297 2234 2355 2264 est
2384 2235 2486 2266 nata.
2509 2246 2525 2263 n
2575 2249 2577 2251 >

1480 2368 1716 2404 Ποσειδωνίοις.
1726 2387 1764 2397 -
1777 2367 1843 2408 (12)
1856 2368 2016 2408 Diogenes
2029 2368 2178 2401 Laertius
2188 2368 2245 2402 lib.
2259 2369 2303 2410 11,
2313 2371 2353 2402 74
2365 2381 2376 2403 ι
2389 2369 2468 2413 πρὸς
2476 2371 2530 2404 τὸν

1480 2417 1680 2457 αἰτιώμενον,
1694 2416 1742 2448 ὅτι
1760 2416 1869 2458 ἑταίρᾳ
1881 2418 2022 2448 συνοικεῖ
2031 2439 2042 2454 ,
2065 2414 2143 2457 Ἀρά
2155 2426 2193 2458 γε
2202 2439 2212 2456 ,
2227 2416 2314 2448 εἶπεν
2323 2442 2333 2458 ,
2354 2418 2399 2456 μή
2412 2428 2444 2451 τι
2467 2419 2527 2452 διε-

1479 2463 1586 2503 νέγκαι
1601 2463 1703 2495 οἰκίαν
1714 2463 1820 2495 λαὸεῑν
1833 2487 1842 2503 ,
1865 2464 1896 2495 ἐν
1919 2462 1939 2503 ἧ
1956 2462 2066 2495 πολλοί
2086 2474 2163 2495 ποτε
2182 2463 2334 2505 ᾤκησαν,
2360 2465 2382 2504 ἢ
2402 2465 2528 2507 μηδείςς

1479 2511 1630 2547 Εἰπόντος
1643 2511 1695 2551 δέ,
1715 2510 1763 2542 οὗ·
1787 2510 1826 2542 Τί
1846 2511 1896 2549 δέ,
1914 2511 2048 2543 πλεῦσαι
2062 2510 2094 2542 ἐν
2115 2511 2187 2551 νηΐ,
2205 2510 2226 2551 ἢ
2243 2511 2347 2552 μυρίοι
2367 2513 2445 2545 ποτὲ
2466 2514 2526 2546 ἐνὲ·
2576 2521 2579 2523 ’

1480 2559 1616 2590 πλευσαν
1629 2581 1638 2598 ‚
1658 2558 1678 2596 ἢ
1692 2556 1770 2598 μηδὲ
1794 2557 1836 2594 εἷς
1854 2557 2010 2598 οὐδαμῶς·
2034 2555 2099 2588 οὐδ’
2120 2557 2181 2599 ἄρα
2197 2557 2340 2598 γυναικί,
2359 2558 2436 2600 ἔφη,
2458 2570 2530 2592 συν·
2573 2562 2579 2598 s

1479 2610 1576 2646 εἶναι,
1597 2604 1618 2645 ἦ
1645 2604 1753 2636 πολλοὶ
1780 2604 1964 2645 κέχρηνται,
1989 2605 2010 2642 ἢ
2029 2601 2146 2643 μηδείς.
2173 2603 2248 2636 Vid.
2279 2604 2390 2644 fragm.
2411 2607 2464 2638 28.
2486 2622 2530 2631 —
2576 2606 2579 2607 ⁷

1481 2654 1542 2694 (13)
1566 2652 1722 2692 Diogenes
1740 2651 1882 2683 Laertius
1896 2651 1952 2684 tib.
1968 2654 2013 2692 ΙΙ,
2032 2654 2072 2684 75
2085 2660 2092 2682 :
2107 2651 2184 2692 πρὸς
2200 2650 2273 2688 τοὺς
2293 2653 2530 2695 μεμφομένους,

1480 2702 1527 2733 ὅτι
1547 2703 1658 2741 ἐχρῆτο
1676 2699 1770 2731 Λαΐδι
1789 2702 1829 2739 τῇ
1857 2699 1982 2741 ἑταίρᾳ,
2011 2699 2082 2740 ἔφη·
2106 2698 2198 2740 Ἐχω
2222 2698 2350 2740 Λαίδα,
2375 2700 2445 2732 ἀλλ’
2472 2701 2531 2734 οὐκ

1481 2749 1604 2789 ἔχομαι·
1630 2746 1750 2778 ἐπεὶ“τὸ
1776 2748 1902 2788 κρατεῖν
1926 2747 1981 2777 καὶ
2004 2746 2048 2786 μή
2068 2745 2221 2783 ἡττᾶσθαι
2244 2746 2366 2783 ἡδονῶν
2391 2747 2530 2790 ἄριστον,

1480 2798 1517 2829 οὐ
1533 2797 1568 2829 τὸ
1586 2796 1629 2836 μή
1649 2795 1795 2837 χρῆσθαι.
1812 2794 1987 2827 Athenaeus
2005 2793 2060 2826 tib.
2077 2793 2140 2825 xil
2159 2801 2190 2832 ρ.
2212 2794 2272 2824 544
2285 2794 2314 2825 D
2328 2802 2338 2825 :
2352 2794 2371 2826 ὁ
2383 2793 2532 2836 Ἀρίστιπ-

1482 2855 1537 2881 πος
1556 2844 1606 2876 ἐπὶ
1619 2847 1673 2880 τῆς
1690 2841 1808 2877 Λαΐδος
1816 2841 1928 2882 ἔλεγεν·
1948 2841 2038 2881 Ἐχω
2053 2841 2106 2871 καὶ
2125 2839 2183 2872 οὐκ
2202 2838 2327 2881 ἔχομαι.
2342 2841 2530 2876 Lactantius

1481 2893 1529 2924 De
1549 2890 1621 2923 sals,
1643 2890 1781 2931 sapient.
1799 2890 1860 2930 111,
1890 2892 1927 2921 15
1950 2887 2146 2928 :Aristippm
2157 2886 2410 2927 Cyrenaicorum
2426 2891 2532 2931 magi-

1481 2943 1549 2971 stro
1559 2962 1568 2978 ‚
1581 2946 1656 2970 eum
1670 2936 1768 2969 Laide
1784 2935 1885 2968 nobili
1901 2942 2009 2968 scorto
2027 2934 2086 2967 tuit
2098 2933 2301 2966 consuetudo
2311 2945 2323 2975 ς
2335 2935 2422 2976 quod
2439 2935 2529 2979 flagi.

1482 2987 1564 3019 tium
1588 2983 1696 3025 gravis
1722 2983 1776 3016 ille
1799 2982 2014 3025 philosophiae
2044 2981 2160 3014 doctor
2186 2981 2234 3013 sic
2252 2981 2467 3022 defendebat,
2492 2987 2529 3019 ut

1482 3033 1612 3072 diceret,
1629 3030 1768 3063 muttum
1785 3029 1869 3062 inter
1889 3037 1925 3062 se
1936 3030 1968 3062 et
1981 3030 2117 3062 caeteros
2132 3026 2236 3060 Laidis
2252 3030 2414 3062 amatores
2425 3029 2526 3064 inter-

1481 3088 1565 3119 esse,
1585 3078 1673 3120 quod
1691 3077 1760 3119 ipse
1783 3077 1916 3109 haberet
1930 3076 2057 3109 Laidem
2069 3100 2078 3115 ‚
2095 3074 2151 3107 atii
2170 3083 2246 3106 vero
2259 3083 2279 3106 a
2304 3076 2404 3109 Laide
2429 3077 2527 3112 babe-

1482 3128 1601 3160 rentur.
1623 3126 1772 3158 Clemens
1788 3124 2025 3158 Alexandrinus
2038 3125 2158 3156 Sti-om.
2174 3123 2207 3154 11
2225 3131 2258 3164 p.
2276 3124 2336 3155 411
2349 3125 2399 3155 A:
2413 3124 2527 3159 ὁνειδ.-

1481 3176 1605 3215 ζόμενος
1623 3173 1678 3206 οὗν
1695 3173 1746 3205 ἐπὶ
1768 3176 1813 3214 τῷ
1827 3175 1967 3213 συνεχῶς
1985 3172 2104 3213 ὁμιλεῖν
2123 3173 2163 3211 τῇ
2185 3169 2295 3212 ἑταίρᾳ
2309 3174 2347 3212 τῇ
2366 3173 2526 3215 Κορινθίᾳ,

1481 3223 1572 3264 Ἔχω
1581 3222 1653 3263 γάρ,
1667 3221 1768 3260 ἔλεγεν
1778 3243 1787 3258 ,
1805 3220 1908 3253 Λαΐδα
1919 3221 1973 3252 καὶ
1984 3220 2043 3251 οὐκ
2055 3219 2170 3260 ἔχομαι
2187 3216 2241 3249 ὑπ’
2259 3218 2364 3257 αὐτῆς.
2379 3219 2528 3252 Tlieodo-
2573 3221 2575 3224 ’

1482 3271 1569 3302 retus
1578 3272 1684 3302 Gracc.
1695 3268 1802 3301 attect.
1813 3277 1882 3300 cur.
1891 3269 1975 3300 XII:
1991 3267 2044 3299 καὶ
2055 3268 2073 3298 ὁ
2091 3266 2288 3308 Ἀρίστιππος
2300 3266 2333 3297 δὲ
2342 3267 2360 3297 ὁ
2374 3267 2527 3308 Κυρηναῖ-

1484 3318 1537 3354 κὸς
1551 3317 1786 3358 ὀνειδιζόμενος,
1807 3316 1854 3348 ὅτι
1876 3316 1914 3354 δὴ
1932 3315 2018 3356 θαμὰ
2034 3315 2205 3355 ξυνεγίνετο
2221 3317 2260 3355 τῇ
2276 3313 2383 3355 ἑταίρᾳ
2402 3318 2441 3356 τῇ
2463 3317 2528 3348 Κο-

1483 3365 1599 3405 ρινθίᾳ,
1614 3364 1722 3405 Ἔχω,
1739 3364 1824 3403 ἔλεγε
1836 3386 1846 3403 ,
1866 3362 1972 3395 Λαΐδα
1988 3363 2041 3394 καὶ
2067 3363 2125 3394 οὐκ
2150 3362 2263 3403 ἔχομαι
2281 3359 2453 3400 ὑπἀὐτῆς.
2469 3362 2522 3395 Gt.

1481 3412 1732 3451 Chrysostomus
1749 3411 1781 3443 iu
1802 3411 1916 3443 Matth.
1942 3413 1989 3442 10.
2009 3409 2127 3442 Homit.
2146 3411 2197 3441 34.
2222 3410 2271 3441 De
2294 3409 2326 3441 vi
2352 3410 2526 3442 verborum

1481 3458 1558 3499 ἔχω,
1570 3459 1635 3490 ἀλλ’
1649 3459 1706 3490 οὐκ
1717 3458 1829 3499 ἔχομαι
1841 3458 1908 3498 tege
1925 3457 2039 3490 Mureti
2051 3458 2131 3490 var.
2142 3456 2216 3489 lect.
2235 3457 2290 3497 VI,
2313 3459 2330 3489 7
2350 3458 2382 3490 et
2396 3456 2527 3492 Jaeobs.
