2606 3828
345 246 420 280 288

1071 237 1377 281 CYNICORUM
1405 238 1740 279 FRAGMENTA.

335 333 388 374 αἱς
422 329 481 369 καὶ
517 329 692 376 Κλεάνθης
729 328 900 380 ἐχρησατο
935 327 993 365 καὶ
1020 326 1248 374 Ἀντισθένης·
1269 329 1287 365 ὃ
1308 327 1370 377 μὲν
1435 328 1519 368 vol.
1540 327 1633 378 Xp.
1661 329 1753 375 370.
1780 327 1895 376 Diog.
1914 326 2041 367 Laert.
2065 326 2136 369 lib.
2157 327 2231 377 Vl,
2258 330 2323 381 98.
2345 328 2481 370 Cicero

336 382 373 426 ευ
400 389 495 438 μάλα
528 403 605 431 τους
636 387 831 435 Ἀθηναίους
857 385 936 423 ἴδιον
971 385 1228 438 Οορυὸήσαντας
1259 386 1294 423 ἐν
1322 387 1373 438 τῷ

334 447 480 501 θεάτρω,

415 536 453 568 Τί
471 536 498 567 δ’
513 535 654 577 αἰσχρόν,
672 537 707 573 ἢν
726 535 767 575 μή
785 537 862 566 τοῖσι
881 532 1051 575 χρωμένοις
1067 533 1162 574 δοκῇ,

332 616 570 669 παραὸάλλων
594 615 690 658 εὐθὺς

414 710 546 752 Αισχρὸν
565 709 600 740 τό
617 708 647 749 γ’
665 707 805 749 αἰσχρόν,
823 708 881 739 κᾶν
897 707 973 748 δοκῇ
986 731 994 746 ,
1014 707 1072 739 κᾶν
1089 707 1131 748 μή
1146 707 1234 749 δοκῇ.

324 825 329 830 .
390 795 629 844 (Plutarchus
638 792 839 838 Quomodo
854 791 1076 830 adolescens
1091 791 1225 829 audire
1238 800 1371 843 poetas

332 855 466 892 debeat
486 854 562 891 vol.
583 852 652 889 vll
670 865 709 902 p.
733 866 747 888 1
761 851 803 888 15
821 850 882 890 ed.
902 850 1058 888 Hutten.
1076 849 1237 888 Versum
1253 850 1364 889 illum

330 913 528 963 Euripidis
548 924 630 949 esse
647 912 757 948 docet
773 909 903 949 schol.
924 909 1127 960 Aristoph.
1151 909 1246 948 Ran.
1269 909 1368 947 1523

331 973 397 1023 qui
420 972 465 1009 ad
490 979 611 1022 poetae
627 968 744 1007 verba
764 967 803 1011 τὸ
825 969 856 1007 δ’
875 967 1036 1021 αἰσχρόν,
1055 967 1096 1014 ἢν
1118 967 1167 1018 μὴ
1195 973 1266 1012 τοῖς
1287 971 1372 1008 θεω-

329 1030 440 1079 μένοις
452 1030 542 1080 ,δοκῇ
565 1036 724 1066 annotat
745 1043 753 1065 ι
772 1026 870 1078 παρὰ
889 1027 932 1066 τὰ
955 1027 990 1072 ἐξ
1012 1026 1142 1067 Αἰόλου
1163 1027 1367 1079 Εὐριπίδου.

327 1089 526 1127 Parodiam
560 1086 713 1131 Platoni
735 1085 926 1124 adscribit
959 1086 1126 1126 Serenus
1159 1086 1262 1138 apud
1285 1086 1369 1124 Sto·

326 1149 450 1186 baeum
472 1147 573 1186 Flor.
595 1145 641 1193 V,
665 1147 713 1183 82
741 1146 803 1183 his
822 1145 994 1184 verbis:
1016 1144 1209 1218 Εὐριπίδης
1240 1145 1373 1184 εὐδοκί-

327 1221 437 1254 μησεν
454 1208 488 1244 ἐν
515 1204 645 1257 θεάτρω
673 1203 779 1243 εἰπών
804 1222 820 1238 «
843 1202 877 1241 τί
905 1203 935 1241 δ’
957 1203 1116 1255 αἰσχρόν,
1137 1204 1178 1250 ἢν
1213 1203 1262 1253 μὴ
1283 1207 1373 1243 τοῖσι

326 1263 516 1316 χρωμένοις
548 1264 658 1315 δοκῃ;
687 1280 702 1297 ν
731 1261 791 1301 καὶ
821 1261 977 1301 Πλάτων
1009 1261 1162 1315 ἐντυχὼν
1188 1263 1284 1300 αὐτῶ
1305 1279 1320 1297 2·
1343 1265 1372 1301 ὠ

328 1322 544 1375 Εὐριπίδηκ
576 1322 685 1373 ἔφη»
720 1320 863 1373 αἰσχρὸν
887 1319 928 1358 τό
957 1320 990 1371 γ’
1014 1320 1173 1374 αἰσχρόν,
1192 1320 1258 1360 κᾶν
1288 1321 1372 1374 δοκῇ

324 1381 390 1420 κᾶν
413 1380 461 1430 μὴ
480 1382 577 1433 δοκῇ.
597 1399 610 1413 n
631 1380 691 1421 Cf.
711 1380 847 1418 Macho
865 1393 928 1431 ap.
953 1380 1094 1419 Athen.
1116 1379 1208 1419 XIII
1229 1395 1270 1431 p.
1295 1381 1372 1420 582

325 1442 370 1491 C,
402 1441 447 1480 D.
479 1441 561 1479 Vid.
585 1441 720 1491 Eurip.
737 1439 895 1490 ¹Fragm.
925 1438 986 1478 ed.
1011 1439 1192 1489 Wagner.
1211 1454 1253 1491 p.
1278 1441 1369 1479 626.

325 1500 433 1542 Adde
455 1499 642 1551 Leopard.
663 1498 822 1538 Emend.
843 1498 874 1546 Ι,
894 1498 916 1536 6
937 1506 973 1536 et
991 1496 1143 1538 Jacobs,
1166 1499 1223 1537 De
1236 1499 1369 1540 hetaer.

325 1573 365 1610 P·
393 1559 500 1608 429.)

381 1630 430 1656 73.
463 1611 574 1660 Οὗτος
594 1618 624 1655 εἷ
647 1615 695 1666 μὴ
718 1614 820 1665 μόνον
847 1616 1079 1668 φιλογέωργος
1107 1614 1196 1653 ἀλλὰ
1224 1615 1369 1667 καὶζφι-

325 1674 524 1727 λοίνθρωπος
539 1670 596 1722 ἦν,
613 1674 708 1722 ἥδιον
728 1673 769 1711 ἂν
789 1673 927 1724 ἔσπειρε
945 1672 1008 1719 τὴν
1026 1671 1210 1716 τοσούτους
1232 1673 1369 1725 τρέφειν

326 1734 531 1783 δυναμένην,
548 1732 571 1779 ἢ
588 1733 628 1772 τὸ
645 1731 878 1776 Ἀντισθένους
902 1733 1012 1770 ἐκεῖνο
1031 1730 1212 1784 χωρίδιον,
1235 1730 1253 1770 ὃ
1275 1731 1370 1784 μόνῳ

326 1792 518 1845 Αὐτολύκῳ
550 1791 793 1843 ἐγκονίσασθαι
826 1791 974 1844 ἤρκεσε·
1002 1789 1071 1842 ἐγὼ
1094 1790 1129 1829 δὲ
1155 1791 1370 1843 ἆροτριάσων

327 1849 388 1896 τὴν
409 1850 612 1900 οἰκουμένην
633 1850 774 1888 ἅπασαν
797 1851 1013 1903 ἐπιστρέφειν
1034 1848 1286 1901 παραιτοῦμαι.

384 1911 628 1961 (Plutarchus
651 1910 796 1950 Philos.
830 1923 912 1949 esse
945 1924 980 1949 c.
1013 1909 1187 1961 princip.
1221 1922 1302 1960 cap.
1331 1910 1367 1955 3,

326 1971 407 2009 vol.
428 1969 502 2008 XII
522 1984 561 2021 p.
586 1971 635 2008 86
655 1970 716 2010 ed.
739 1970 893 2008 Hutten.
918 1969 1104 2007 Codicum
1132 1969 1367 2019 scripturam

326 2027 503 2102 χωρίδιον,
517 2027 560 2074 ἣν
578 2027 677 2078 μόλις
693 2029 787 2081 αὐτῷ
808 2024 852 2066 αὖ
871 2028 977 2067 πάλιν
998 2027 1192 2079 ἀνῄρηκας.
1207 2028 1250 2066 Ei
1271 2026 1307 2065 δέ
1327 2042 1365 2064 σε

326 2087 478 2139 ἠρόμην,
502 2085 563 2132 τὴν
593 2085 798 2136 οἰκουμένην
824 2085 965 2124 ἅπασαν
993 2085 1209 2139 ἐπιστρέφειν
1239 2101 1370 2138 παραι-

326 2148 454 2195 τοῦμαι
474 2145 530 2183 sic
548 2145 769 2191 emendavi,
789 2154 831 2182 ut
854 2158 1081 2196 reponerem
1100 2143 1118 2182 ὃ
1139 2143 1235 2215 μόνω
1254 2145 1370 2184 Αὐτο-

327 2202 423 2255 λύκῳ
444 2202 686 2253 ἐγκονίσασθαι
706 2218 851 2254 ηρκεσε·
868 2200 936 2252 ἐγι)
954 2202 1025 2240 δὲ
1006 2202 1220 2254 αροτριάσων
1240 2202 1302 2250 τὴν
1322 2195 1372 2240 oi·
1429 2235 1431 2238 ,

1406 2264 1595 2316 rvulgata
1623 2263 1792 2302 lectione
1826 2258 1995 2314 ἀργυρέα.
2028 2258 2088 2299 Cf.
2122 2256 2240 2297 ovid.
2270 2255 2362 2295 Met.
2393 2254 2482 2304 XV,

328 2260 498 2311 κουμένην
533 2259 673 2299 ἅπασαν
709 2260 929 2314 ἐπιστρέφειν
966 2264 1223 2314 παραιτοῦμαι.
1258 2262 1369 2302 Conf.

328 2319 501 2371 Xenoph.
541 2319 705 2359 Conviv.
741 2319 812 2369 ΙΙΙ,
843 2321 880 2360 8.
913 2321 1108 2360 Plutarch.
1143 2321 1200 2358 De
1233 2321 1372 2359 exsilio

329 2432 446 2473 quibus
474 2435 507 2465 et
525 2432 695 2465 cleanthes
713 2442 791 2465 usus
812 2434 861 2465 est
880 2434 914 2465 et
941 2434 1160 2466 Antisthenes.
1204 2431 1274 2466 Hic’
1284 2434 1370 2465 enim

331 2500 432 2531 quum
442 2491 649 2524 Athenienses
658 2492 691 2523 in
698 2492 826 2524 theatro
835 2491 1008 2524 admodum
1018 2492 1214 2524 tumultuose
1223 2492 1373 2533 excipere

333 2550 458 2582 videret>
471 2549 562 2582 illum
576 2558 704 2582 versum
723 2562 732 2582 ι

420 2624 501 2659 Quid
519 2626 607 2662 turpe
619 2624 667 2659 sit,
681 2623 741 2653 nisi
753 2623 833 2661 quod
846 2623 898 2661 qui
911 2631 976 2654 rem
992 2626 1101 2654 tractat
1115 2625 1223 2661 putat?

335 2715 442 2748 statim
458 2715 545 2748 hunc
559 2715 694 2756 subjecit
712 2725 721 2748 ε

423 2788 510 2822 Quod
525 2790 627 2830 turpe.
641 2789 732 2825 turpe
747 2790 808 2824 est,
822 2796 875 2818 seu
887 2791 975 2826 putes
985 2811 993 2824 ,
1007 2797 1059 2819 seu
1073 2797 1134 2818 nou
1150 2792 1249 2827 putes.

327 2871 349 2912 ¹,
379 2871 431 2902 73.
453 2869 485 2900 ls
500 2868 604 2900 sinon
622 2868 718 2900 modo
733 2868 937 2908 agriculturae
949 2893 958 2909 ‚
977 2869 1033 2901 sed
1052 2869 1148 2901 etiam
1168 2870 1374 2903 humanitatis

336 2926 500 2959 studiosus
519 2926 650 2966 fuisset,
667 2926 832 2959 maluisset
849 2927 991 2968 profecto
1011 2936 1177 2960 conserere
1203 2938 1313 2970 agrum
1334 2930 1375 2962 ad

336 2986 388 3017 tot
420 2984 566 3016 homines
597 2985 727 3017 alendos
750 2984 923 3024 idoneum,
942 2994 1037 3026 quam
1060 2986 1151 3018 illum
1178 2987 1376 3021 Antisthenis

339 3042 475 3084 agellum
487 3067 497 3083 ,
511 3043 567 3083 qui
585 3043 643 3075 soli
661 3044 815 3084 Autolyco
832 3043 872 3075 ad
888 3052 1003 3084 corpus
1019 3044 1149 3085 pulvere
1165 3054 1374 3087 conspergen-

337 3101 416 3133 dum
440 3101 635 3141 sufficiebat;
651 3110 710 3142 ego
738 3110 817 3135 vero
839 3101 949 3134 arandi
968 3111 1065 3135 causa
1085 3104 1191 3136 totum
1219 3106 1376 3146 terrarum

338 3160 448 3192 orbem
467 3160 555 3192 obire
574 3169 698 3193 recuso.

381 3221 431 3251 74.
456 3221 534 3251 Haec
552 3220 658 3251 autem
674 3219 807 3251 intuitus
825 3219 1028 3252 Antisthenes
1047 3221 1151 3252 virum
1170 3220 1288 3254 bonum
1309 3232 1376 3254 mo-

341 3276 450 3309 lestam
480 3286 549 3310 esse
574 3277 730 3310 sarcinam
752 3277 842 3310 dixit.
889 3278 1167 3316 Quemadmodum
1191 3280 1278 3311 enim
1297 3281 1374 3312 insi-

340 3335 456 3375 pientia
474 3336 553 3368 bene
580 3336 679 3368 fertur
698 3345 735 3368 ac
759 3335 893 3369 leviter:
909 3336 955 3368 sic
982 3336 1148 3378 prudentia
1175 3338 1311 3381 graviter
1328 3339 1377 3370 in-

342 3393 493 3426 cumbens
513 3395 628 3435 premit
651 3394 856 3428 vehementer
876 3399 988 3437 suopte
1016 3395 1177 3437 pondere,
1199 3405 1262 3445 *nec
1286 3395 1378 3431 facile

343 3453 446 3491 polest
460 3453 577 3484 excuti.

1440 387 1556 428 Tusc.
1577 387 1649 427 lib.
1667 387 1714 437 V,
1735 387 1814 436 37.)

1571 447 1633 489 Fi<
1652 449 1761 483 ταῦτα
1778 446 1809 482 δ’
1827 443 1960 483 ἀπιδὼν
1979 443 2196 493 Ἀντισθένης
2215 412 2481 488 δυσὸοίστακτον

1441 498 1590 544 εἶπενγ
1558 520 1646 543 ειναι
1666 504 1723 542 τὸν
1743 503 1894 542 ἀστεῖον.
1951 502 2014 547 Ὡς
2033 503 2100 555 γὰρ
2119 506 2141 551 ἡ
2161 505 2337 559 ἀφροσύνη
2356 510 2483 560 κοῦφον

1438 563 1499 601 καὶ
1531 562 1730 616 φερόμενον,
1754 564 1775 607 ἡ
1810 561 1973 614 φρόνησις
2004 562 2248 615 ἐρηρεισμένον
2265 562 2326 603 καὶ
2345 563 2483 608 ἀκλινὲς

1439 623 1500 660 καὶ
1521 621 1625 674 βάρος
1645 621 1726 673 ἔχον
1747 620 1951 659 ἀσάλευτον.

1496 680 1623 733 (Philo
1636 680 1658 718 J
1663 679 1794 717 udaeus
1809 679 1850 717 in
1865 678 1969 717 libro
1984 692 2063 730 quo
2077 679 2314 719 demonstrat
2328 694 2482 721 omnem

1438 740 1605 790 probum
1637 738 1834 776 hominem
1866 750 1946 776 esse
1974 737 2140 776 liberum
2170 751 2257 789 pag.
2298 740 2376 791 869
2415 741 2480 782 ed.

1439 798 1642 849 Hoeschel.)

1490 871 1538 897 7ο.
1573 855 1633 901 Ἐξ
1650 850 1688 895 οἷ·
1706 856 1743 907 μ’
1763 855 1976 903 Ἀντισθένης
1987 856 2238 910 ἠλευθέρωσεν,
2253 857 2368 897 οὖκέτι
2384 858 2484 898 ἐδού-

1438 916 1559 956 λευσα.
1621 917 1703 958 Πῶς
1730 912 2132 966 ἠλευθέρωσενςέΆκουε
2158 915 2192 954 τί
2215 915 2330 969 Myer*
2347 915 2482 962 ἓδίδαξέ

1438 989 1482 1024 με
1501 973 1545 1013 τὰ
1566 973 1648 1025 ἐμοί,
1662 989 1723 1011 και
1738 972 1782 1011 τὰ
1799 973 1861 1011 οὐκ
1877 972 1967 1023 ἐμοί·
1983 976 2105 1021 κτῆσις
2120 975 2183 1013 οὐκ
2198 974 2280 1025 ἐμή·
2296 977 2483 1027 συγγενεῖς,

1438 1035 1579 1080 οἰκεῖοι,
1600 1033 1716 1085 φίλοι,
1735 1031 1836 1086 φήμη
1849 1060 1859 1079 ,
1874 1029 2030 1078 συνήθεις
2043 1031 2155 1079 τόποι,
2173 1032 2348 1086 διατριὸή,
2364 1033 2482 1072 πάντα

1438 1095 1549 1130 ταῦτα
1572 1090 1625 1129 ὅτι
1646 1089 1829 1143 ἀλλότρια.
1864 1088 1935 1129 Σὸν
1954 1085 2012 1128 ουν
2036 1090 2092 1129 τί·
2082 1121 2094 1142 ,
2114 1091 2250 1143 Χρῆσις
2267 1093 2481 1144 φαντασιῶν.

1438 1150 1584 1198 Ταύτην
1609 1148 1715 1194 ἔδειξέ
1734 1164 1794 1199 μοι
1819 1148 1872 1187 ὅτι
1898 1147 2114 1194 ἄκώλυτον”
2094 1164 2186 1202 εχω,
2206 1149 2483 1201 ἀνανάγκαστον,

1438 1209 1547 1253 οὖδεις
1587 1207 1777 1259 ἐμποδίσαι
1809 1206 1974 1256 δύναται,
2008 1206 2118 1252 οὖδεὶς
2149 1207 2338 1260 βιάσασθαι
2367 1208 2483 1252 ἄλλως

1438 1268 1639 1322 χρήσασθαι
1659 1267 1720 1314 ἢ(
1702 1283 1748 1310 ως
1768 1266 1872 1307 θέλω.
2507 1271 2509 1273 ’

1494 1327 1846 1379 <Αι··ιὶειη.Ερίοῐει.
1868 1324 2103 1370 Dissert.111
2120 1339 2156 1366 c.
2179 1331 2245 1374 24,
2265 1326 2313 1375 67
2330 1339 2412 1379 seq.
2428 1327 2480 1368 cs.

1437 1386 1503 1434 IV,
1531 1400 1566 1434 1,
1594 1390 1682 1430 114.
1686 1385 1698 1434 )

1750 1466 2162 1506 ΑΠΟΦΘΕΓΜΑΤΑ.

1493 1575 1538 1601 76.
1571 1561 1786 1608 Ἀντισθένης
1819 1561 2025 1615 ἐρωτηθείς;
2055 1560 2090 1599 τί
2117 1563 2210 1600 ἐστιν
2243 1559 2373 1614 ἑορτή,
2397 1559 2485 1614 ἔφη·

1437 1620 1718 1673 γαστριμαργίας
1741 1620 1894 1682 ἀφορμή.

1496 1677 1703 1728 (Antonius
1721 1685 1759 1714 et
1786 1674 1980 1713 Maximus
2000 1687 2114 1713 ser.1n
2138 1678 2215 1709 dc·
2205 1677 2486 1710 munnincmia

1438 1744 1476 1773 et
1495 1736 1585 1785 gula
1602 1750 1641 1787 p.
1665 1749 1757 1784 299.
1749 1733 1772 1785 .)

1491 1808 1540 1833 77.
1571 1797 1742 1844 Κρεῖττον
1775 1791 1890 1843 ἔλεγε,
1914 1789 2006 1829 καθά
2034 1804 2137 1842 φησιν
2159 1788 2321 1828 Ἑκάτων
2349 1788 2385 1826 ἓν
2411 1793 2486 1832 ταῖς

1437 1851 1592 1904 χρείαις,
1622 1852 1669 1895 εἷς
1706 1850 1859 1902 κόρακας
1881 1848 1904 1896 ἢ
1925 1850 1973 1893 εἷς
1992 1847 2145 1891 κόλακας
2167 1846 2346 1898 ἐμπεσεῖν·
2364 1848 2396 1886 οἱ
2421 1846 2484 1898 μὲν

1440 1910 1508 1963 γὰρ
1526 1910 1687 1963 νεκρούς,
1709 1911 1741 1948 οἱ
1763 1909 1799 1948 δὲ
1819 1910 1952 1954 ζῶντας
1970 1906 2153 1946 ἐσθίουσιν.

1491 1971 1697 2020 (Diogenes
1727 1968 1906 2007 Laertius
1927 1968 1998 2006 lib.
2015 1965 2084 2018 Vl,
2102 1971 2139 2011 ι’..
2154 1965 2239 2004 Vid.
2258 1964 2414 2004 Jacobs.
2434 1964 2482 2007 ad
2546 1958 2549 1962 ’
2600 2010 2606 2017 .

1432 2028 1588 2068 Anthol.
1607 2031 1660 2076 ΙΙ,
1680 2029 1725 2079 3,
1746 2041 1785 2079 p.
1804 2026 1912 2077 217.)

1432 2098 1435 2101 '
1489 2101 1537 2127 78.
1563 2086 1814 2160 Ἐρωτώμενος
1833 2085 1890 2124 διὰ
1909 2084 1943 2123 τί
1963 2084 2098 2134 ὀλίγους
2116 2082 2189 2135 ἔχει
2205 2082 2386 2134 μαθητάς,
2403 2081 2482 2136 ἔφη·

1435 2144 1488 2184 ὅτι
1509 2146 1613 2198 ἀγρία
1632 2144 1753 2188 αὐτους
1770 2143 1932 2183 ἒκὸάλλω
1950 2141 2083 2194 ῥάὸδῳ

1492 2205 1700 2257 (Diogenes
1722 2203 1898 2242 Laertius
1915 2201 1988 2241 lib.
2007 2200 2069 2247 VI,
2087 2205 2127 2245 4.
2144 2199 2265 2238 Posui
2286 2198 2390 2251 ἀγρία
2408 2211 2483 2250 pro

1440 2322 1549 2372 655.)

1473 2437 1523 2467 75.
1545 2437 1589 2467 Ex
1605 2443 1670 2476 quo
1683 2434 1757 2466 Anti
1772 2433 1904 2466 sthenes
1917 2440 1969 2464 me
1985 2429 2145 2470 liberavit,
2155 2437 2219 2472 non
2231 2427 2369 2469 amplius
2378 2426 2483 2460 servii.

1435 2493 1606 2531 Quomodo
1632 2493 1799 2526 liberavit?
1818 2491 1902 2525 Audi
1917 2498 1990 2531 quae
2005 2489 2083 2522 dicit
2099 2501 2107 2521 ε
2122 2486 2301 2520 docuit.me
2318 2487 2387 2518 tum
2405 2493 2479 2528 qno

1435 2561 1507 2584 mea
1537 2552 1631 2591 sunt,
1647 2551 1718 2583 tum
1738 2558 1812 2590 quae
1830 2558 1896 2581 non
1916 2557 2006 2588 mea;
2022 2556 2098 2589 opes
2118 2555 2183 2579 non
2211 2554 2283 2579 esse
2300 2553 2411 2587 meas,
2427 2553 2483 2577 eo-

1432 2612 1546 2651 gnatos
1565 2634 1574 2650 ,
1589 2608 1801 2648 domesticos,
1812 2607 1950 2647 amicos,
1967 2607 2084 2639 samam
2098 2629 2108 2646 ,
2125 2605 2195 2637 loca
2207 2607 2378 2644 consueta,
2402 2611 2484 2635 con·

1432 2668 1633 2702 suetudinem
1647 2677 1721 2700 cum
1742 2666 1937 2706 hominibus,
1955 2665 2027 2698 haec
2043 2663 2151 2696 omnia
2172 2671 2244 2696 esse
2259 2661 2374 2694 aliena.
2393 2661 2482 2699 Quid
2538 2709 2542 2712 ¹

1432 2728 1527 2768 igitur
1542 2728 1659 2760 tuum?
1676 2726 1828 2758 Visorum
1850 2733 1941 2757 usus.
1992 2725 2086 2756 Hunc
2107 2722 2187 2755 mihi
2203 2720 2436 2754 demonstravit
2450 2721 2484 2752 et

1433 2787 1568 2819 liberum
1587 2794 1655 2819 esse
1673 2789 1705 2818 et
1713 2785 1948 2824 voluntarium,
1969 2782 2129 2824 siquidem
2147 2789 2243 2813 nemo
2259 2789 2311 2813 me
2328 2778 2483 2822 impedire

1433 2846 1557 2886 potest,
1574 2852 1668 2876 nemo
1684 2851 1798 2884 cogere
1815 2842 1906 2874 aliter
1921 2849 2018 2882 quam
2032 2839 2129 2873 velim
2149 2838 2210 2871 illis
2228 2837 2287 2871 uti.
2319 2877 2321 2880 Α

1751 2986 2134 3021 APOPnTuEGMATA.

1479 3111 1530 3140 76.
1553 3105 1759 3139 Antisthenes
1775 3104 2008 3143 interrogatus,
2023 3100 2102 3143 quid
2119 3101 2235 3134 festum
2251 3099 2347 3139 esset,
2363 3097 2476 3130 dixit.
2465 3109 2475 3118 ·

1434 3163 1686 3206 ingurgitationis
1700 3162 1837 3195 occasio.
1880 3194 1884 3198 ,

1478 3225 1530 3255 77.
1552 3222 1667 3255 Melius
1683 3230 1754 3254 esse
1769 3219 1919 3260 dicebat,
1940 3219 1977 3251 ut
1999 3219 2145 3251 Hecaton
2174 3216 2219 3248 ait
2242 3215 2275 3247 in
2301 3187 2425 3254 clunis,
2440 3213 2479 3245 in

1436 3289 1553 3314 corvos
1569 3289 1678 3322 quam
1695 3281 1732 3312 in
1751 3279 1985 3312 assentatores
2005 3275 2178 3316 incidere,
2194 3274 2322 3315 quippe
2341 3270 2385 3303 ab
2404 3268 2479 3303 illis

1436 3341 1611 3379 mortuos,
1631 3338 1676 3371 ab
1696 3337 1749 3370 his
1766 3339 1864 3370 vivos
1880 3336 2056 3369 devorari.

1480 3399 1530 3430 78.
1547 3398 1690 3437 Rogatus
1701 3405 1759 3430 cur
1769 3404 1889 3438 paucos
1903 3395 2033 3428 haberet
2039 3391 2224 3434 discipulos,
2233 3388 2325 3432 quod
2335 3387 2478 3430 αρν-σεῦ.

1436 3456 1540 3497 inquit
1551 3479 1562 3496 ,
1578 3454 1700 3489 baculo
1719 3463 1774 3488 eos
1791 3455 1899 3495 ejicio.
