2638 3840
1066 203 1147 244 DE>
1162 205 1447 248 soPffls'rts.

263 284 500 319 considerasne
520 290 642 329 quauta
659 288 703 322 sit
714 289 825 322 venus
837 289 919 323 dea?

262 346 359 386 Atqui
378 353 439 379 uec
455 354 599 387 uuquam
612 347 735 381 dixeris
753 356 814 382 uec
826 349 985 391 senseris,

261 405 297 434 et
313 404 435 443 quanta
455 403 515 444 sit,
534 404 664 447 lateque
677 414 776 448 quam
788 415 824 439 se
845 407 997 450 porrigat.

262 461 341 494 uaec
357 464 453 504 teque
468 471 585 505 meque
598 464 719 506 nutrit,
738 474 851 499 omnes
865 469 899 500 et
913 466 1081 508 homines3

259 520 455 562 signumque
476 531 542 556 non
556 532 706 558 annone
724 527 851 558 tautum
863 526 1006 568 noscito,

257 578 317 612 sed
336 589 371 613 re
389 580 450 614 tibi
463 582 549 615 vires
563 582 699 616 veneris
719 584 900 618 ostendero.

257 640 355 672 Amat
366 639 500 681 quidem
511 641 649 675 imbrem
666 645 763 685 terra,
778 653 880 686 quum
899 645 1020 679 siccum
1038 646 1144 679 solum

255 699 405 741 squalore
419 703 550 735 sentum
567 702 710 744 guttulas
720 702 890 738 desiderat-

254 760 353 792 Amat
370 769 499 803 quoque
513 761 680 795 excelsum
695 763 854 797 imbribus
869 765 986 798 coelum
1005 774 1119 808 grave,

254 817 398 859 agitante
410 820 539 854 Venere
553 821 588 854 in
599 822 723 862 gremia
737 823 834 856 terrm
846 823 960 858 labier.

255 877 432 920 Quumque
451 878 523 912 haec
535 879 568 912 iu
588 888 689 914 unum
710 881 771 915 rite
787 882 881 916 mista
899 885 976 916 sunt
992 883 1076 926 duo,

253 935 450 983 pariuntque
469 938 563 972 nobis
582 940 795 983 nutriuntque
809 942 918 975 omnia
939 942 1054 985 simul,

253 997 329 1038 quis
344 996 428 1031 vivit
445 1006 483 1031 ac
498 998 590 1033 floret
608 1009 709 1042 genus
729 1000 927 1036 mortalium.

170 1079 379 1132 Sapientiae
396 1080 531 1121 laudes
545 1082 760 1122 celebravit
775 1084 846 1123 illo
860 1087 1035 1124 carmine
1050 1086 1156 1138 quod
1172 1100 1220 1126 ex

170 1139 324 1179 incerta
368 1139 501 1180 fabula
544 1141 704 1181 ductum
747 1143 912 1183 affertur
960 1158 984 1183 a
1022 1144 1220 1184 Clemente

170 1197 440 1237 Alexandrino
465 1198 611 1240 Strom.
635 1198 702 1248 IV,
725 1201 792 1248 25,
822 1202 845 1253 §
867 1200 939 1250 157
962 1202 1031 1254 (p.
1060 1203 1136 1248 634
1159 1203 1218 1243 ed.

169 1256 345 1308 1’otter.).
358 1257 416 1296 Cf.
432 1257 571 1309 fragm.
590 1272 630 1311 p.
646 1259 723 1298 850
736 1258 800 1300 ed.
818 1259 1000 1312 Wagner.
1015 1268 1054 1300 et
1066 1260 1219 1301 Valcke-

169 1316 273 1356 narii
291 1316 421 1357 Diatr.
450 1330 489 1369 p.
514 1317 578 1357 26.

272 1408 422 1457 Ὀλὸιος
441 1412 536 1457 ὅστις
554 1415 616 1462 τῆς
634 1413 790 1468 ἱστορίας

274 1469 358 1525 ἔσχε
378 1472 531 1524 μάθησιν
553 1472 642 1524 μήτε
662 1474 815 1513 πολιτῶν

272 1530 332 1570 ἐπὶ
353 1530 560 1583 πημοσύναις
578 1531 662 1583 μήτ’
680 1533 729 1576 εἷς
744 1533 883 1579 ἀδίκους

380 1589 523 1644 πράξεις
540 1592 679 1645 ὁρμῶν,

273 1651 353 1689 ἀλλ’
375 1649 551 1690 ἀθανάτου
569 1652 727 1705 καθορῶν
743 1651 878 1705 φύσεώς

270 1709 403 1762 κόσμον
430 1710 572 1764 ἀγήρω,
590 1712 641 1758 πῆ
661 1727 699 1751 τε
715 1711 865 1760 συνέστη

377 1769 439 1809 καὶ
458 1767 529 1817 ὅπη
544 1768 606 1809 καὶ
624 1768 732 1815 ὅπως.

270 1829 353 1872 Τοῖς
368 1843 409 1881 γε
425 1828 595 1874 τοιούτοις
613 1830 772 1870 οὐδέποτ’
796 1833 953 1885 αἰσχρῶν

274 1887 386 1941 ἔργων
406 1887 593 1940 μελέτημα
612 1889 782 1942 προσίζει.

245 1982 333 2015 Felix
350 1982 460 2015 animo
477 1982 624 2025 quisquis
642 1983 755 2017 doctas

244 2040 372 2075 imbibit
386 2044 472 2075 artes
486 2054 497 2076 ι
514 2051 579 2075 non
594 2042 648 2076 ille
661 2042 784 2076 malum

244 2100 364 2143 quaerit
381 2100 502 2143 populo
522 2111 533 2135 ε
547 2101 603 2134 sed
621 2102 730 2135 necad
746 2102 837 2135 actus

243 2159 345 2194 fertus·
360 2159 502 2202 iniquos.
547 2159 636 2194 senii
654 2160 803 2202 ignarum
814 2185 824 2202 ,

242 2219 386 2261 natura,
406 2221 499 2253 tuum
514 2219 701 2262 speculatur
714 2228 816 2262 opus3

245 2277 302 2311 ubi
318 2278 499 2312 constiterit
509 2302 520 2319 ‚
533 2279 589 2321 qui
601 2303 611 2320 ,
624 2287 756 2321 quoque
776 2277 875 2312 modo
884 2302 892 2311 .

242 2339 345 2372 Pactu
358 2337 518 2380 quidquid
531 2340 624 2379 turpe
636 2340 703 2379 est,
720 2338 837 2371 animis

241 2398 275 2434 td
286 2407 453 2442 uunquam
467 2398 587 2432 talibus
600 2397 712 2432 haeret.

158 2487 236 2528 Sed
254 2488 351 2529 satis
369 2487 419 2527 de
445 2487 648 2541 Euripidis
669 2486 943 2540 philosophia,
962 2500 1050 2539 quae
1073 2500 1120 2525 eo
1139 2499 1208 2525 va-

158 2547 233 2589 luit
247 2576 259 2597 ,
278 2556 323 2588 ut
341 2561 365 2588 a
381 2548 550 2601 posteris
570 2547 748 2586 scenicus
769 2546 1029 2599 philosophus
1050 2554 1089 2585 et
1107 2546 1208 2585 ‹lice-

157 2615 267 2647 retur
286 2605 371 2661 (¹7)
389 2616 428 2647 et
441 2606 651 2646 haberetur
673 2606 769 2659 (18).

210 2672 267 2712 Ex
283 2672 335 2711 iis
353 2677 481 2712 autem
503 2671 571 2723 qui
589 2671 671 2723 jam
701 2680 789 2710 ante
815 2670 1085 2723 Sophistarum
1108 2679 1206 2709 aeta-

156 2739 234 2771 tem
268 2731 532 2785 philosophiae
560 2739 754 2783 praecepta
782 2743 907 2770 scenae
940 2729 1133 2768 beneficio
1166 2731 1204 2768 in

155 2790 280 2831 lucem
304 2799 420 2843 atque
447 2790 488 2829 in
507 2789 711 2829 hominum
732 2789 996 2828 celebritatem
1026 2789 1206 2840 proferre

156 2858 364 2899 tentarunt,
384 2849 534 2889 meritis
564 2848 748 2888 laudibus
777 2849 999 2888 cumulatur
1020 2847 1205 2897 Epichar-

154 2921 261 2958 mus,
288 2907 557 2960 Pythagoricae
595 2908 798 2960 sapientiae
837 2915 1002 2946 sectator
1024 2905 1206 2957 idemque

153 2976 270 3022 poeta
300 2968 485 3008 comicus.
520 2967 579 3007 De
608 2980 688 3020 quo
718 2980 838 3019 quum
877 2974 1055 3005 accurate
1081 2965 1161 3006 vol,
1190 2966 1203 3005 l

152 3037 245 3080 pag.
272 3027 340 3066 131
363 3039 471 3079 seqq.
498 3026 743 3079 scripserim,
774 3024 840 3064 hic
871 3025 969 3064 nihil
994 3024 1127 3063 dicere
1145 3032 1203 3062 nt-

154 3086 264 3128 tinet.
283 3087 462 3139 Denique
481 3086 588 3139 quod
605 3100 724 3139 supra
741 3086 897 3132 monui,
928 3084 1043 3123 etiam
1069 3095 1201 3122 rerum

153 3155 350 3200 gestarum
383 3147 699 3199 pronuntiatores
733 3161 756 3185 e
779 3143 1040 3198 philosophiae
1062 3142 1196 3181 studio

153 3212 400 3265 maximeque
422 3225 446 3251 e
473 3212 688 3266 sophistica
718 3209 927 3262 disciplina
958 3206 1198 3246 uberrimum

151 3272 373 3325 percepisse
393 3271 558 3311 fructum
582 3285 591 3310 ε
610 3270 651 3311 id
668 3270 896 3324 principum
919 3267 1197 3307 historicorum

2229 223 2333 252 thu

1290 297 1470 348 exemplo
1502 296 1795 350 comprobatur.
1833 297 2008 349 Namque
2031 299 2156 338 dulcis
2184 300 2252 338 ille
2271 314 2335 339 re-

1291 369 1377 394 rum
1394 365 1432 395 et
1456 366 1618 396 ornator
1642 365 1681 396 et
1695 366 1875 396 narrator
1895 357 2130 406 Herodotus,
2158 359 2226 410 qui
2243 358 2335 409 jure

1290 423 1398 465 pater
1428 416 1601 456 historiae
1631 417 1880 468 nominatur,
1914 430 1989 455 suo
2014 418 2145 468 potius
2175 418 2334 467 ingenio

1287 546 1365 582 qua
1381 534 1598 574 litterarum
1620 536 1822 575 scientiam
1843 543 2074 575 consecutus
2098 545 2195 574 erat.
2214 537 2334 575 Acce·

1286 590 1343 629 dit
1362 594 1467 643 quod
1489 595 1622 634 multis
1641 595 1925 647 experimentis
1946 595 2124 634 eruditus
2151 609 2196 634 ac
2215 596 2332 634 simul

1286 652 1535 703 antiquorum
1564 664 1699 693 vatum
1730 654 1911 705 vestigiis
1939 654 2138 705 ingressus
2164 654 2334 694 humana

1285 711 1416 749 omnia
1437 712 1485 750 ad
1505 714 1597 752 deos
1617 715 1761 753 referre
1776 722 1953 753 auctores
1970 722 2009 752 et
2021 713 2215 752 infinitam
2237 714 2333 753 deo-

1285 781 1372 806 rum
1393 772 1605 821 potentiam
1633 773 1831 812 celebrare
1858 772 2021 812 solebat.
2042 772 2176 812 Exstat
2205 782 2331 812 autem

1285 827 1435 867 nullum
1471 831 1512 868 in
1544 831 1630 883 ejus
1659 832 1773 872 libris
1803 832 2066 885 philosophiae
2102 833 2329 883 vestigium.

1220 882 1223 885 ’
1283 885 1428 926 Contra
1445 890 1513 940 qui
1543 899 1633 941 post
1661 904 1748 929 eum
1774 891 1930 930 suerunt
1951 890 2226 944 Thucydides,
2259 906 2332 932 au-

1283 953 1368 984 ctor
1388 949 1656 999 gravissimus,
1673 958 1711 988 et
1726 949 1962 1002 Xenophon,
1985 950 2141 1001 elegans
2155 949 2333 990 historiae

1282 1005 1466 1058 scriptor,
1487 1008 1584 1046 alter
1597 1008 1836 1047 certissimus
1855 1009 2046 1048 virtutum
2065 1010 2332 1062 vitiorumque

1281 1065 1506 1116 aestimator,
1528 1068 1822 1107 sollertissimus
1842 1081 2041 1107 causarum
2069 1077 2107 1107 et
2123 1077 2331 1109 eventuum

1281 1125 1522 1177 explicator,
1558 1127 1831 1178 sagacissimus
1868 1127 2038 1179 denique
2075 1129 2331 1168 consiliorum

1281 1197 1591 1238 arcanorumque
1617 1187 1758 1225 mentis
1778 1186 1956 1225 humanae
1981 1186 2254 1237 investigator,
2277 1189 2332 1227 al-

1280 1252 1339 1283 ter
1358 1244 1411 1284 ob
1433 1246 1624 1285 sinceram
1645 1246 1752 1285 attici
1773 1245 1964 1285 sermonis
1983 1246 2146 1296 gratiam
2175 1256 2214 1285 et
2240 1262 2332 1288 ora-

1281 1304 1400 1345 tionis
1419 1306 1666 1345 dulcedinem
1687 1307 1816 1345 Attica
1846 1307 1931 1358 apis
1957 1306 2175 1359 appellatus
2200 1322 2327 1362 neque

1278 1365 1402 1415 magis
1420 1366 1651 1417 eloquentiae
1672 1379 1787 1418 quam
1812 1364 1934 1407 beatae
1949 1365 2042 1403 vitae
2057 1368 2241 1417 magister
2262 1368 2328 1407 ha·

1277 1421 1399 1473 bitus,
1420 1424 1619 1475 praeclaris
1633 1422 1821 1476 operibus
1838 1423 1986 1462 relictis
2001 1436 2085 1462 sese
2098 1433 2326 1465 caeterarum

1278 1494 1408 1520 rerum
1449 1484 1717 1522 tractationem
1754 1495 1842 1521 cum
1888 1482 2149 1534 philosophiae
2197 1486 2326 1524 studio

1276 1539 1528 1592 conjunxisse
1555 1542 1782 1581 ostendunt.
1818 1541 1933 1580 Certe
1962 1540 2230 1592 Thucydides,
2262 1546 2325 1584 vir

1277 1600 1425 1650 probus
1445 1602 1605 1654 quidem
1625 1611 1664 1641 et
1676 1609 1855 1652 sanctus,
1876 1601 1944 1640 sed
1960 1601 2236 1653 superstitione
2266 1603 2327 1642 in-

1276 1667 1412 1709 tactus,
1442 1663 1497 1701 ita
1516 1663 1737 1715 composuit
1760 1662 1986 1710 historiam,
2015 1670 2059 1700 ut
2078 1675 2158 1700 non
2178 1671 2326 1703 tantum

1275 1718 1420 1760 bellum
1441 1723 1811 1775 Peloponnesiacum
1831 1722 1984 1773 integra
1998 1722 2160 1762 veritate
2179 1723 2326 1763 scribe·

1275 1787 1349 1830 ret,
1367 1794 1503 1821 verum
1520 1783 1637 1822 etiam
1660 1791 1742 1822 tum
1762 1792 1833 1822 sua
1848 1790 1929 1820 tum
1947 1781 2114 1821 aliorum
2131 1792 2270 1822 eventa
2286 1794 2325 1823 et

1274 1837 1469 1879 clarorum
1499 1842 1676 1881 virorum
1697 1843 1797 1880 facta
1825 1853 2032 1891 moresque
2061 1842 2147 1879 sine
2170 1843 2324 1893 cupidi-

1274 1905 1350 1936 tate
1364 1908 1402 1938 et
1418 1914 1550 1940 amore
1568 1915 1612 1940 ac
1630 1901 1715 1941 sine
1735 1900 1885 1939 invidia
1900 1908 1939 1938 et
1957 1900 2047 1937 odio
2063 1901 2230 1951 posteris
2248 1910 2326 1940 tra-

1273 1956 1394 1998 deret.
1404 1960 1446 1998 Si
1457 1962 1545 2012 quis
1560 1974 1656 1999 vero
1671 1959 1901 1999 Herodoteae
1909 1958 2085 1997 historiae
2098 1970 2326 1999 ornamenta

1273 2030 1359 2055 cum
1388 2018 1634 2072 Thucydidis
1655 2028 1694 2059 et
1715 2018 1987 2070 Xenophontis
2007 2017 2190 2057 laudibus
2211 2033 2321 2058 com-

1273 2080 1490 2128 paraverit,
1513 2093 1599 2119 cum
1621 2079 1698 2118 alia
1712 2078 1859 2118 eximia
1872 2077 2126 2129 omniumque
2146 2091 2323 2118 commu-

1274 2138 1338 2174 nia
1355 2138 1552 2189 reperiet,
1584 2147 1665 2177 tum
1699 2136 1938 2177 Herodotum
1964 2137 2163 2189 praecipue
2180 2151 2322 2176 -rerum

1272 2194 1512 2245 divinarum,
1533 2196 1806 2249 Thucydidem
1836 2196 2001 2234 rationis
2022 2195 2169 2243 civilis,
2187 2195 2321 2234 Xeno·

1273 2252 1459 2305 phontem
1479 2256 1642 2295 moralis
1670 2254 1933 2307 philosophiae
1960 2253 2176 2292 studiosum
2205 2254 2324 2294 fuisse

1272 2313 1567 2354 animadvertet.
1591 2314 1694 2353 Satis
1722 2314 2010 2352 demonstrasse
2040 2312 2136 2351 mihi
2167 2313 2319 2362 videor,

1272 2380 1458 2424 quantum
1474 2374 1670 2413 valuerint
1687 2373 1894 2426 Sophistae‚
1915 2374 1982 2423 qui
2001 2372 2161 2411 Athenis
2177 2373 2320 2412 sitienti

1267 2433 1465 2482 juventuti
1485 2433 1717 2484 eloquentiae
1733 2441 1770 2470 et
1795 2430 2057 2484 philosophiae
2079 2431 2203 2470 sontes
2227 2445 2323 2483 ape-

1271 2490 1438 2541 ricbant,
1455 2492 1503 2530 ad
1513 2494 1635 2531 aetatis
1653 2505 1733 2531 suae
1748 2491 2014 2543 disciplinam,
2032 2504 2174 2539 mores,
2193 2492 2322 2531 studia

1271 2550 1522 2592 immutanda.
1545 2554 1630 2590 Jam
1656 2564 1750 2590 vero
1769 2563 1884 2589 nemo
1905 2550 2057 2602 ignorat
2081 2563 2235 2588 scenam
2253 2565 2321 2589 co-

1271 2610 1408 2650 micam
1428 2611 1531 2664 apud
1547 2611 1802 2650 Athenienses
1822 2609 1989 2663 publicae
2003 2622 2177 2648 censurae
2198 2609 2320 2649 instar

1270 2669 1402 2711 fuisse.
1434 2670 1530 2710 Vere
1557 2670 1663 2710 enim
1695 2670 1878 2708 Horatius
1905 2669 1960 2708 ait
1987 2668 2065 2709 Sat.
2091 2667 2164 2709 lib.
2198 2668 2231 2717 1,
2255 2675 2276 2715 l,
2307 2685 2315 2709 :

1273 2747 1288 2762 α
1305 2729 1466 2782 Eupolis
1479 2739 1594 2782 atque
1606 2730 1786 2770 Cratinus
1802 2728 2165 2781 Aristophanesque
2178 2738 2317 2780 poetae,

1267 2797 1383 2841 atque
1399 2790 1466 2829 alii
1488 2803 1655 2842 quorum
1680 2788 1873 2828 comoedia
1896 2787 2029 2840 prisca
2048 2788 2227 2825 virorum
2244 2797 2316 2836 cst,

1265 2849 1296 2888 si
1312 2850 1401 2901 quis
1422 2859 1506 2889 erat
1521 2850 1663 2901 dignus
1677 2848 1871 2898 describi,
1891 2847 1996 2900 quod
2012 2846 2136 2885 malus
2157 2854 2223 2886 aut
2241 2847 2317 2895 sur,

1266 2909 1371 2960 quod
1389 2908 1563 2949 moechus
1576 2909 1673 2949 soret
1688 2917 1755 2948 aut.
1769 2908 1938 2948 sicarius
1951 2915 2017 2945 aut
2033 2906 2181 2958 alioqui
2199 2906 2316 2944 samo-

1265 2981 1353 3020 sus,
1371 2969 1492 3009 multa
1510 2983 1597 3009 cum
1614 2968 1794 3008 libertate
1819 2966 2020 3007 notabant.
2044 2984 2059 3001 υ

1320 3031 1369 3068 At
1383 3039 1531 3070 tantum
1550 3030 1677 3070 abfuit
1695 3038 1738 3069 ut
1762 3029 1845 3068 sola
1858 3027 2061 3067 hominum
2082 3026 2177 3065 vitia
2203 3026 2313 3065 casti-

1264 3099 1413 3140 garent,
1431 3099 1474 3130 ut
1496 3092 1596 3131 viris
1611 3090 1769 3130 virtutis
1795 3097 1832 3128 et
1851 3087 2051 3140 sapientia:
2075 3085 2198 3137 gloria
2218 3099 2315 3137 pra·-

1263 3149 1455 3190 stantibus
1476 3158 1674 3190 nocerent.
1691 3148 1843 3189 Etenim
1859 3147 2084 3198 quicunque
2103 3157 2231 3183 rerum
2253 3144 2314 3181 ‹li-

1264 3210 1444 3249 vinarum
1464 3218 1503 3250 et
1520 3210 1777 3249 humanarum
1802 3206 2025 3257 cognitione
2052 3203 2245 3243 excellcre
2272 3215 2316 3240 ac

1263 3280 1398 3321 sapere
1418 3269 1506 3321 plus
1522 3281 1638 3321 quam
1659 3267 1788 3307 caeteri
1808 3267 2054 3311 credebatur,
2081 3263 2183 3301 hunc
2204 3261 2311 3300 deri·

195 3418 264 3461 (17)
283 3418 324 3454 ’0
347 3415 398 3454 ist
419 3423 475 3460 τῆς
489 3422 606 3460 σιἠνῆς
619 3418 784 3462 φιλόσοφος
800 3418 988 3452 nominatur
1001 3425 1020 3450 a
1034 3415 1202 3451 clemente

149 3465 369 3502 Alexandrino
381 3469 502 3503 strom.
518 3467 575 3501 nb.
596 3468 639 3508 v,
660 3470 695 3500 1‘2
713 3464 734 3508 ς
750 3468 804 3507 71,
817 3474 849 3508 p.
873 3466 935 3499 688
949 3464 1002 3499 ed.
1017 3464 1140 3499 Pottar.
1157 3481 1199 3492 —

1305 3416 1371 3458 (ts)
1386 3420 1409 3451 Α
1424 3415 1606 3458 Chrysippo
1622 3417 1654 3449 et
1674 3414 1754 3448 aliis.
