2638 3840
317 305 386 341 ¹02
1138 288 1600 330 PYTHAGOREORUM

354 389 548 440 (Stobaeus
568 387 697 436 Eclog.
718 384 789 423 lib.
809 383 845 421 11
861 396 941 433 cap.
964 395 1001 429 7,
1025 394 1062 431 p.
1081 381 1129 417 32
1149 392 1257 430 seqq.
1279 379 1339 418 ed.

301 451 465 489 Heeren.
497 447 725 485 Universam
748 443 794 480 de
820 439 995 479 moribus
1023 438 1240 476 doctrinam
1268 437 1341 477 hoc

301 511 423 560 capite
450 504 718 557 complectitur
744 501 956 550 Didymus,
991 497 1311 535 Academicorum
1327 527 1338 546 ‚

299 567 639 618 Peripateticorum
676 570 713 599 et
750 559 966 597 Stoicorum
1007 556 1138 593 habita
1174 557 1338 594 ratione.

297 627 423 672 Quum
445 632 568 661 autem
592 634 639 659 ex
665 621 809 658 caeteris
835 616 1158 668 philosophorum
1181 614 1342 653 familiis

299 684 507 735 Epicureos
529 679 773 731 potissimum
793 683 830 714 et
852 674 1084 726 Cyrenaicos
1111 673 1276 712 multum
1294 673 1343 712 de

300 744 441 782 talibus
476 741 590 779 rebus
622 738 843 789 quaesivisse
874 742 1044 781 constet,
1080 734 1343 772 existimamus

299 816 385 840 eum
408 802 455 839 de
479 800 557 837 illis
574 809 729 848 quoque
755 794 972 845 disputasse
986 822 996 841 ,
1019 793 1086 831 sed
1106 806 1240 831 eorum
1259 792 1342 844 pla-

299 862 371 897 cita
385 872 405 896 a
418 857 568 895 Stobaeo
591 856 630 893 in
648 853 826 905 Septimii
843 852 912 890 filii
933 852 1094 902 gratiam
1112 851 1181 890 has
1191 852 1342 903 quales-

299 930 450 968 cunque
467 924 638 954 veterum
659 912 843 963 reliquias
864 911 1071 961 colligente
1087 923 1171 949 esse
1189 919 1345 962 praeter-

301 977 429 1014 missa.
461 974 518 1012 Ad
547 971 866 1010 Academicorum
895 969 1047 1008 decreta
1077 970 1343 1020 cognoscenda

300 1045 510 1083 eorumque
544 1043 732 1069 summam
763 1029 1060 1081 proponendam
1098 1029 1182 1067 sine
1214 1029 1342 1068 dubio

300 1092 486 1143 Didymus
517 1089 749 1141 Speusippi,
775 1087 1004 1126 Xenocratis
1036 1095 1074 1126 et
1101 1087 1341 1139 reliquorum

298 1152 441 1202 scripta
460 1149 554 1187 adiit
568 1162 653 1200 quae
668 1147 747 1198 jam
763 1147 912 1198 pridem
931 1146 1224 1187 interciderunt.
1248 1148 1342 1187 Cum

297 1210 367 1247 liac
401 1222 494 1247 vero
525 1207 796 1259 disputationis
824 1214 933 1257 parte
958 1206 1225 1244 contendenda
1255 1215 1343 1245 sunt

297 1282 383 1320 quae
402 1268 538 1306 Cicero
559 1267 601 1304 in
623 1266 865 1303 Academicis
896 1264 1185 1311 Quaestionibus
1200 1265 1341 1303 iisdem

298 1330 346 1366 de
377 1326 492 1364 rebus
515 1326 684 1364 disserit.
719 1325 777 1362 De
805 1324 970 1373 singulis
993 1324 1091 1362 locis
1124 1337 1246 1375 pauca
1274 1338 1344 1363 no-

298 1386 476 1424 tabimus.
513 1406 566 1414 -
593 1383 603 1406 ⁴
631 1384 669 1423 τὸ
699 1382 877 1436 ὀρεκτικὸν
909 1382 1011 1436 μέρος
1047 1383 1124 1432 legi
1163 1384 1346 1422 convenit

297 1458 382 1482 cum
418 1442 644 1481 melioribus
678 1442 791 1482 codd.
822 1455 894 1492 pro
926 1441 966 1479 τὸ
999 1440 1178 1494 ὀρεκτικὸν
1219 1442 1342 1485 πάθος.

296 1503 390 1542 Nam
409 1516 521 1541 nemo
543 1510 600 1540 est
619 1501 686 1552 qui
707 1502 861 1550 ignoret
878 1500 1081 1552 Platonem
1104 1508 1180 1538 tres
1206 1501 1345 1539 animae

297 1571 425 1613 partes
458 1574 538 1598 esse
573 1561 769 1607 voluisse,
798 1573 915 1597 unam
946 1561 1098 1598 ratione
1118 1559 1342 1610 praeditam,

297 1620 336 1658 τὸ
374 1619 508 1670 λογικὸν
542 1619 661 1671 μέρος,
693 1632 737 1656 ac
765 1618 860 1656 duas
890 1619 1040 1657 ratione
1068 1627 1274 1669 vacantes,
1304 1618 1344 1657 τὸ

300 1677 568 1727 ἐπιθυμητικόν,
596 1685 633 1714 et
669 1675 708 1714 τὸ
745 1676 907 1727 θυμικόν,
943 1690 1029 1727 quae
1058 1676 1124 1714 hic
1145 1677 1345 1715 communi

299 1737 455 1775 nomine
502 1739 561 1774 τοῦ
602 1736 779 1788 ὄρεκτικοῦ
835 1735 1234 1787 comprehenduntur.
1293 1758 1346 1765 —

298 1795 315 1818 ²
337 1796 550 1847 Scripserat
576 1794 680 1848 Zeno
709 1803 803 1832 teste
818 1795 930 1844 Diog.
960 1794 1088 1833 Laert.
1111 1794 1182 1833 lib.
1206 1794 1292 1842 Vll,
1320 1800 1342 1839 4

299 1855 430 1906 plures
456 1855 504 1892 de
523 1854 660 1892 morali
682 1854 928 1905 philosophia
952 1853 1092 1903 libros,
1113 1853 1192 1906 περὶ
1213 1855 1343 1905 ὁρμῆς,

298 1913 378 1966 περὶ
411 1915 552 1960 παθῶν,
571 1913 651 1965 περὶ
680 1916 739 1951 τοῦ
771 1911 983 1959 καθήκοντος
1006 1922 1043 1951 el.
1067 1913 1164 1951 alios
1191 1926 1239 1950 ex
1259 1913 1344 1963 qui-

298 1971 371 2010 bus
405 1972 485 2009 haec
533 1972 651 2023 petita
692 1972 890 2010 videntur.
925 1993 975 2001 —
1007 1970 1021 1993 ³
1061 1971 1149 2011 Vid.
1176 1971 1342 2011 Aristot.

299 2029 424 2069 Ethic.
447 2030 597 2068 Nicom.
620 2029 691 2069 lib.
709 2029 762 2076 ΙΙ,
785 2035 822 2074 4.
845 2029 919 2068 Sed
939 2030 1039 2067 hanc
1059 2030 1183 2081 ipsam
1206 2030 1345 2068 defini-

300 2089 443 2126 tionem
481 2087 711 2138 conjicimus
743 2090 790 2126 ab
824 2089 1032 2126 Aristotele
1063 2089 1105 2126 iii
1141 2089 1345 2139 deperdito

300 2160 416 2197 opere
434 2145 514 2198 περὶ
530 2148 650 2184 παθῶν
664 2146 857 2196 vulgatam
880 2159 974 2186 esse.
999 2147 1060 2186 Cf.
1081 2147 1198 2196 Diog.
1216 2146 1341 2186 Laert.

1402 378 1429 402 ¹⁸
1454 372 1524 418 οἷον
1541 378 1580 418 τὸ
1606 378 1659 423 τίς
1687 378 1812 431 ἀρίστη
1830 380 2039 430 rescripsi;
2061 378 2155 417 libri
2180 372 2250 418 οἷον
2270 380 2309 418 ἐκ
2328 378 2443 425 τοῦτίς

1399 437 1540 490 ἀρίστη.
1571 460 1626 469 -
1650 438 1682 461 ⁴²
1702 438 1884 491 ἑξαμέρεια
1906 446 1964 475 est
1994 436 2140 476 divisio
2166 437 2207 476 in
2225 450 2293 476 sex
2313 447 2443 490 partes

1399 498 1483 536 sive
1494 498 1615 538 locos.
1630 498 1811 537 Continet
1825 499 1927 535 enim
1938 500 1955 536 ὁ
1967 496 2216 550 προτρεπτικὸς
2228 497 2328 547 λόγος
2345 498 2443 537 duos

1400 558 1526 604 locos,
1551 557 1610 596 τὸν
1628 560 1866 611 παρορμῶντα
1896 565 1933 594 et
1961 556 2018 595 τὸν
2040 555 2298 608 ἀπελέγχοντα,
2322 570 2443 608 porro

1398 619 1416 655 ὁ
1431 615 1678 668 θεραπευτικός
1699 615 1796 654 duos
1816 615 1907 653 item
1921 644 1931 663 ,
1954 614 2012 653 τὸν
2030 613 2290 668 ὑπεξαιρετικόν
2326 625 2365 654 et
2382 615 2442 655 τὸν

1400 674 1586 723 ἐνθετικόν,
1608 675 1777 725 denique
1793 676 1811 712 ὁ
1834 674 1915 727 περὶ
1930 672 2047 718 τέλους
2071 674 2184 721 duos,
2199 672 2262 711 τὸν
2279 673 2359 727 περὶ
2384 675 2445 714 εὖ·

1401 733 1579 784 δαιμονίας
1600 743 1637 772 et
1652 733 1710 772 τὸν
1732 732 1811 785 περὶ
1835 732 1934 785 βίων,
1955 733 2024 784 qui
2043 733 2115 771 etsi
2137 731 2288 771 duabus
2323 735 2444 785 parti·

1399 792 1473 831 bus
1494 793 1541 831 de
1574 794 1656 831 vita
1694 802 1773 830 tum
1803 793 1962 844 ‘privata
1982 801 2062 830 tum
2094 791 2252 844 publica
2279 801 2444 841 constat,

1404 860 1530 890 tamen
1549 852 1806 904 posteriorem
1819 882 1831 901 ‚
1852 851 1958 903 quod
1977 851 2166 890 latissime
2183 860 2324 903 pateat,
2340 865 2449 904 sepa-

1401 911 1515 949 ratim
1552 911 1709 949 tractari
1748 909 1889 948 debere
1918 909 2130 948 contendit.
2161 932 2214 940 ——
2234 910 2266 934 ¹³
2299 911 2446 952 Eudori

1403 969 1681 1017 Alexandrini,
1701 970 1770 1020 qui
1797 977 1875 1007 tum
1897 969 2150 1008 Academicus
2172 969 2244 1008 fuit
2264 971 2446 1022 tum‘Py-

1402 1027 1623 1077 thagoricus
1637 1058 1646 1068 .
1678 1040 1739 1066 res
1759 1036 1872 1078 atque
1892 1028 1934 1065 in
1951 1028 2100 1066 litteras
2119 1028 2257 1066 merita
2272 1028 2382 1078 attigi
2402 1029 2445 1067 in

1402 1086 1674 1124 dissertatione
1707 1087 1754 1123 de
1788 1084 2055 1136 Pythagoreis.
2084 1106 2138 1115 —
2174 1084 2208 1107 '⁴
2246 1084 2448 1137 Expositis

1402 1146 1522 1183 variis
1540 1147 1603 1192 τ’ῆς
1627 1145 1771 1197 Θεωρίας
1788 1145 1888 1183 locis
1911 1145 2050 1182 transit
2071 1144 2119 1182 ad
2136 1156 2181 1181 ea
2202 1157 2290 1195 quae
2306 1147 2329 1192 ἡ
2349 1143 2444 1198 ὁρμή

1402 1204 1486 1242 sive
1518 1205 1710 1256 appetitus
1736 1204 2017 1255 complectitur.
2041 1225 2094 1231 —-
2111 1201 2143 1225 ¹⁵
2170 1203 2446 1256 ἀρρωστήματα,

1403 1277 1489 1314 quae
1517 1264 1653 1302 Cicero
1681 1263 1797 1301 Tusc.
1829 1262 1894 1310 lv,
1935 1277 1980 1300 10
2017 1270 2127 1300 vocat
2159 1263 2446 1312 aegroiationes,

1402 1323 1597 1373 pertinent
1616 1323 1663 1361 ad
1683 1323 1869 1360 vitiosum
1889 1321 2010 1360 animi
2023 1329 2160 1359 statum
2175 1333 2223 1358 ex
2241 1321 2447 1360 affectuum

1403 1382 1568 1433 imperio
1599 1389 1741 1420 ortum.
1763 1380 1858 1426 Quae
1884 1389 2100 1430 sequuntur
2127 1380 2347 1418 Stoicorum
2368 1380 2447 1418 do·-

1403 1441 1566 1478 ctrinam
1587 1440 1776 1479 redolent.
1799 1438 1922 1476 Stoici
1941 1439 2045 1476 enim
2077 1438 2188 1476 multi
2208 1446 2318 1476 erant
2333 1438 2376 1476 in
2392 1438 2447 1476 af-

1391 1499 1570 1537 ·fectuum
1604 1511 1690 1536 cum
1726 1497 1876 1535 morbis
1905 1497 2215 1548 comparatione,
2249 1505 2293 1534 ut
2315 1509 2365 1536 ex
2397 1497 2450 1536 iis

1403 1571 1489 1608 quae
1507 1558 1610 1595 infra
1628 1557 1675 1595 de
1695 1570 1830 1595 eorum
1844 1555 2011 1594 decretis
2028 1556 2207 1594 dicentur
2225 1554 2386 1607 patebit.
2400 1577 2451 1585 —-

1405 1615 1437 1639 ⁴¹⁵
1463 1618 1596 1666 Pergit
1626 1616 1794 1667 scriptor
1837 1615 1885 1653 ad
1916 1623 2031 1667 caput
2062 1615 2218 1653 tertium
2246 1614 2326 1665 περὶ
2352 1615 2451 1667 πρά-

1403 1675 1498 1724 ξεως,
1529 1675 1639 1727 cujus
1660 1675 1836 1724 singulos
1860 1675 1966 1712 locos
1993 1682 2208 1713 enumerat.
2228 1692 2281 1702 -
2297 1672 2331 1696 ⁴¹¹
2361 1675 2452 1713 Post

1403 1735 1632 1785 παθολογικός
1679 1733 1946 1772 desideramus
1994 1733 2230 1772 divisionem
2268 1733 2448 1771 locorum

1404 1793 1483 1847 περὶ
1513 1795 1583 1832 τῶν
1612 1794 1730 1831 αἰτιῶν
1750 1801 1787 1831 et
1805 1791 1886 1845 περὶ
1905 1795 1966 1840 τῆς
1985 1792 2183 1839 ἀσκήσεως,
2203 1793 2297 1843 quia
2315 1792 2451 1844 plures

1404 1856 1605 1905 utriusque
1623 1861 1751 1902 partes
1776 1851 1948 1891 fuerunt.
1978 1851 2239 1897 Quamobrem
2269 1850 2449 1890 librario-

1405 1926 1490 1951 rum
1525 1913 1640 1964 culpa
1683 1912 1748 1948 hic
1784 1911 1961 1961 quaedam
1999 1910 2246 1949 intercidisse
2279 1910 2449 1950 arbitra-

1404 1985 1505 2011 mur.
1540 1993 1593 2001 —
1621 1969 1653 1993 ⁴⁸
1690 1969 1882 2007 Locorum
1920 1969 1987 2020 qui
2020 1968 2068 2006 ad
2111 1969 2235 2020 πρᾶξιν
2269 1978 2448 2021 spectant
2506 1976 2508 1978 ’

1406 2028 1676 2080 repetitionem
1698 2040 1871 2064 mancam
1892 2039 1988 2074 esse,
2009 2027 2268 2078 praecedentia
2295 2027 2450 2068 docent.

1405 2087 1519 2125 Deest
1553 2087 1657 2124 enim
1690 2087 1799 2124 locus
1834 2084 2096 2138 προτρεπτικός.
2139 2085 2304 2137 Insuper
2341 2086 2453 2126 locus

1405 2145 1633 2198 παθολογικός
1661 2159 1781 2196 quum
1812 2159 1891 2183 non
1919 2145 2074 2183 differat
2098 2158 2120 2183 a
2145 2147 2449 2199 παραμυθητικῷ,

301 2204 369 2243 lib.
396 2205 441 2251 V,
476 2206 539 2242 23.
571 2228 624 2233 --
651 2203 667 2231 4
699 2205 762 2243 Sic
797 2206 911 2243 etiam
939 2205 1133 2255 Diogenes
1169 2205 1346 2244 Laertius
1372 2190 1376 2230 1
1405 2206 1527 2257 liquet
1555 2203 1687 2243 vocem
1717 2199 1944 2256 παθολογικόν
1965 2217 2079 2254 quain
2102 2204 2313 2242 Heerenius
2340 2205 2451 2243 uncis

301 2262 372 2302 lib.
391 2263 484 2310 Vll,
506 2264 555 2300 63
582 2278 590 2301 :
613 2262 685 2301 ἔστι
706 2262 741 2301 δὲ
762 2263 844 2301 αὐτὸ
865 2263 1023 2308 τὸπάθος
1044 2263 1137 2302 κατὰ
1156 2263 1302 2310 Ζήνωνα
1322 2263 1344 2311 ἢ

302 2321 423 2373 ἄλογος
441 2322 498 2359 καὶ
523 2321 619 2373 παρὰ
635 2322 734 2373 φύσιν
757 2324 870 2374 ψυχῆς
885 2322 1037 2371 κίνησις,
1054 2322 1076 2369 ἢ
1092 2322 1183 2375 ὁρμὴ
1199 2323 1344 2362 πλεονά-

303 2383 420 2424 ζουσα.
442 2405 493 2409 —-
511 2381 525 2403 5
547 2382 723 2432 Applicat
752 2394 791 2419 se
809 2382 998 2432 Didymus
1018 2383 1059 2419 in
1085 2383 1342 2433 exsequendis

305 2438 616 2476 Academicorum
647 2440 753 2477 scitis
774 2441 821 2478 ad
849 2442 947 2479 duos
975 2441 1060 2492 ejus
1086 2442 1343 2493 philosophiae

305 2497 527 2545 magistros,
565 2497 766 2535 Philonem
805 2498 1032 2537 Lai·issaeum
1070 2509 1108 2538 et
1145 2500 1344 2539 Eudorum

306 2555 623 2602 Alexandrinum,
640 2557 707 2605 qui
730 2570 840 2594 novae
857 2557 1073 2595 Academiae
1099 2558 1343 2610 philosophis

306 2621 619 2652 annumerantur.
655 2613 741 2651 Fuit
766 2624 890 2652 autem
910 2616 1025 2654 Philo
1040 2616 1252 2655 Larissaeus
1272 2617 1350 2655 cla-

307 2684 371 2708 rus
396 2671 591 2708 Ciceronis
616 2680 723 2710 aetate
750 2674 817 2723 qui
839 2687 926 2712 eum
951 2674 1056 2713 bello
1085 2675 1350 2715 Mithridatico

306 2728 512 2777 profugum
535 2729 665 2767 Romae
693 2731 892 2769 audiverat
911 2733 1148 2784 summisque
1166 2733 1347 2773 laudibus

308 2787 418 2824 effert
426 2786 567 2832 Quaest.
580 2788 697 2826 Acad.
712 2789 782 2826 lib.
799 2792 828 2837 1,
842 2795 862 2834 4
874 2799 910 2828 et
921 2791 992 2832 lib.
1006 2792 1070 2841 lv,
1091 2798 1127 2836 4.
1142 2793 1348 2832 Perierunt

311 2844 394 2894 ejus
413 2844 522 2892 libri,
543 2846 583 2883 in
598 2846 740 2896 quibus
760 2848 854 2886 duas
875 2861 954 2887 esse
979 2850 1207 2890 Academias
1227 2866 1348 2903 nega-

311 2910 429 2941 verat.
464 2902 551 2940 Vid.
580 2903 716 2942 Cicero
753 2906 780 2945 l.
807 2920 842 2945 c.
872 2930 924 2934 —-
951 2904 967 2928 ⁶
994 2908 1196 2947 Philonem
1224 2911 1350 2949 Clito-

311 2962 434 2998 machi
469 2962 681 3000 auditorem
708 2964 823 3002 fuisse
846 2967 1043 3004 memoriae
1070 2969 1205 3017 prodit
1234 2971 1348 3007 etiam

311 3020 448 3058 Cicero
477 3021 594 3058 Acad.
624 3022 693 3059 lib.
721 3023 784 3070 lv,
808 3025 846 3062 6.
868 3047 921 3053 —
943 3031 958 3056 ⁷
989 3027 1132 3076 Scripsi
1163 3028 1350 3080 ἀναλογίας

312 3078 454 3129 rejecta
479 3079 654 3116 codicum
683 3081 875 3131 scriptura
895 3083 1094 3134 ἀναλογίαν.
1123 3107 1175 3114 -
1198 3085 1213 3107 ⁸
1233 3086 1350 3125 Posui

312 3135 351 3173 τὸ
371 3136 560 3189 προσάγειν
579 3136 654 3174 ἐστὶ
671 3137 715 3174 τὰ
732 3138 794 3186 μὲν
816 3140 1047 3190 θεραπευτικά
1070 3155 1141 3191 pro
1161 3145 1350 3188 membra·

1405 2265 1575 2315 inclusit,
1590 2264 1650 2302 vel
1669 2262 1869 2301 delendam
1885 2263 1945 2300 vel
1961 2262 2226 2313 reponendum
2239 2275 2322 2302 esse
2339 2262 2363 2310 ἢ
2382 2278 2454 2301 πα-

1405 2321 1597 2374 θολογικόν,
1627 2321 1702 2360 nisi
1722 2321 1851 2373 potius
1872 2321 1919 2358 ad
1945 2321 2098 2372 plenam
2118 2323 2450 2360 enumerationem

1405 2382 1647 2420 efficiendam
1662 2380 1843 2432 praeferas
1854 2379 2156 2431 παραμυθητικόν,
2177 2381 2450 2433 προτρεπτικόν,
2473 2386 2476 2389 ’

1405 2440 1484 2493 περὶ
1502 2439 1682 2486 ἀσκήσεως
1696 2439 1772 2477 κτλ.
1787 2459 1842 2467 -
1854 2437 1885 2460 ⁴⁹
1909 2438 2096 2489 Exposita
2107 2440 2268 2478 moralis
2282 2440 2453 2491 philoso-

1405 2499 1505 2550 phiae
1527 2498 1723 2537 divisione
1753 2497 1891 2535 transit
1911 2505 2046 2535 auctor
2072 2497 2119 2534 ad
2139 2497 2315 2547 singulos
2336 2497 2455 2549 hujus

1407 2557 1623 2609 discipliuae
1634 2557 1753 2604 locos,
1770 2557 1873 2594 itaut
1887 2555 2057 2607 primum
2070 2554 2117 2592 de
2126 2556 2202 2593 fine
2216 2563 2324 2605 agat3
2337 2569 2453 2607 quam
2483 2597 2489 2602 ,

1375 2632 1379 2676 ι
1408 2630 1488 2656 rem
1522 2630 1544 2654 a
1563 2615 1757 2654 veteribus
1778 2614 2024 2666 philosophis
2051 2627 2152 2665 saepe
2181 2622 2451 2665 pertractatam

1375 2678 1379 2726 ξ
1410 2677 1527 2715 fuisse
1545 2688 1593 2713 ex
1612 2675 1813 2713 Ciceronis
1833 2673 1880 2711 de
1898 2673 2059 2711 Finibus
2076 2672 2269 2711 bonorum
2281 2682 2319 2711 et
2332 2674 2455 2712 malo-

1409 2749 1495 2773 rum
1512 2733 1627 2772 libris
1651 2733 1908 2783 intelligitur3
1930 2731 2070 2769 deinde
2090 2744 2184 2770 vero
2203 2743 2320 2782 super
2338 2730 2454 2770 bonis

1409 2803 1446 2832 et
1467 2794 1578 2832 malis
1595 2792 1751 2831 scribat.
1766 2792 1892 2837 Quum
1910 2799 2036 2828 autem
2050 2799 2191 2842 praeter
2202 2790 2454 2828 Academico-

1410 2867 1496 2891 rum
1527 2852 1669 2904 placita
1687 2851 1851 2889 aliorum
1872 2862 2027 2900 quoque
2045 2849 2368 2901 philosophorum
2389 2849 2453 2888 de-

1410 2920 1512 2950 creta
1538 2919 1743 2956 memoret,
1766 2909 1965 2960 sequentia
1984 2921 2110 2959 neque
2130 2921 2178 2946 ex
2197 2908 2361 2946 Philone
2382 2921 2451 2946 rie-

1413 2983 1488 3019 que
1506 2983 1554 3008 ex
1573 2969 1729 3008 Eudoro
1756 2982 1777 3006 a
1802 2968 1972 3019 Didymo
1990 2976 2114 3005 sumta
2135 2980 2218 3005 esse
2237 2967 2454 3006 statuimus.

1409 3029 1596 3067 Caeterum
1616 3028 1731 3067 initio
1756 3027 1873 3065 variae
1893 3027 2001 3064 vocis
2026 3025 2126 3069 τέλος
2151 3026 2455 3075 significationes

1377 3106 1380 3131 ι
1410 3096 1699 3126 enumerantur.
1719 3108 1772 3116 —
1793 3085 1826 3108 ²⁰
1846 3085 1965 3123 Posui
1990 3083 2115 3131 ἀτελής
2142 3099 2219 3133 τις;
2245 3083 2359 3123 codd.
2391 3083 2455 3121 αὖ·

1409 3146 1562 3193 τοτελής.
1597 3167 1651 3175 —
1682 3145 1711 3168 ²¹
1739 3145 1879 3183 Eadem
1911 3144 2092 3193 leguntur
2122 3142 2225 3194 apud
2254 3142 2452 3180 Pollucem

313 3207 447 3232 narum
477 3195 643 3232 lectione
673 3196 711 3233 τὸ
732 3198 919 3247 προσάγειν
948 3198 1021 3236 ἐστὶ
1051 3199 1180 3247 ταύτην
1207 3205 1268 3239 τοῦ
1289 3204 1350 3252 μὲν
1411 3204 1462 3252 ll,
1484 3206 1521 3252 3,
1539 3205 1626 3256 qui,
1640 3203 1778 3251 τέλειος,
1796 3202 1939 3253 inquit,
1952 3201 2063 3253 γάμος
2079 3199 2229 3250 ἐλέγετο,
2248 3201 2295 3243 ὡς
2307 3200 2448 3237 τελειῶν

313 3255 577 3304 θεραπευτικοῦ.
599 3275 651 3282 -
671 3253 686 3276 ⁹
706 3254 899 3306 Rescripsi
925 3255 986 3304 δὴ;
1021 3258 1135 3298 codd.
1169 3259 1238 3297 διὰ.
1262 3261 1351 3298 Cae-
1410 3263 1494 3314 πρὸς
1513 3263 1572 3301 τὸν
1594 3261 1667 3315 βίον
1691 3262 1748 3301 τὸν
1764 3262 1954 3314 ἄνθρωπον.
1978 3260 2076 3297 Hinc
2092 3268 2130 3297 et
2145 3259 2299 3309 Jupiter
2315 3257 2454 3305 τέλειος,

313 3320 434 3348 terum
452 3321 538 3362 post
555 3313 783 3350 νοσοποιεῒται
796 3316 858 3359 τ’ἧς
872 3315 984 3366 ψυχῆς
1004 3316 1155 3354 codices
1168 3318 1350 3357 exhibent
1410 3330 1451 3358 ut
1472 3323 1692 3373 nuptiarum
1709 3333 1871 3373 praeses,
1903 3328 1940 3357 et
1955 3316 2057 3370 “Hp-n
2090 3317 2220 3357 τελεία.
2240 3338 2293 3346 —-
2306 3315 2340 3338 ²²
2380 3316 2454 3354 Eu·

312 3368 607 3422 νθνὶιειπροσάγει
620 3370 720 3421 λόγον
738 3385 823 3421 quae
838 3373 930 3422 quia
945 3386 1230 3424 supervacanea
1244 3387 1352 3415 eraut
1411 3381 1528 3430 ripid.
1554 3382 1689 3421 Bacch.
1711 3394 1770 3421 vs.
1800 3380 1890 3418 385.
1914 3401 1966 3408 —-
1994 3376 2028 3400 ²3
2052 3378 2208 3415 Homer.
2232 3376 2347 3414 Iliad.
2380 3375 2453 3415 lib.

314 3439 336 3462 a
361 3440 420 3464 ine
445 3429 588 3466 omissa
621 3438 724 3469 sunt.
754 3452 807 3459 —
839 3430 870 3452 ’θ
908 3431 1220 3471 Membranarum
1254 3437 1349 3473 scri-
1411 3438 1458 3485 X,
1495 3445 1586 3486 470.
1622 3460 1675 3468 —-
1702 3438 1735 3465 24
1765 3438 1824 3477 Cf.
1862 3437 2017 3488 Lipsius
2050 3435 2206 3473 Manud.
2242 3435 2361 3472 Stoic.
2398 3433 2451 3481 ΙΙ,

315 3493 463 3534 ptiiram
487 3486 584 3539 ἐφ’ὃν
597 3488 654 3525 καὶ
666 3488 708 3525 δι’
726 3487 762 3525 ὃν
775 3490 917 3527 mutavi
935 3490 975 3528 in
990 3490 1041 3542 ἐφ’
1057 3485 1103 3529 ὧν
1121 3491 1180 3530 καὶ
1195 3494 1238 3530 δι’
1255 3493 1288 3532 ἃ.
1307 3518 1348 3523 -
1418 3498 1478 3535 1‘5,
1497 3519 1550 3526 --
1571 3497 1605 3520 2⁵
1626 3497 1777 3548 Scripsi
1809 3495 1875 3535 ὑπὸ
1899 3495 2101 3547 Κράτητος;
2134 3493 2245 3532 codd.
2272 3494 2453 3544 Κρατῖνος.

2612 3502 2638 3536 ἐμῆ
2611 3426 2634 3485 ’θήρ-ἶ
2617 3391 2635 3408 2¹³„
2616 3338 2635 3352 ἐ
2636 3285 2637 3289 Α
2615 3265 2618 3267 ”
2615 3241 2619 3244 ”
2614 3198 2616 3202 ’

2620 3636 2633 3651 ν·
2621 3588 2638 3630 „22³2
2620 3538 2638 3582 φρ
