2606 3828
331 238 405 270 304
1057 221 1366 265 CYNICORUM
1396 221 1732 262 FRAGMENTA.

324 318 429 355 αὐτοῦ
449 309 537 356 εἶναι
558 316 627 355 εἶδέ
629 332 684 355 ναι
704 331 740 354 τε
763 315 785 354 ἃ
802 313 955 362 λεκτέον,
981 311 1041 351 καὶ
1067 311 1176 363 ποτε,
1202 325 1262 349 και
1279 308 1368 348 τίνα
1431 308 1606 347 Laertius
1628 306 1698 348 lib.
1717 306 1781 352 tl,

323 376 516 423 σιωπητέον
537 376 597 414 καὶ
615 374 700 429 πρὸς
718 375 816 420 τίνας

379 435 567 484 (Stobaeus
610 435 743 472 Floril.
782 431 952 478 XXXIV,
988 432 1033 468 16
1065 431 1103 468 ἐκ
1138 431 1206 467 τῶν
1240 426 1372 471 Δίωνος

323 495 460 547 χρειῶν.
476 494 615 545 Recepi
632 493 813 531 Meinekii
828 490 1089 541 conjecturam
1107 486 1345 539 μειρακίσκων
1356 515 1368 534 ,

325 552 435 591 codd.
454 553 676 605 μειρακίων.)

378 626 427 652 ol.
460 611 626 663 Διογένης
662 608 771 662 ᾔτησέ
805 623 890 646 ποτε
926 605 1104 646 Πλάτωνα
1135 606 1204 642 τῶν
1239 605 1278 642 ἐκ
1311 619 1371 643 του

328 672 441 717 κήπου
475 669 629 722 ἰσχάδων
661 668 771 719 τρεῖς·
802 668 847 710 ὡς
878 666 908 703 δ’
931 666 1000 703 ἐκει
1002 679 1057 707 νος
1091 663 1259 714 μέδιμνον
1285 661 1372 700 ἀπέ-

323 745 382 768 στε
387 731 472 777 ιλεν,
507 727 647 775 Οὕτως,
682 725 771 780 ἔφη,
800 724 860 764 καὶ
903 724 1083 776 ἀποκρίνει
1114 721 1148 760 ἓν
1187 719 1372 774 ἐρωτηθεὶς

353 805 371 826 υ
397 803 446 827 ια.

325 805 350 839 μ
376 803 567 897 {Stobaeus
584 845 718 882 Floiil.
740 843 913 891 XXXVI,
931 858 975 881 21
1004 812 1194 894 Διογένους.
1225 840 1370 878 Addidi

322 903 358 942 ἓν
379 917 426 942 ex
442 903 615 940 Jacobsii
645 901 884 953 conjectuima
905 902 954 939 At
980 902 1172 951 Diogenes
1190 899 1286 938 Laei
1289 908 1366 937 tius

324 962 394 1000 lib.
415 961 479 1007 VI,
503 963 552 998 26
573 961 646 998 hoc
672 961 790 998 modo
812 973 892 999 rem
922 960 1070 998 reseit:
1095 958 1262 1029 Διογένης
1278 951 1368 997 οἶνόν

322 1036 406 1058 ποτε
426 1020 556 1073 ἥτησεν
587 1018 690 1058 αὐτόν
716 1019 939 1070 (Πλάτωνα),
956 1018 1035 1057 τότε
1065 1019 1100 1056 δὲ
1122 1033 1181 1056 και
1202 1017 1371 1069 ἰσχάδας·

322 1081 340 1116 ὁ
361 1078 394 1116 δὲ
416 1078 582 1131 κεράμιον
603 1077 682 1116 ὅλον
703 1078 859 1131 ἔπεμψεν
877 1079 989 1130 αὐτῷ.
1011 1078 1082 1117 Καὶ
1099 1076 1152 1121 ὅς·
1171 1075 1237 1124 Σύ,
1254 1075 1372 1129 φησίν,

323 1136 381 1176 ἐὰν
405 1139 599 1190 ἐρωτηθῇς,
621 1136 680 1175 δύο
701 1138 761 1176 καὶ
784 1137 845 1175 δύο
865 1136 959 1176 πόσα
994 1135 1102 1185 ἐστίν,
1123 1135 1252 1174 εἴκοσιν
1284 1136 1372 1174 ἀπο-

320 1199 441 1249 κρινῇ,
470 1196 593 1240 Οὕτως
627 1196 705 1234 οὔτε
734 1196 819 1248 πρὸς
847 1194 892 1234 τὰ
924 1194 1113 1246 αἰτούμενα
1139 1194 1260 1241 δίδως,
1294 1193 1372 1232 οὔτε

320 1255 406 1307 πρὸς
425 1254 468 1293 τὰ
489 1254 702 1308 ἐρωτώμενα
724 1254 912 1307 ἀποκρίνῃ.
969 1253 1140 1307 Ἔσκωψε
1162 1253 1203 1300 δὴ
1221 1255 1268 1297 ὡς
1284 1254 1371 1291 ἀπε-

322 1314 552 1367 ραντολόγον.)

372 1387 419 1412 52.
449 1373 617 1425 Διογένης
649 1372 711 1417 τὰς
746 1371 939 1425 εὐμόρφους
971 1375 1039 1411 τῶν
1078 1374 1223 1424 ἑταιρῶν
1256 1371 1375 1410 ἐκάλει

322 1432 548 1484 βασιλίσσας·
573 1431 726 1476 πολλοὺς
758 1431 825 1484 γὰρ
859 1431 1038 1484 πράττειν,
1061 1431 1083 1470 ἃ
1118 1430 1160 1470 ἂν
1190 1432 1374 1484 προστάτ-

317 1505 416 1528 τωσι.
495 1519 499 1522 ,

375 1548 572 1601 (Stobaeus
594 1549 736 1589 Floril.
764 1550 882 1600 LXV,
909 1549 985 1601 15.)

381 1622 433 1648 53.
466 1608 632 1661 Διογένης
667 1609 879 1661 θεασάμενος
911 1608 1090 1660 μειράκιον
1122 1607 1293 1660 εὔμορφον
1314 1606 1375 1646 καὶ

323 1667 382 1706 διὰ
401 1670 504 1706 τοῦτο
519 1667 729 1720 φιλούμενον
747 1666 835 1721 ἔφη·
851 1665 1078 1715 Σπούδασον,
1095 1666 1286 1719 μειράκιον,
1298 1665 1376 1710 τοὺς

325 1729 385 1765 τοῦ
407 1725 569 1776 σώματος
589 1726 738 1780 ἐραστὰς
759 1729 807 1771 εἷς
827 1726 890 1774 τὴν
911 1725 1026 1779 ψυχὴν
1049 1731 1274 1778 μεταγαγεῖν.

378 1786 587 1837 (Antonius
606 1795 644 1824 et
659 1786 854 1825 Maximus
875 1787 998 1824 Sei-‚m
1018 1786 1065 1824 de
1082 1785 1376 1837 pulchritudine

324 1859 364 1897 p.
389 1846 480 1885 566.
501 1845 575 1883 Sed
604 1846 800 1896 Diogenes
826 1844 1263 1892 Iae1t1uslib.V1,58
1284 1845 1372 1884 ita:

319 1903 548 1954 θεασάμενος
582 1904 761 1957 μειράκιον
792 1906 1013 1980 φιλοσοφοῦν·
1034 1897 1150 1955 Εὖγε,
1183 1908 1292 1951 εἶπεν,
1322 1904 1375 1941 ὅτι

322 1979 400 2008 τους
427 1967 486 2003 τοῦ
517 1963 679 2016 σώματος
711 1964 859 2018 ἐραστὰς
877 1963 935 2003 ἐπὶ
955 1963 994 2002 τὸ
1020 1967 1083 2012 τῆς
1102 1964 1216 2016 ψυχῆς
1247 1963 1374 2006 κάλλος

325 2022 520 2075 μετάγεις.)

380 2096 431 2122 54.
462 2081 553 2127 Τοὺς
570 2085 709 2128 εὐειδεῖς
724 2083 783 2123 καὶ
802 2083 1032 2128 ἀπαιδεύτους
1047 2084 1184 2136 ὁμοίους
1201 2083 1266 2137 ἔφη
1284 2077 1375 2122 εἶναι

327 2142 561 2194 ἀλαὸάστροις
582 2142 723 2194 ἔχουσιν
743 2142 826 2188 ὅξος.

1806 306 1853 343 55
1874 319 1881 326 ·
1875 303 1992 358 ,πρὸς
2005 303 2083 349 τους
2101 305 2400 356 συμδουλεύοντας
2417 305 2477 345 τὸν

1434 367 1635 421 ἀποδράντα
1648 366 1752 404 αὐτοῦ
1768 365 1806 403 δο
1807 366 1851 402 ῧ)
1853 379 1889 402 ον
1905 366 2031 411 ζητεῖν·
2047 364 2200 413 Γελοῖον,
2215 364 2295 436 ἔφη,
2309 365 2339 403 εἰ
2353 364 2479 414 Μάνης

1433 426 1497 476 μὲν
1517 426 1625 479 ’χωρὶς
1645 425 1825 475 Διογένους
1845 425 1907 475 ζῆ,
1929 423 2095 475 Διογένης
2113 421 2150 462 δὲ
2168 423 2277 477 χωρὶς
2295 423 2421 463 Μάνου
2438 424 2478 463 οὔ

1433 466 1591 523 δύναται.
1651 484 1693 522 Αἰ
1697 484 1735 521 li·
1727 495 1823 521 inus
1846 495 1928 520 var.
1953 481 2045 521 hist.
2066 481 2136 522 lib.
2163 481 2272 534 xm,
2293 495 2378 535 cap.
2396 483 2477 525 28.

1433 542 1601 595 Διογένης
1627 542 1732 589 ἡνίκα
1761 540 1911 579 ἀπέλιπε
1931 539 1995 587 τὴν
2023 541 2195 594 πατρίδα,
2213 511 2272 587 εἷς
2283 541 2389 581 αὐτου
2409 543 2480 581 τῶν

1433 603 1577 642 οἰκετῶν
1609 600 1811 648 ἠκολούθει,
1831 599 1942 651 ὄνομα
1971 601 2118 648 Μάνης,
2138 600 2174 644 ὃς
2200 601 2240 640 οὐ
2271 599 2385 654 φέρων
2416 599 2481 647 τὴν

1437 661 1515 712 μετ’
1536 663 1641 700 αὐτοῦ
1659 657 1841 711 διατριὸὴν
1862 658 2013 711 ἀπέδρα.
2030 658 2306 712 Προτρεπόντων
2326 658 2363 698 δέ
2379 674 2481 698 τινων

1433 720 1548 769 ζητεῖν
1564 718 1684 768 αὐτόν,
1700 717 1778 770 ἔφη·
1795 717 1872 757 Οὐκ
1887 717 2044 770 αἰσχρόν,
2059 717 2187 766 Μάνην
2202 718 2267 768 μὲν
2284 717 2335 769 μὴ
2350 718 2483 761 δεῖσθαι

1433 778 1637 830 Διογένους,
1660 776 1830 826 Διογένην
1857 775 1894 815 δὲ
1918 777 2083 825 Μάνους;
2105 771 2218 822 Οὗτος
2236 776 2274 816 δὲ
2301 779 2321 816 ὃ
2345 775 2484 825 οἰκέτης

1432 839 1480 882 εἷς
1498 835 1650 889 Δελφούς
1676 834 1887 885 ἀλώμενος
1874 836 1940 875 υπὸ
1963 838 2074 875 κυνῶν
2104 835 2320 885 διεσπάσθη,
2333 839 2385 891 τῷ
2403 835 2483 876 ὀνό-

1432 911 1518 948 ματι
1536 911 1593 934 του
1615 894 1785 933 δεσπότου
1807 894 1904 939 δίκας
1925 894 2084 945 ἐκτίσας,
2102 889 2217 935 ἀνθ’
2190 912 2239 934 ων
2257 896 2482 949 ἀπέδρασεν.)

1489 968 1538 994 56.
1571 954 1737 1006 Διογένης
1756 955 2065 1006 κοινολογουμένας
2086 960 2253 1006 γυναῖκας
2272 954 2485 1006 θεασάμενος

1437 1014 1514 1068 ἔφη·
1536 1013 1656 1056 Ἀσπὶς
1677 1014 1763 1066 παρ’
1783 1012 1920 1066 ἐχίδνης
1940 1013 2125 1066 φάρμακον
2146 1015 2350 1060 δανείζεται.

1490 1073 1700 1126 (Antonius
1734 1082 1771 1110 et
1805 1073 1998 1112 Maximus
2026 1073 2150 1115 Serm.
2178 1073 2226 1112 de
2253 1072 2486 1113 mulieribus

1435 1132 1629 1184 improbis
1649 1146 1690 1184 p.
1710 1131 1818 1183 609.)

1488 1206 1539 1232 ⁶7.

1516 1290 1657 1329 Ζηλωτός
1675 1315 1684 1329 ,
1709 1290 1796 1326 ὅστις
1811 1290 1984 1332 εὐτύχησεν
2003 1291 2036 1323 ἐν
2056 1291 2196 1332 τέκνοις,

1516 1338 1569 1369 καὶ
1587 1338 1630 1379 μή
1651 1337 1807 1378 ’πισήμοις
1825 1342 1995 1380 συμφοραῖς
2015 1338 2163 1380 ὠδύρετο.

1489 1435 1684 1486 (Stobaeus
1713 1435 1847 1475 Floril.
1871 1435 2013 1482 LXXV,
2057 1450 2117 1475 10.
2136 1435 2330 1488 Διογένους,
2351 1435 2400 1475 al.
2425 1437 2487 1474 Δι-

1435 1495 1645 1546 καιογένους.
1675 1495 1845 1544 Diogeni
1880 1494 2028 1544 tragico
2051 1495 2231 1533 attribuit
2254 1494 2329 1534 hos
2350 1507 2489 1533 versus

1436 1553 1475 1592 F.
1496 1553 1545 1592 G.
1566 1554 1733 1603 Wagner
1752 1553 1905 1604 Fragm.
1927 1553 2085 1604 'si-agie.
2108 1567 2148 1605 p.
2171 1553 2244 1592 105
2262 1553 2323 1592 ed.
2341 1553 2488 1604 Paris,

1438 1620 1544 1650 ratus
1568 1611 1617 1650 ab
1637 1625 1683 1650 eo
1705 1611 1905 1663 Euripidis
1936 1612 2063 1651 Orest.
2090 1626 2149 1651 vs.
2177 1613 2252 1651 535
2284 1626 2368 1665 seq.
2396 1612 2489 1651 imi-

1437 1671 1555 1709 tando
1576 1670 1722 1720 effingi.
1744 1670 1824 1708 Alii
1849 1670 1978 1709 locum
2008 1670 2208 1722 Euripidis
2239 1684 2324 1710 esse
2348 1672 2488 1711 volue—

1438 1739 1543 1770 runt.
1561 1729 1655 1769 Vid.v
1669 1730 1814 1767 Nauck.
1838 1729 1990 1780 Fragin.
2007 1729 2162 1779 Tragic.
2184 1743 2225 1782 p.
2247 1729 2353 1784 602.)

1492 1803 1540 1829 ⁶8.
1571 1787 1739 1840 Διογένης
1759 1788 1945 1841 ἐρωτηθεὶς
1965 1791 2038 1833 πῶς
2057 1790 2109 1827 δεῖ
2132 1788 2288 1843 πατέρας
2315 1789 2377 1828 καὶ
2396 1788 2491 1834 υἱοὺς

1437 1847 1604 1895 ἀλλήλοις
1638 1847 1916 1901 προσφέρεσθαι,
1950 1846 2093 1900 ἔφησεν,
2120 1849 2149 1886 εἰ
2187 1847 2236 1899 μὴ
2268 1847 2490 1903 περιμένοιεν
2521 1863 2523 1865 ’

1443 1909 1630 1954 αἷτηθῆναι
1674 1908 1733 1944 ὑπ’
1767 1907 1942 1955 ἀλλήλων,
1977 1906 2070 1946 ἀλλὰ
2092 1959 2096 1962 .
2116 1906 2265 1951 διδόντες
2310 1908 2485 1961 φθάνοιεν.

1439 1965 1628 2009 Ἐπιεικῶς
1648 1966 1677 2003 δ’
1692 1968 1711 2003 ὁ
1730 1964 1850 2018 πατὴρ
1871 1965 1927 2003 διὰ
1946 1964 1987 2003 τὸ
2003 1964 2356 2018 προευεργετηκέναι,
2379 1966 2410 2005 εἷ
2437 1965 2488 2017 μὴ

1435 2020 1473 2064 εῧ
1491 2026 1647 2079 πάσχοι,
1663 2025 1800 2078 ταχέως
1817 2025 1983 2078 ἄχθεται·
1999 2027 2017 2064 ὁ
2034 2025 2070 2063 δὲ
2090 2025 2161 2069 υἱὸς
2180 2025 2407 2079 ἔντρυφᾷκαὶ
2421 2026 2486 2064 οὐκ

1437 2085 1529 2131 ἀξιοῖ
1549 2088 1672 2124 αἰτεῖν.

1490 2144 1687 2197 (Stobaeus
1731 2144 1868 2182 Floril.
1919 2143 2137 2194 LXXXIII,
2188 2143 2237 2181 23
2286 2141 2484 2194 Διογένους.

376 2201 580 2254 (Antonius
600 2211 638 2240 et
655 2203 849 2242 Maximus
872 2203 998 2243 Serm.
1016 2203 1063 2241 de
1079 2203 1374 2255 pulchritudine
1404 2223 1407 2244 a
1435 2205 1583 2256 Scripsi
1603 2218 1691 2242 cum
1708 2204 1902 2242 Meinekio
1922 2203 2070 2256 ἔφησεν,
2091 2201 2205 2240 codd.
2228 2200 2360 2255 φησίν.)

322 2275 360 2312 p.
386 2261 494 2312 566.)

376 2333 425 2363 55.
457 2321 622 2372 Δῑῦγὲνης
639 2321 853 2374 αποδράντῠς
871 2338 930 2360 του
950 2321 1085 2360 Οἰκέτου
1102 2322 1162 2360 Ot’m
1180 2321 1369 2375 ΞφρΟΨΐῑζε,

325 2378 432 2416 δεινὸν
455 2382 544 2418 εἰναι
577 2379 700 2431 λέγων,
717 2381 747 2418 εἷ
772 2380 939 2432 Διογένης
969 2380 1031 2455 μὲν
1052 2379 1159 2433 χωρὶς
1183 2381 1287 2418 αὐτοῦ
1309 2383 1371 2427 ζ’ῆν
1404 2418 1405 2421 ,

322 2438 360 2474 οὗ
382 2437 549 2486 δύναται,
571 2440 676 2477 αὐτου
698 2440 727 2477 δ’
746 2440 874 2484 ἐκεῖνος
894 2439 1002 2492 χωρὶς
1020 2440 1177 2479 δύναται.

379 2497 570 2549 (·Stobaeus
589 2497 728 2537 Floril.
750 2498 872 2547 LXII,
893 2506 940 2547 47
964 2498 1156 2550 Διογένους.
1177 2498 1372 2548 Diogenes

319 2640 424 2678 putas
456 2637 607 2678 ejusdem
634 2646 720 2678 esse,
747 2640 779 2670 ec
807 2646 883 2680 qua:
912 2638 1059 2671 dicenda
1093 2640 1166 2672 sint
1205 2642 1311 2679 scire,
1339 2641 1372 2672 et

325 2696 483 2736 quando,
503 2698 536 2728 el
552 2705 629 2738 quae
645 2696 794 2729 tacenda
814 2698 903 2737 sinc,
923 2698 956 2730 et
974 2698 1070 2739 apud
1087 2701 1212 2740 quem?

367 2759 416 2787 51.
443 2755 599 2794 Diogenes
615 2755 776 2795 quondam
795 2764 813 2787 a
832 2756 963 2788 Platone
979 2759 1042 2789 tres
1060 2766 1099 2790 ex
1117 2757 1187 2798 ejus
1204 2758 1297 2790 horto
1317 2767 1371 2790 ca·

325 2814 406 2845 rivas
432 2813 539 2854 petiit;
554 2822 653 2854 quum
683 2818 791 2846 autem
819 2811 872 2846 ille
897 2815 1099 2847 medimnum
1122 2817 1182 2857 ipsi
1203 2817 1370 2850 misisset:

328 2873 384 2903 Ila
427 2872 553 2911 etiam,
583 2871 703 2913 inquit,
747 2880 861 2904 unum
902 2874 1139 2915 interroqaeus
1186 2876 1373 2918 respondes

324 2932 498 2962 sexcenta.

366 2991 417 3020 52.
441 2988 597 3029 Diogenes
623 2988 779 3021 formosas
807 2991 988 3023 meretrices
1016 2992 1138 3032 reginas
1167 2994 1370 3034 appellabat:

324 3047 442 3079 multos
460 3048 544 3079 enim
564 3047 666 3080 facere
692 3057 765 3089 quae
785 3049 1004 3090 praeciperent.

366 3110 418 3139 53.
442 3106 599 3147 Diogenes
642 3107 842 3148 conspicatus
870 3107 1103 3142 adolescentem
1138 3112 1373 3152 pulchritudine

324 3165 494 3206 insignem,
512 3165 566 3206 qui
584 3165 702 3198 idcirco
718 3168 877 3198 amaretur
895 3180 903 3199 ε
923 3169 949 3200 0
964 3167 1171 3209 adolescens,
1187 3171 1302 3211 inquit,
1321 3171 1368 3203 da

327 3232 491 3266 operam,
515 3226 555 3257 ut
573 3226 729 3266 corporis
752 3228 926 3258 amatores
948 3226 996 3259 ad
1018 3229 1174 3260 animum
1192 3229 1371 3263 traducas.

371 3283 421 3313 54.
446 3281 612 3322 speciosos
629 3284 662 3314 et
677 3282 808 3315 eosdem
825 3282 970 3316 indoctos
983 3284 1150 3318 alabastris
1162 3289 1286 3319 acetum
1300 3296 1374 3320 con·

326 3339 500 3371 tinentibus
515 3339 636 3373 similes
651 3349 721 3374 esse
737 3341 853 3381 ajebat.

1488 2277 1538 2302 ⁵9.
1570 2262 1736 2314 Διογένης
1757 2261 1957 2315 ἐρωτηθείς,
1973 2261 2007 2300 τί
2025 2264 2071 2313 γῆ
2092 2259 2282 2313 βαρύτερον
2299 2259 2488 2312 βαστάζεις

1435 2322 1513 2376 ἔφη·
1531 2319 1735 2375 Ἄνθρωπον
1754 2321 1977 2360 ἀπαίδευτον.

1491 2381 1703 2432 (Antonius
1723 2389 1760 2419 et
1781 2380 1975 2419 Maximus
1995 2380 2042 2418 de
2061 2378 2284 2441 eruditione
2304 2387 2344 2417 et
2360 2377 2490 2430 piulo-

1402 2445 1406 2490 ξ
1436 2440 1574 2492 sophia
1591 2454 1631 2491 p.
1657 2438 1764 2492 706.)

1495 2512 1545 2538 eu.
1578 2497 1806 2550 Ἀστρολόγου
1829 2496 1866 2536 δέ
1881 2513 1971 2541 τινος
1992 2497 2071 2535 κατ’
2089 2495 2219 2549 ἀγοραν
2239 2494 2490 2540 ἐπιδεικνύντας

1433 2650 1528 2676 servo
1547 2641 1656 2674 vivere
1672 2649 1735 2673 non
1749 2649 1860 2681 posse,
1880 2640 1970 2672 illum
1988 2640 2098 2671 autem
2122 2647 2219 2680 posse
2233 2637 2303 2671 sine
2325 2637 2481 2679 Diogene.

1475 2701 1526 2731 56.
1554 2699 1710 2739 Diogenes
1722 2697 1927 2738 conspicatus
1945 2695 2094 2728 mulieres
2107 2695 2190 2728 inter
2200 2704 2234 2728 se
2246 2694 2488 2736 colloquentes:

1434 2755 1542 2797 Aspis,
1556 2755 1673 2796 inquit,
1687 2754 1828 2796 abvipera
1844 2761 2004 2786 venenum
2021 2754 2196 2785 mutuatur.

1478 2814 1529 2845 57.

1525 2881 1634 2908 Beatus
1651 2879 1702 2908 ille
1719 2878 1807 2916 prole
1825 2878 1879 2916 qui
1899 2877 1971 2908 felix
1987 2877 2062 2914 ruit,

1526 2933 1649 2963 nullove
1666 2934 1748 2962 certe
1764 2932 1893 2961 indoluit
1907 2931 2016 2968 insigni
2031 2931 2122 2960 malo.

1478 3001 1527 3030 58.
1549 2998 1705 3038 Diogenes
1726 2998 1955 3038 interrogatus,
1970 2998 2082 3038 quales
2096 3000 2210 3030 mutuo
2230 2998 2336 3039 patres
2355 2998 2388 3030 et
2406 2996 2488 3034 tilios

1434 3056 1585 3089 exhibere
1603 3065 1638 3089 se
1646 3058 1819 3098 oporteret,
1840 3055 2015 3097 respondit,
2033 3056 2115 3089 bene
2127 3065 2183 3088 eos
2201 3065 2271 3089 esse
2281 3056 2440 3096 facturos,
2456 3054 2484 3087 si

1435 3115 1488 3146 illa
1507 3125 1582 3156 quse
1599 3116 1805 3156 requiruntur
1821 3115 2003 3156 praestando
2022 3115 2191 3157 petitiones
2210 3108 2348 3147 invicem
2366 3121 2487 3155 praeve·

1436 3172 1553 3205 nir-ent.
1600 3173 1715 3205 Merito
1727 3174 1834 3205 autem
1852 3175 1956 3215 pater,
1971 3174 2006 3205 ut
2020 3173 2106 3214 prior
2118 3172 2345 3205 beneficiorum
2361 3172 2485 3211 auctor,

1439 3230 1500 3262 nisi
1518 3231 1659 3263 vicissim
1679 3231 1826 3279 accipiat,
1846 3231 1882 3264 in
1905 3232 1985 3264 iram
2002 3240 2150 3273 praeceps
2161 3234 2233 3271 est;
2252 3232 2284 3263 at
2301 3229 2384 3262 filius
2397 3229 2487 3262 inso-

1439 3288 1559 3321 lentius
1578 3299 1612 3322 se
1628 3290 1741 3331 effert,
1757 3299 1816 3323 nec
1834 3292 1956 3332 patrem
1977 3299 2069 3323 orare
2081 3290 2240 3331 dignatur.

1482 3352 1533 3381 59.
1557 3349 1715 3390 Diogenes
1727 3349 1950 3390 interrogatus,
1964 3350 2051 3391 quod
2065 3358 2147 3382 onus
2160 3350 2244 3381 terra
2261 3348 2486 3390 gravissimum

369 3401 420 3429 55.
446 3397 616 3440 Diogenes,
635 3408 735 3440 quum
752 3408 869 3433 servus
885 3399 1074 3442 aufugisset,
1090 3402 1224 3436 minime
1238 3403 1277 3437 de
1287 3413 1323 3437 ea
1342 3414 1378 3438 re
1441 3407 1635 3450 sustineret,
1650 3409 1816 3450 respondit
1831 3419 1839 3441 :
1857 3409 2027 3442 Hominem
2042 3408 2219 3441 indoctum.

328 3454 482 3487 sollicitus
508 3458 598 3498 erat,
626 3457 801 3491 absurdum
831 3468 902 3492 esse
932 3459 1059 3500 dicens,
1086 3469 1121 3494 se
1144 3461 1274 3503 quidem
1308 3463 1378 3498 sine

1481 3470 1533 3499 60.
1557 3469 1664 3506 Quum
1686 3467 1863 3509 astrologus
1888 3467 2019 3509 qnidam
2039 3468 2072 3500 iu
2091 3467 2161 3500 foro
2178 3467 2286 3500 stellas
2309 3466 2343 3500 in
2368 3466 2485 3500 tabella

2598 126 2606 167 u.-
2599 104 2606 123 -ι
