2638 3840
278 295 347 321 XVI

278 372 552 423 hemicylindri
577 373 747 411 sectione
767 374 862 411 duas
884 373 1026 410 medias
1044 385 1116 422 pro
1137 373 1317 422 portione

275 446 426 471 sumere
446 432 602 470 studens
626 432 672 469 ad
696 432 785 470 cubi
806 432 1123 482 duplicationem.
1157 429 1243 480 lpse
1259 432 1316 467 vi-

276 492 415 529 delicet
435 492 583 542 primus
601 491 640 528 in
661 491 869 539 geometria
897 490 984 526 cubi
1013 489 1314 539 duplicationem

276 551 467 601 repperit,
497 550 818 600 quemadmodum
853 549 960 585 Plato
983 550 1020 584 in
1041 547 1155 585 libris
1178 547 1225 585 de
1246 547 1315 584 Re-

275 608 431 659 publica
456 617 625 646 testatur.
653 608 793 645 Eodem
817 607 983 658 pertinet
1012 606 1126 643 etiam
1148 606 1316 655 insignis

272 667 441 705 Vitruvii
463 668 593 713 locus,
618 667 710 704 libri
734 666 825 703 noni
847 665 886 702 in
917 664 1042 715 capite
1071 666 1183 702 tertio
1212 664 1316 701 hunc

272 726 314 762 in
341 725 496 763 modum
527 724 731 762 scribentis
765 737 772 759 :
804 740 818 755 «
840 721 1113 759 Transferatur
1141 734 1249 758 mens
1268 721 1316 758 ad

274 783 454 834 Archytae
474 783 674 821 Tarentini
695 791 732 818 ct
751 780 1035 818 Erastosthenis
1051 780 1228 831 Cyrenaei
1247 794 1314 818 co-

274 842 404 891 gitata.
439 843 486 879 lli
518 842 618 879 enim
653 840 773 877 multa
792 847 829 876 et
852 848 960 888 grata
983 852 1005 876 a
1037 839 1316 877 mathematicis

272 899 389 938 rebus
418 899 642 938 hominibus
671 899 917 936 invenerunt.
954 897 1088 948 Itaque
1120 911 1238 948 quum
1272 898 1312 935 in

273 957 420 995 caeteris
445 955 739 994 inventionibus
760 956 903 993 fuerint
920 956 1044 1005 grati,
1073 957 1114 994 in
1144 956 1229 1007 ejus
1258 956 1315 994 rei

274 1014 625 1053 concertationibus
657 1015 823 1052 maxime
853 1023 942 1052 sunt
982 1017 1164 1066 suspecti.
1205 1015 1315 1053 Alius

271 1075 372 1111 enim
394 1075 470 1111 alia
497 1074 647 1111 ratione
674 1074 871 1125 explicare
892 1077 1062 1120 curavit,
1083 1074 1189 1125 quod
1215 1074 1312 1112 Delo

270 1134 524 1182 imperaverat
541 1133 740 1183 responsis
755 1132 896 1183 Apollo
908 1161 917 1178 ,
934 1133 990 1170 uti
1010 1145 1085 1170 arae
1096 1132 1181 1183 ejus
1192 1146 1314 1183 quan-

271 1201 349 1229 tum
372 1191 529 1229 haberet
543 1192 683 1242 pedum
707 1191 1002 1241 quadratorum,
1032 1192 1072 1229 id
1090 1192 1312 1243 duplicare-

272 1259 334 1288 tur
357 1265 365 1287 :
390 1251 499 1288 etita
518 1251 618 1297 fore,
644 1259 686 1288 ut
716 1250 762 1287 hi·
778 1251 846 1300 qui
867 1259 993 1288 essent
1021 1251 1063 1288 in
1093 1264 1137 1288 ea
1164 1251 1313 1297 insula,

270 1319 360 1348 tunc
377 1311 565 1359 religione
589 1310 865 1349 liberarentur.
886 1310 1020 1360 Itaque
1040 1310 1229 1359 Archytas
1242 1309 1312 1346 he-

270 1369 592 1419 micylindrorum
646 1369 1000 1420 descriptionibus,
1041 1368 1313 1407 Eratosthenes

270 1430 454 1478 organica
468 1428 669 1467 mesolabii
690 1429 839 1466 ratione
855 1428 954 1466 idem
971 1428 1279 1479 explicaverunt.
1297 1445 1312 1461 »

269 1486 496 1525 Columbam
532 1488 726 1526 volantem
759 1501 780 1524 e
813 1488 920 1537 ligno
954 1487 1120 1524 confecit
1159 1487 1222 1524 vir
1254 1500 1312 1525 sa-

270 1547 426 1597 pientiae
443 1547 688 1598 professione
713 1547 862 1593 clarus,
893 1546 940 1583 de
961 1560 1038 1596 quo
1059 1555 1239 1597 portento
1259 1549 1314 1584 sic

270 1606 317 1645 A.
341 1605 489 1643 Gellius
513 1605 584 1643 lib.
603 1605 636 1642 X
651 1635 662 1653 ,
684 1620 728 1642 12
750 1620 758 1642 :
780 1623 794 1639 «
822 1605 895 1642 Sed
920 1605 959 1643 id
981 1606 1085 1655 quod
1104 1605 1311 1656 Archytam

270 1664 568 1714 Pythagoricum
587 1673 843 1702 commentum
856 1677 938 1702 esse
953 1673 1066 1714 atque
1087 1664 1222 1702 fecisse
1239 1673 1313 1702 tra-

269 1723 388 1768 ditur,
423 1736 548 1773 neque
590 1724 716 1761 minus
750 1723 1000 1770 admirabile,
1028 1736 1153 1773 neque
1187 1733 1313 1762 tamen

269 1794 412 1818 vanum
437 1794 546 1831 aeque
563 1781 690 1819 videri
708 1781 834 1821 debet.
860 1781 952 1820 Nam
972 1790 1008 1818 et
1032 1781 1212 1831 plerique
1234 1795 1313 1819 no-

268 1839 410 1877 bilium
449 1839 674 1878 Graecorum
723 1848 760 1878 et
802 1840 1015 1878 Favorinus
1058 1840 1314 1891 philosophus

271 1898 546 1936 memoriarum
566 1906 740 1936 veterum
760 1899 1129 1949 exsequentissimus
1143 1898 1313 1936 affirma·

270 1956 417 1993 tissime
456 1957 718 2007 scripserunt,
761 1957 1013 1994 simulacrum
1064 1956 1253 1994 columbae
1295 1971 1315 1994 e

270 2015 376 2063 ligno
400 2014 448 2052 ab
470 2015 644 2065 Archyta
663 2015 811 2052 ratione
837 2015 1002 2065 quadam
1029 2015 1315 2066 disciplinaque

271 2073 491 2111 mechanica
509 2074 647 2111 factum
668 2074 834 2113 volasse.
857 2074 913 2112 lta
933 2083 1015 2112 erat
1032 2075 1180 2112 scilicet
1194 2074 1314 2111 libra-

270 2133 409 2170 mentis
423 2145 650 2183 suspensum
665 2161 675 2180 ,
697 2141 733 2170 et
749 2135 843 2170 aura
858 2134 1018 2183 spiritus
1035 2134 1185 2171 inclusa
1201 2142 1315 2184 atque

270 2191 421 2229 occulta
437 2192 645 2229 concitum.
670 2191 782 2229 Libet
801 2192 930 2229 hercle
955 2206 1071 2243 super
1092 2205 1133 2231 re
1152 2201 1229 2230 tam
1247 2192 1313 2230 ab·

269 2250 446 2288 horrenti
477 2264 498 2288 a
528 2250 604 2288 fide
630 2251 755 2301 ipsius
778 2251 965 2289 Favorini
994 2251 1115 2289 verba
1134 2265 1280 2303 ponere
1303 2266 1311 2289 :

276 2308 448 2361 Ἀρχύτας
462 2310 694 2360 Ταραντῖνος,
717 2308 900 2362 φιλόσοφος
932 2309 1007 2360 ἅμα
1030 2309 1089 2348 καὶ
1122 2310 1315 2362 μηχανικὸς

276 2366 322 2404 ὤν
336 2397 346 2414 ,
366 2367 508 2415 ἐποίησε
536 2369 743 2421 περιστερὰν
762 2368 897 2415 ξυλίνην
915 2369 1110 2419 πετομένην
1123 2399 1133 2416 ,
1161 2368 1237 2415 ἥτις
1265 2368 1315 2407 εἴ-

269 2442 353 2464 ποτε
379 2428 572 2475 καθίσειεν,
606 2428 723 2466 οὐκέτι
765 2428 942 2466 ἀνίστατο.
971 2446 986 2462 »
1020 2428 1178 2465 Accedit
1210 2428 1315 2478 quod

272 2486 527 2524 'l'arentinum
547 2488 790 2537 intelligendi
807 2495 1002 2526 auctorem
1023 2488 1124 2525 inter
1144 2487 1316 2525 illustres

273 2545 565 2583 mathematicos
595 2555 770 2584 numerat
789 2547 951 2584 Proclus
978 2546 1048 2585 lib.
1069 2546 1106 2583 ll
1130 2546 1178 2584 ad
1207 2545 1224 2583 l
1244 2546 1317 2584 Eu-

275 2604 389 2640 clidis
409 2605 651 2655 eundemque
671 2618 863 2642 summum
885 2606 1168 2644 arithmeticum
1188 2607 1317 2644 nomi-

274 2671 338 2699 nat
353 2662 461 2699 Theo
482 2662 704 2712 Smyrnaeus
720 2664 761 2700 in
776 2663 878 2701 libro
895 2664 942 2701 de
960 2664 1224 2703 Arithmetica.
1239 2663 1317 2701 Nec

275 2720 479 2757 defuerunt
496 2721 563 2769 qui
585 2720 631 2758 de
650 2729 754 2758 tanto
773 2723 861 2759 viro
878 2723 1039 2773 ejusque
1058 2724 1099 2760 in
1116 2737 1195 2762 rem
1212 2724 1317 2762 litte-

275 2778 416 2815 rariam
456 2779 604 2816 meritis
648 2779 875 2819 scriberent.
915 2781 1088 2832 Namque
1128 2783 1315 2820 Aristote-

274 2898 337 2930 lius
354 2897 408 2929 lib.
426 2900 517 2939 vlu,
537 2901 574 2930 83
593 2911 599 2930 :
616 2899 704 2936 οὗτος
723 2904 843 2941 πρῶτος
862 2901 900 2932 τὰ
924 2903 1082 2943 μηχανικὰ
1106 2906 1171 2939 ταῖς
1191 2914 1319 2944 μηχανι-

275 2948 343 2981 καῖς
356 2945 632 2986 προσχρησάμενος
651 2946 759 2988 ἀρχαῖς
779 2948 979 2988 ἑμεῦόδευσε,
994 2950 1046 2981 καὶ
1060 2953 1179 2990 πρῶτος
1198 2951 1317 2989 κίνησιν

275 2993 439 3033 ὀργανικὴν
466 2993 675 3034 διαγράμματι
713 2999 914 3036 γεωμετρικῷ
948 2998 1148 3037 προσήγαγε,
1182 2998 1233 3028 διὰ
1265 3001 1317 3035 τῆς

275 3043 370 3079 τομῆς
387 3043 442 3070 τοῦ
467 3041 684 3081 ἡμικυλίνδρου
703 3042 758 3072 δύο
777 3042 871 3080 μέσας
891 3043 951 3074 ἀνὰ
974 3044 1065 3082 λόγον
1081 3044 1184 3075 λαὸεῖν
1197 3046 1295 3082 ζητῶν
1307 3067 1316 3084 ,

276 3087 317 3122 εἷς
334 3086 387 3117 τὸν
415 3089 470 3116 τοῦ
495 3086 591 3117 κύὸου
611 3087 851 3126 διπλασιασμόν.
875 3091 934 3120 Καὶ
958 3089 1054 3130 [add.
1075 3090 1128 3131 ἐν]
1144 3091 1318 3132 γεωμετρίᾳ

276 3136 396 3174 πρῶτος
410 3132 506 3164 noema
521 3133 751 3175 διπλασιασμὸν
769 3135 854 3175 εὗρεν
866 3159 875 3175 ,
895 3137 935 3171 ὥς
954 3148 1028 3177 φησι
1050 3138 1183 3169 Πλάτων
1201 3138 1233 3169 ἐν
1250 3139 1316 3174 ,Πο-

276 3179 384 3220 λιτείᾳ.
402 3179 591 3211 Plutarchus
608 3180 664 3212 vit.
684 3182 824 3213 Marcell.
842 3191 911 3221 cap.
930 3185 964 3214 14
983 3196 990 3215 :
1007 3184 1062 3221 τὴν
1075 3184 1134 3225 γὰρ
1149 3184 1318 3225 ἀγαπωμέ-

276 3238 329 3263 νην
345 3227 460 3263 ταύτην
481 3227 533 3257 καὶ
557 3228 744 3268 περιῧόητον
759 3228 922 3268 ὀργανικὴν
947 3230 1076 3271 ἤρξαντο
1097 3232 1151 3271 μὲν
1168 3236 1264 3263 κινεῖν
1289 3234 1318 3264 οἱ

277 3273 346 3313 περὶ
366 3273 498 3309 Εὔδοξον
509 3274 561 3304 καὶ
578 3274 724 3314 Ἀρχύταν
735 3298 743 3314 .,
762 3276 968 3312 ποικίλλοντες
982 3280 1025 3317 τῷ
1041 3278 1183 3318 γλαφυρῷ
1205 3289 1320 3320 γεωμε-

278 3324 375 3365 τρίαν,
387 3326 439 3356 καὶ
447 3326 571 3366 λογικῆς
585 3328 638 3357 καί
650 3331 863 3367 πραγματικῆς
873 3327 1054 3364 ἀποδείξεως
1067 3329 1123 3360 οὐκ
1131 3330 1320 3370 εὐποροῦντα

279 3373 480 3412 προὸλήματα
492 3373 531 3405 δι’
548 3375 703 3411 αἰσθητῶν
717 3375 768 3405 καὶ
784 3375 954 3416 ὀργανικῶν
971 3377 1227 3417 παραδειγμάτων
1246 3380 1318 3410 ὑπε-

280 3418 442 3458 ρείδοντες·
470 3422 510 3455 ὡς
540 3422 574 3451 τὸ
600 3421 667 3461 περὶ
693 3421 749 3452 δύο
775 3422 871 3461 μέσας
888 3422 946 3452 ἀνὰ
966 3422 1057 3462 λόγον
1073 3423 1237 3463 πρὸὃλημα
1264 3426 1315 3455 καὶ

280 3469 433 3505 στοιχεῖον
454 3467 503 3498 ἐπὶ
524 3469 624 3499 πολλὰ
645 3471 706 3499 τῶν
721 3470 922 3510 γραφομένων
940 3470 1109 3510 ἀναγκαῖον
1131 3471 1172 3506 εἰς
1197 3472 1316 3512 ὀργανι-

281 3513 337 3548 κὰς
363 3513 466 3552 ἐξῆγον
486 3514 650 3555 ἀμφότεροι
677 3517 891 3555 κατασκευάς,
915 3517 1125 3558 μεσογράφους
1150 3519 1233 3554 τινας
1256 3520 1318 3551 ἀπὸ

1132 282 1197 320 DE
1226 282 1545 322 PYTHAGORA

1377 373 1432 410 les
1450 373 1529 423 (99)
1554 379 1628 409 tres
1649 370 1774 409 libros
1793 370 1840 408 de
1862 371 2040 421 Archytae
2061 371 2307 422 philosophia
2327 370 2416 408 reli-

1376 439 1514 481 querat
1533 439 1647 480 atque
1666 429 1839 479 ejusdem
1855 438 1892 467 et
1910 430 2047 468 Timaei
2069 430 2298 480 placitorum
2316 443 2420 468 sum-

1377 502 1476 526 mam
1497 489 1737 537 vulgaverat.
1760 488 1953 526 Praeterea
1972 489 2228 526 Aristoxenus
2245 488 2352 538 (100)
2373 487 2421 524 de

1377 548 1560 598 Archytae
1589 547 1671 584 vita
1698 547 2059 585 commentariolum
2091 546 2287 593 ediderat,
2310 545 2422 595 cujus

1376 607 1609 644 mentionem
1649 606 1740 644 facit
1775 605 1978 644 Athenaeus
1999 605 2067 644 lib.
2100 605 2186 651 xli,
2228 619 2313 656 cap.
2353 606 2415 647 64,

1377 679 1412 716 p.
1424 666 1498 710 545
1520 666 1566 705 A.
1581 665 1753 716 Suntqui
1766 665 1870 703 hunc
1887 665 1947 702 vel
1963 665 2080 702 alium
2095 663 2302 715 Archytam
2318 663 2421 714 (101)

1377 724 1605 774 crepitaculi
1632 724 1877 761 inventorem
1907 723 2054 770 ferant,
2083 722 2188 773 quod
2208 721 2424 773 infantibus

1376 783 1437 819 vel
1459 783 1635 833 puerulis
1655 783 1747 820 dare
1767 782 1956 822 solebant.

1431 840 1488 878 Ex
1507 840 1592 891 ejus
1618 833 1783 879 decretis
1810 841 1907 879 illud
1928 841 2035 891 quod
2055 840 2102 878 ad
2129 848 2275 877 motum
2306 847 2422 876 natu-

1375 900 1495 937 ralem
1527 909 1677 952 spectat
1699 900 1886 949 allegatur
1915 899 1965 936 ab
1985 897 2193 936 Aristotele
2221 896 2419 937 Problem.

1374 958 1473 1006 XVI,
1495 973 1519 1008 9
1542 958 1661 1011 (τοι).
1684 958 1875 997 Censebat
1891 966 2016 996 autem
2033 956 2270 994 Tarentinus
2290 950 2424 1007 physi-

1375 1031 1443 1056 cus
1463 1018 1503 1055 in
1524 1027 1632 1055 motu
1661 1017 1831 1055 naturali
1859 1028 2008 1066 aequam
2035 1014 2331 1066 proportionem
2356 1015 2423 1053 in-

1375 1090 1471 1122 esse,
1491 1077 1623 1114 omnia
1635 1076 1892 1128 proportione
1903 1075 2054 1112 moveri
2071 1082 2255 1112 statuens.

1429 1135 1604 1173 Transeo
1622 1134 1669 1172 ad
1681 1133 1830 1183 ingenii
1850 1134 1932 1182 ejus
1953 1140 2216 1178 monumenta,
2235 1145 2322 1182 quae
2335 1132 2425 1183 plu-

1375 1195 1474 1231 rima
1499 1194 1615 1232 suere.
1640 1193 1818 1231 Primum
1837 1191 1995 1242 quidem
2014 1204 2172 1240 agamus
2191 1190 2239 1228 de
2267 1191 2424 1242 scriptis

1375 1253 1602 1291 moralibus.
1629 1251 1858 1303 Composuit
1891 1250 2014 1288 libros
2049 1250 2105 1287 De
2134 1249 2221 1287 viro
2245 1248 2351 1288 bono
2386 1259 2427 1288 et.

1374 1311 1600 1360 beato,item
1619 1313 1676 1349 De
1688 1311 1867 1349 doctrina
1885 1310 2040 1355 morali,
2055 1322 2175 1360 porro
2194 1308 2250 1346 De
2268 1309 2422 1361 sapien-

1374 1372 1449 1421 tia,
1470 1380 1656 1423 praeterea
1676 1372 1733 1409 De
1751 1371 1835 1420 lege
1855 1378 1892 1407 et
1907 1369 2081 1420 justitia,
2101 1368 2268 1418 denique
2289 1368 2345 1406 De
2363 1368 2423 1407 di-

1373 1431 1552 1482 sciplinis
1566 1460 1575 1478 ‚
1607 1443 1628 1468 e
1659 1429 1803 1481 quibus
1826 1428 2003 1466 Stobaeus
2022 1435 2060 1464 et
2086 1426 2322 1466 lamblichus
2342 1427 2417 1465 fra-

1374 1499 1528 1539 gmenta
1547 1490 1765 1541 proferunt,
1782 1500 1868 1538 quae
1889 1487 1994 1524 Phil.
2016 1485 2088 1524 Gr.
2111 1484 2262 1534 Fragm.
2283 1485 2363 1524 vol.
2388 1485 2422 1533 1,

1373 1563 1414 1600 p.
1436 1548 1609 1586 553-562
1631 1549 1828 1598 leguntur.
1851 1546 1959 1584 Adde
1979 1544 2172 1596 Epistulas
2198 1556 2221 1581 a
2246 1544 2422 1594 Diogene

1375 1608 1532 1646 Laertio
1555 1616 1727 1645 servatas
1747 1615 1784 1644 et
1806 1605 1983 1643 libellum
2015 1604 2072 1640 De
2092 1615 2301 1654 puerorum
2325 1603 2425 1641 edu-

1375 1668 1527 1705 catione
1539 1696 1549 1714 ,
1566 1665 1678 1716 cujus
1689 1664 1866 1702 meminit
1881 1663 2137 1700 Philostratus
2151 1690 2161 1709 ,
2180 1661 2315 1712 paucis
2331 1662 2423 1700 inde

1374 1725 1506 1763 verbis
1533 1725 1739 1775 excerptis.
1768 1723 1845 1761 Has
1876 1734 2033 1772 quoque
2056 1721 2242 1771 reliquias
2273 1720 2421 1758 ibidem

1375 1797 1415 1834 p.
1435 1783 1510 1820 562
1533 1796 1612 1833 seq.
1636 1781 1917 1820 recensuimus.
1941 1781 2061 1817 Plura
2080 1779 2195 1818 etiam
2217 1787 2296 1817 tum
2318 1779 2422 1831 phy-

1375 1843 1456 1881 sica
1475 1852 1554 1881 tum
1576 1835 1844 1879 mathematica
1864 1840 2009 1891 scripta
2022 1838 2203 1889 Archytae
2223 1837 2425 1888 adjudica-

1375 1903 1530 1941 bantur.
1557 1900 1603 1939 In
1635 1901 1695 1938 his
1716 1900 1984 1938 nobilissimus
2005 1898 2159 1945 videtur
2179 1897 2298 1935 fuisse
2322 1895 2424 1936 liber

1376 1962 1424 2000 de
1440 1961 1720 2007 mathematica,
1737 1959 1875 1997 citatus
1892 1956 2145 2009 aPorphyrio
2162 1956 2210 1994 ad
2225 1955 2424 1996 Ptolemaei

1377 2020 1631 2066 Harmonica,
1675 2031 1800 2069 neque
1841 2017 2006 2055 minoris
2050 2017 2235 2053 momenti
2263 2014 2424 2054 fortasse

1380 2080 1537 2117 suerunt
1570 2078 1856 2129 disputationes
1905 2076 2108 2126 libellique
2139 2074 2196 2111 De
2228 2083 2354 2112 mente
2387 2083 2426 2113 et

1376 2151 1490 2176 sensu
1506 2167 1516 2185 ‚
1545 2138 1602 2174 De
1633 2137 1842 2188 principiis
1856 2164 1866 2182 ‚
1891 2136 1946 2173 De
1967 2143 2076 2180 ente,
2107 2133 2163 2170 De
2182 2132 2424 2170 definitioni-

1374 2195 1471 2243 bus,
1495 2196 1552 2233 De
1571 2195 1776 2239 universo,
1811 2206 1976 2244 quorum
2010 2191 2245 2229 mentionem
2275 2191 2423 2240 agitant

1377 2254 1552 2292 Stobaeus
1567 2282 1577 2300 ‚
1594 2253 1822 2293 Aristoteles
1833 2281 1843 2298 ,
1862 2251 2100 2302 Simplicius.
2115 2249 2211 2287 Vide
2233 2249 2422 2299 fragmen-

1378 2321 1507 2351 torum
1538 2314 1675 2351 seriem
1705 2311 1731 2350 l.
1753 2325 1788 2350 c.
1821 2310 1912 2348 inde
1931 2323 1954 2347 a
1983 2321 2072 2360 pag.
2112 2307 2186 2351 564
2219 2320 2342 2358 usque
2373 2308 2422 2346 ad

1377 2385 1463 2423 pag.
1489 2373 1580 2419 570.
1596 2370 1834 2422 Opusculum
1854 2369 1940 2420 ejus
1957 2369 2012 2406 De
2035 2366 2227 2417 oppositis
2243 2365 2346 2419 (περὶ
2363 2367 2423 2404 ἀν-

1375 2535 1546 2576 καμπύλων
1582 2533 1772 2575 γραμμάτων
1805 2534 1858 2565 καὶ
1896 2532 2065 2574 τμημάτων
2105 2533 2355 2575 μεθαρμόζοντες.
2380 2550 2422 2556 —-

1377 2582 1442 2623 (99)
1468 2583 1559 2622 Diog.
1594 2583 1697 2613 Laert.
1728 2581 1781 2612 lib.
1799 2583 1840 2620 V,
1860 2585 1898 2612 25
1916 2592 1924 2611 ε
1942 2581 2018 2621 Περὶ
2046 2583 2100 2618 τῆς
2127 2579 2272 2621 Ἀρχύτου
2294 2579 2421 2620 φιλοσο-

1375 2629 1444 2669 φίας
1463 2629 1506 2669 α’,
1529 2629 1568 2670 β’,
1601 2630 1642 2669 γ’,
1675 2627 1759 2659 lbid.
1790 2627 1838 2659 Τὰ
1856 2627 1892 2658 ἐκ
1909 2629 1964 2658 τοῦ
1991 2626 2125 2667 Τιμαίου
2148 2626 2201 2657 καὶ
2230 2628 2292 2656 τῶν
2321 2624 2424 2665 ’Ap-fiu-

1374 2675 1476 2707 τείων.

1418 2723 1503 2762 (100)
1520 2722 1694 2754 Athenaeus
1716 2722 1771 2754 lib.
1784 2723 1857 2761 xu,
1874 2731 1944 2762 cap.
1963 2724 2014 2760 64,
2029 2730 2059 2762 ρ.
2077 2724 2137 2754 545
2155 2723 2180 2753 Α
2199 2719 2424 2762 ιἈριστόξενος

1375 2767 1402 2800 δ’
1421 2770 1438 2800 ὁ
1460 2769 1608 2810 μουσικὸς
1624 2769 1655 2800 ἐν
1673 2771 1719 2809 τῷ
1742 2767 1874 2809 Ἀρχύτα
1907 2767 1967 2809 βίῳ
1985 2768 2052 2799 κτλ.
2073 2786 2114 2791 —
2132 2766 2220 2808 (101)
2239 2767 2368 2799 Aristot.
2384 2767 2425 2799 de

1379 2816 1514 2856 Republ.
1534 2815 1588 2848 lib.
1606 2817 1692 2853 vill,
1709 2819 1727 2846 6
1747 2827 1755 2847 ι
1773 2815 1856 2857 Ἅμα
1871 2815 1903 2847 δὲ
1918 2815 1970 2846 καὶ
1985 2815 2030 2846 δεῖ
2041 2815 2112 2851 τοὺς
2129 2815 2239 2850 παῖδας
2258 2814 2338 2855 ἔχειν
2356 2814 2424 2846 τινὰ

1379 2863 1555 2904 διατριὸήν,
1573 2863 1627 2894 καὶ
1648 2863 1703 2900 τὴν
1719 2861 1866 2903 Ἀρχύτου
1890 2862 2051 2901 πλαταγὴν
2069 2861 2188 2893 οἶεσθαι
2206 2861 2347 2901 γενέσθαι
2368 2872 2424 2892 κα-

1379 2911 1459 2949 λῶς,
1474 2911 1512 2948 ἣν
1531 2910 1652 2942 διδόασι
1674 2913 1736 2946 τοῖς
1764 2910 1898 2946 παιδίοις
1922 2910 2006 2946 ὄπως
2029 2909 2184 2950 χρώμενοι
2208 2908 2306 2949 ταύτῃ
2330 2909 2425 2948 μηδὲν
2474 2917 2483 2923 ”

1379 2958 1579 2998 καταγνύωσι
1605 2961 1667 2989 τῶν
1687 2957 1769 2989 κατὰ
1788 2957 1842 2995 τήν
1869 2956 1990 2988 οἰκίαν·
2015 2957 2052 2988 οὐ
2070 2957 2130 2997 γὰρ
2148 2955 2274 2988 δύναται
2300 2956 2337 2987 τὸ
2357 2957 2424 2988 νέον

1375 3004 1552 3045 ἡσυχάζειν.
1569 3005 1616 3036 De
1629 3003 1798 3044 proverbio
1819 3003 1964 3044 Ἀρχύτου
1977 3002 2120 3042 πλαταγή
2136 3001 2351 3040 Diogenianus
2363 3003 2423 3042 ΙΙΙ,

1377 3056 1415 3084 98
1437 3064 1445 3083 ε
1468 3051 1612 3093 Ἀρχύτου
1633 3050 1776 3091 πλαταγή
1789 3061 1797 3068 ·
1824 3050 1874 3082 ἐπὶ
1902 3053 1964 3081 τῶν
1986 3050 2150 3091 ἡσυχάζειν
2174 3049 2211 3080 οὗ
2235 3049 2422 3088 δυναμένων.

1376 3099 1415 3131 'O
1431 3099 1490 3139 γὰρ
1512 3099 1656 3140 Ἀρχύτας
1675 3098 1792 3130 τέκτων
1813 3098 1856 3129 ὢν
1874 3097 2022 3134 ἐπενόησε
2038 3097 2216 3136 πλαταγήν,
2230 3097 2268 3134 ἢν
2284 3097 2424 3129 ἐδίδοσαν

1376 3149 1442 3182 τοῖς
1468 3146 1602 3182 παιδίοις
1631 3145 1686 3178 ἰ’να
1715 3145 1809 3186 μηδὲν
1841 3147 1903 3176 τῶν
1932 3145 2014 3176 κατὰ
2039 3144 2140 3175 οἰκίαν
2169 3147 2290 3175 σκευῶν
2312 3144 2425 3175 διασα·

1376 3193 1539 3225 λεύσωσιν.
1562 3194 1604 3224 At
1631 3191 1744 3223 Suidas
1770 3199 1802 3222 v.
1828 3189 1974 3231 Ἀρχύτας
1993 3193 2177 3231 Ταραντῖνος
2205 3190 2265 3221 ltoc
2293 3198 2423 3230 prover-

1382 3240 1469 3271 bium
1492 3249 1556 3272 non
1586 3238 1627 3270 ad
1656 3238 1885 3278 architectum,
1916 3238 1974 3270 sed
1996 3237 2035 3268 ad
2068 3237 2290 3277 philosophum
2315 3237 2422 3268 refert.

1378 3287 1430 3319 Ait
1447 3288 1533 3319 enim
1557 3300 1564 3319 ι
1592 3287 1654 3319 Καὶ
1679 3284 1833 3327 παροιμία
1848 3283 1994 3325 Ἀρχύτου
2022 3284 2185 3323 πλαταγή·
2215 3283 2262 3315 ὅτι
2279 3283 2424 3325 Ἀρχύτας

1377 3335 1538 3373 πλαταγὴν
1553 3334 1636 3376 εὗρεν
1647 3358 1656 3373 ,
1672 3334 1738 3371 ἥτις
1754 3333 1837 3365 ἐστὶν
1853 3333 1931 3369 εἶδος
1949 3333 2080 3373 ὀργάνου
2100 3332 2177 3374 ἦχον
2193 3333 2212 3370 ἢ
2229 3332 2328 3374 ψόφον
2345 3332 2422 3364 ἀπο-

1350 3381 1352 3427 ᾗ
1377 3383 1546 3419 τελοῦντος.
1563 3383 1600 3414 Ὁ
1615 3382 1647 3413 δὲ
1663 3381 1825 3421 πλαταγὴν
1837 3380 2089 3422 χαλκευσάμενος
2097 3379 2273 3419 ἐπλατάγει.
2289 3380 2423 3420 -(102)

1350 3429 1352 3470 ¹]
1379 3428 1562 3460 Aristoteles
1580 3428 1737 3461 Problem.
1761 3428 1847 3466 XVI,
1865 3431 1884 3459 9
1903 3439 1910 3458 :
1928 3427 2071 3468 Ἀρχύτας
2089 3426 2189 3467 ἔλεγεν
2205 3426 2236 3457 ἐν
2253 3429 2290 3466 τῇ
2304 3427 2423 3464 κινήσει

1378 3478 1415 3514 τῇ
1435 3479 1548 3516 φυσικῇ
1577 3476 1687 3507 ἐνεῖναι
1717 3475 1772 3512 τὴν
1803 3477 1857 3506 τοῦ
1875 3474 1947 3505 ἷσου
1976 3473 2158 3514 ἀναλογίαν·
2181 3475 2330 3505 κινεῖσθαι
2356 3473 2415 3514 γὰρ

1378 3521 1527 3562 ἀνάλογον
1547 3522 1647 3554 πάντα
1664 3523 1730 3553 κτλ.
