2606 3828
322 261 396 294 318
1050 252 1355 293 CYNICORUM
1383 251 1722 293 FRAGMENTA.

329 342 390 386 τὰς
424 342 558 395 πύλας,
584 341 711 395 μικρὰν
744 340 780 381 δὲ
810 340 872 388 τὴν
907 338 1020 387 πόλιν,
1038 336 1176 392 Ἄνδρες
1202 340 1370 392 Μύνδιοι,

330 399 416 452 ἔφη,
435 401 597 439 κλείσαιτε
617 400 680 445 τὰς
699 400 832 446 πύλας,
851 398 899 449 μὴ
920 401 941 445 ἡ
964 398 1060 442 πόλις
1080 401 1179 451 ὑμῶν
1199 398 1333 453 ἐξέλθῃ.

383 460 587 510 (Diogenes
604 460 778 498 Laertius
798 458 867 497 lib.
883 458 934 496 vl
946 487 958 506 ‚
981 458 1057 509 57.)

380 533 443 559 195.
475 518 700 569 Θεασάμενός
733 534 816 557 ποτε
856 517 1167 570 πορφυροκλέπτην
1203 533 1370 573 πεφωρα-

326 579 427 629 μένον
461 578 525 632 ἔφη
539 593 547 602 ·
577 577 736 618 Ἔλλαὸε
769 575 959 630 πορφύρεος
992 576 1137 621 θάνατος
1172 576 1232 615 καὶ
1265 578 1369 631 μοῖρα

325 638 489 691 κραταιή.
1042 659 1045 662 ⁴

375 697 582 748 (Diogenes
620 695 796 734 Laertius
831 694 902 735 lib.
937 695 1006 745 vl,
1045 695 1108 744 57.
1137 695 1280 734 Versus
1314 704 1372 733 est

323 755 433 796 iliad.
452 755 498 803 V,
516 757 593 806 83.)

382 829 442 854 190.
478 813 659 867 Κρατέρου
675 814 844 859 ἀξιοῦντος
859 812 946 868 πρὸς
963 813 1066 852 αὐτὸν
1087 812 1247 864 ἀπιέναι,
1265 813 1370 853 Ἀλλὰ

325 873 516 925 βούλομαι,
549 872 636 926 ἔφη,
671 874 705 911 ἐν
740 872 898 919 Ἀθήναις
936 871 1005 910 ἅλα
1042 871 1183 924 λείχειν,
1215 872 1238 919 ἢ
1272 870 1370 926 παρὰ

323 932 493 985 Κρατέρῳ
511 935 574 979 τῆς
592 933 803 979 πολυτελοῦς
820 932 994 985 τραπέζης
1014 931 1216 972 ἀπολαύειν.

381 992 590 1043 (Diogenes
610 991 787 1031 Laertius
816 991 886 1030 lib.
911 989 979 1042 Vl,
1000 991 1065 1040 57.
1097 991 1277 1030 Craterus
1306 991 1370 1030 hic

325 1066 426 1091 unus
445 1064 493 1090 ex
513 1051 728 1090 Alexa'ndri
755 1051 810 1090 M.
829 1050 997 1090 ducibus
1013 1060 1090 1099 est,
1106 1051 1154 1089 de
1181 1065 1259 1101 quo
1280 1051 1371 1089 vide

318 1110 473 1149 Arrian.
497 1109 569 1149 lib.
586 1108 678 1158 Vll,
703 1124 765 1160 12,
787 1111 828 1158 3,
853 1109 1030 1148 Curtium
1055 1108 1127 1148 lib.
1148 1108 1215 1158 Vl,
1239 1111 1279 1158 6,
1301 1111 1366 1157 33,

320 1170 491 1208 Plinium
511 1168 664 1219 XXXV,
688 1170 763 1219 13.)

376 1241 440 1268 197.
471 1226 683 1277 Ἀναξιμένει
702 1229 759 1280 τῷ,
775 1226 893 1280 ῥήτορι
921 1229 1031 1279 παχεῖ
1054 1225 1128 1265 ὄντι
1149 1226 1364 1280 προσελθών,

320 1285 459 1330 Ἐπίδος
479 1285 539 1325 καὶ
558 1286 657 1336 ἡμῖν,
677 1284 765 1339 ἔφη,
787 1291 857 1329 τοῖς
878 1287 1030 1338 πτωχοῖς
1047 1289 1107 1333 τ’ῆς
1126 1286 1286 1339 γαστρός·
1306 1286 1365 1326 καὶ

315 1345 381 1397 γὰρ
400 1344 501 1389 αὐτὸς
519 1344 736 1397 κουφισθήσῃ
757 1344 817 1384 καὶ
836 1347 930 1395 ἡμᾶς
947 1345 1150 1398 ὠφελήσεις.

373 1402 581 1456 (Diogenes
612 1403 790 1442 Laertius
819 1403 889 1443 lib.
913 1402 979 1452 Vl,
1000 1403 1064 1452 57.
1085 1403 1364 1454 Intelligendus

315 1462 597 1510 Anaximenes,
630 1464 761 1502 rhetor
787 1464 1094 1515 Lampsacenus,
1126 1464 1189 1502 cui
1221 1463 1366 1501 Rheto-

320 1523 403 1560 rica
448 1522 496 1561 ad
539 1523 802 1561 Alexandrum
819 1552 829 1570 ,
866 1536 952 1573 quae
995 1523 1098 1561 inter
1144 1523 1366 1561 Aristotelis

321 1580 465 1631 scripta
493 1589 636 1628 exstat,
660 1580 781 1619 tribui
811 1582 922 1620 solet.
947 1581 1036 1619 Fuit
1058 1581 1162 1620 enim
1182 1582 1247 1620 hic
1267 1581 1362 1619 Dio-

318 1641 427 1689 genis
464 1640 601 1691 Cynici
638 1640 867 1692 discipulus.
899 1640 990 1679 Vid.
1027 1640 1230 1678 Ruhnken.
1263 1641 1362 1680 nist.

318 1698 406 1737 crit.
429 1707 526 1738 orat.
548 1713 662 1749 graec.
694 1699 737 1737 in
770 1700 915 1752 Opusc.
939 1701 1020 1740 vol.
1043 1699 1060 1737 l
1081 1713 1170 1752 pag.
1194 1700 1269 1737 353
1299 1700 1360 1740 ed.

319 1755 601 1811 Friedemann.)

304 1857 307 1860 ,
369 1830 434 1857 198.
466 1816 724 1869 Διαλεγομένου
754 1816 838 1856 ποτὲ
869 1821 928 1857 τοῦ
962 1819 1089 1865 αὐτοῦ,
1108 1817 1249 1870 τάριχος
1280 1833 1364 1869 προ-

316 1874 430 1919 τείνας
447 1876 660 1929 περιέσπασε
691 1875 768 1921 τοὺς
788 1877 980 1929 ἀκροατάς·
999 1878 1275 1927 ἀγανακτοῦντος
1301 1876 1360 1928 δέ,

317 1934 393 1982 Τὴν
414 1934 673 1988 Ἀναξιμένους,
695 1935 760 1989 ἔφη
774 1966 785 1988 ,
803 1935 950 1981 διάλεξιν
970 1935 1094 1974 ὂὸολοῦ
1117 1936 1259 1989 τάριχος
1287 1937 1362 1974 δια-

314 1992 469 2033 λέλυκεν.

369 2052 576 2105 (Diogenes
596 2054 774 2093 Laertius
791 2053 863 2093 lib.
882 2053 956 2101 Vl,
980 2052 1059 2106 57.)

368 2125 432 2152 19⁰.
463 2111 737 2163 Ὀνειδιζόμενός
755 2128 858 2162 ποτε,
878 2111 930 2151 ὅτι
947 2114 982 2151 ἐν
1001 2115 1110 2166 ἀγορᾷ
1130 2111 1274 2166 ἔφαγεν,
1298 2113 1360 2153 Ἐν

315 2171 426 2224 ἀγορᾷ
446 2169 525 2223 γάρ,
544 2171 625 2224 ἔφη,
644 2172 703 2210 καὶ
721 2172 901 2219 ἕπείνησα.

371 2231 579 2282 (Diogenes
597 2231 773 2270 Laertius
788 2231 860 2271 lib.
879 2230 948 2278 vl,
970 2231 1050 2281 58.)

366 2303 434 2329 200.
467 2289 619 2329 Πλάτων
643 2291 855 2340 θεασάμενος
878 2289 981 2329 αὐτὸν
999 2289 1141 2342 λάχανα
1158 2290 1331 2328 πλύνοντα
1345 2319 1356 2340 ,

314 2348 513 2401 προσελθὼν
548 2351 667 2402 ἡσυχῇ
693 2343 787 2388 εἶπεν
823 2350 935 2401 αὐτῷ,
954 2350 998 2387 Εἰ
1032 2348 1210 2388 Διονύσιον
1240 2348 1358 2400 ἐθερά·

313 2421 413 2449 πευες
424 2436 434 2454 ,
452 2407 515 2445 οὐκ
532 2406 572 2446 ἂν
587 2407 727 2460 λάχανα
744 2407 898 2451 ἔπλυνες·
914 2409 931 2445 ὃ
948 2406 984 2444 δὲ
1002 2405 1212 2458 ἀπεκρίνατο
1232 2408 1358 2458 ὁμοίως

312 2467 450 2518 ἡσυχῇ,
471 2466 543 2504 Καὶ
564 2464 605 2505 σὺ
628 2467 657 2504 εἷ
675 2467 812 2518 λάχανα
834 2465 996 2514 ἔπλυνες,
1020 2466 1082 2503 οὐκ
1117 2463 1158 2502 ἂν
1179 2465 1359 2504 Διονύσιον

314 2524 531 2575 ἐθεράπευες.

360 2676 430 2705 195.
455 2676 562 2712 Quum
586 2674 719 2708 vidisset
749 2676 920 2718 aliquando
952 2678 1115 2711 hominem
1152 2677 1186 2710 in
1212 2685 1362 2719 purpurae

316 2730 400 2764 furto
419 2731 651 2772 deprehensum
661 2757 671 2774 ,
690 2737 806 2776 Hune,
819 2735 935 2778 inquit,

359 2806 584 2846 Purpureum
599 2807 687 2847 cepit
705 2806 831 2847 fatum
846 2808 1067 2850 violentaque
1090 2811 1218 2842 Parca.

362 2879 433 2910 196.
455 2878 587 2917 Cratero
601 2879 783 2920 postulante
795 2904 804 2921 ‚
827 2882 864 2913 ut
879 2881 1036 2923 Diogenes
1054 2882 1094 2914 ad
1113 2882 1220 2924 ipsum
1236 2882 1361 2924 protici-

317 2938 469 2977 sceretur,
486 2939 528 2970 At
542 2938 645 2979 malo,
662 2938 777 2979 inquit,
793 2940 903 2972 salem
927 2941 1068 2973 Athenis
1084 2942 1233 2984 linqere,
1254 2950 1361 2984 quam

317 2995 417 3037 apud
439 2997 623 3029 Craterum
639 2997 857 3031 luxuriosius
872 2999 1024 3040 epulari.

362 3070 431 3100 197.
455 3069 563 3106 Quum
582 3069 810 3102 Anaximenem
838 3072 1008 3112 oratorem,
1023 3072 1078 3112 qui
1102 3073 1209 3113 pingui
1228 3082 1361 3114 corpore

317 3127 403 3167 erat,
422 3126 571 3168 adiisset,
588 3129 664 3168 Da,
683 3127 780 3161 sodes
791 3152 802 3170 ‚
819 3129 941 3171 inquit,
956 3131 989 3162 et
1015 3130 1112 3163 nobis
1145 3133 1360 3173 pauperibus

317 3187 447 3218 ventris
468 3187 521 3219 tui
545 3189 701 3228 partem;
718 3190 851 3229 quippe
867 3190 900 3220 et
925 3190 996 3229 ipse
1017 3197 1118 3221 onere
1134 3188 1307 3229 ,lec-aberis
1327 3192 1359 3223 et

317 3243 415 3276 nobis
428 3244 597 3285 proderis.
1319 3240 1321 3242 ’

362 3322 433 3353 198.
458 3320 579 3354 Eodem
607 3320 777 3362 aliquando
805 3321 1003 3360 disserente,
1033 3321 1259 3354 salsamentum
1285 3332 1359 3364 pro-

321 3378 454 3413 tendens
482 3380 640 3420 Diogenes
667 3380 828 3413 auditores
853 3380 886 3412 in
915 3389 950 3412 se
975 3380 1153 3421 convertit;
1179 3380 1360 3422 indignante

319 3437 427 3469 autem
453 3438 524 3479 illo,
542 3441 842 3480 Disputationem,
858 3438 985 3480 inquit,
1004 3440 1232 3472 anaximenis
1253 3442 1359 3474 unius

321 3494 409 3529 oboli
424 3496 676 3531 salsamentum
691 3496 862 3532 dissolvit.

1495 340 1705 394 (Diogenes
1736 339 1912 380 Laertius
1934 339 2005 381 lib.
2025 341 2094 389 vl,
2113 340 2178 383 58.
2206 342 2285 382 Alii
2318 343 2392 383 hoc
2422 344 2487 384 di-

1439 407 1543 508 ἓῑδυρι
1564 400 1767 452 Aristippo
1787 399 1979 441 tribuunt.
1998 400 2055 441 Cf.
2074 401 2191 451 Diog.
2203 399 2329 440 Laert.
2342 401 2414 443 lib.
2431 401 2485 456 11,

1489 530 1556 557 201.
1590 517 1685 571 Πρὸς
1702 517 1760 556 τὸν
1778 517 1938 557 εἰπόντα·
1930 520 1996 559 ·Ot
2016 517 2156 563 πλείους
2173 534 2235 559 σου
2254 521 2490 574 καταγελῶσι·

1440 575 1623 615 Κάκείνων
1655 576 1775 631 τυχόν,
1793 570 1902 626 εἶπεν,
1922 579 1953 617 οἱ
1972 577 2066 628 ὄνοι,
2084 577 2162 617 ἀλλ’
2177 577 2248 618 οὔτ’
2264 580 2386 619 ἐκεῖνοι
2415 595 2486 620 των

1436 632 1523 672 ὄνων
1546 634 1834 689 ἐπιστρέφονται,
1855 635 1927 675 οὔτ’
1944 636 2014 689 ἐγὼ
2034 636 2189 678 ἐκείνοιν.

1492 694 1698 745 (Diogenes
1716 696 1895 734 Laertius
1910 695 1983 736 lib.
1999 695 2074 744 VI,
2096 696 2175 750 58.)

1490 765 1558 793 202.
1588 753 1818 805 Θεασάμενος
1846 754 2026 808 μειράκιον
2050 757 2274 809 φιλοσοφοῦν,
2296 750 2415 810 Ευγε,
2435 751 2485 797 ιῖ-

1435 826 1513 859 πεν,
1534 810 1587 850 ὅτι
1616 812 1695 857 τους
1715 818 1776 852 τοῦ
1797 813 1959 865 σώματος
1981 814 2165 868 ἐραστὰς’
2150 815 2207 855 επὶ
2227 816 2267 856 τὸ
2285 818 2347 864 τῆς
2371 818 2487 871 ψυχῆς

1437 870 1565 915 κάλλος
1584 873 1759 923 μετάγεις.

1492 930 1700 982 (Diogenes
1715 931 1892 971 Laertius
1910 931 1983 971 lib.
2004 932 2070 981 VI,
2090 933 2171 987 58.)

1492 1002 1561 1029 20³.
1593 989 1845 1039 Θαυμάζοντός
1872 1006 1962 1035 τινος
1979 991 2024 1029 τὰ
2053 993 2088 1030 ἐν
2108 992 2324 1066 Σαμοθρᾴκῃ
2355 996 2485 1043 ἂναθή·

1435 1063 1553 1099 ματα,
1576 1047 1661 1100 ἔφη·
1685 1050 1816 1103 Πολλῷ
1837 1043 1930 1088 ἄν’*
1907 1065 1949 1097 ην
1978 1050 2112 1102 πλείω,
2142 1052 2172 1090 εἰ
2192 1067 2252 1091 και
2271 1053 2304 1092 οἱ
2332 1052 2485 1104 μὴσω-

1434 1107 1547 1152 θέντες
1568 1107 1784 1150 ἀνετίθεσαν.

1489 1168 1697 1220 (Diogenes
1714 1168 1890 1208 Laertius
1903 1169 1975 1208 lib.
1991 1169 2060 1218 vl,
2080 1170 2142 1222 59.
2161 1174 2327 1212 Antrum
2351 1159 2453 1212 fuit
2440 1187 2482 1213 m

1433 1225 1699 1266 Samothracia
1718 1229 1848 1267 insula
1876 1229 2039 1268 Hecates
2060 1243 2213 1269 sacrum
2235 1244 2279 1270 ac
2297 1231 2484 1284 Zerynthi

1434 1288 1591 1325 nomine
1610 1288 1863 1339 appellatum.
1884 1291 1941 1326 Eo
1961 1289 2239 1340 confugiebant
2261 1291 2330 1342 qui
2349 1291 2398 1330 de
2421 1305 2485 1331 re-

1432 1346 1507 1385 bus
1529 1347 1611 1386 suis
1630 1348 1896 1398 periclitantes
1918 1349 2115 1387 sacrificio
2135 1349 2289 1388 Hecatae
2306 1359 2344 1389 et
2362 1350 2484 1403 Cory·

1436 1404 1623 1444 bantibus
1669 1406 1769 1445 facto
1821 1407 1949 1445 salvos
1988 1419 2029 1445 se
2064 1407 2146 1446 sore
2192 1408 2481 1452 existimabant.

1430 1463 1568 1502 Suidas
1584 1479 1592 1502 :
1609 1465 1643 1502 ἐν
1665 1464 1883 1518 Σαμοθράκῃ
1904 1459 1993 1512 ἦσαν
2009 1465 2149 1504 τελεταί
2167 1481 2274 1515 τινες,
2288 1467 2329 1512 ἃς
2343 1467 2482 1508 ἐδόκουν

1429 1522 1606 1562 τελεῖσθαι
1634 1523 1721 1575 πρὸς
1750 1523 2021 1576 ἀλεξιφάρμακα
2039 1523 2208 1563 κινδύνων
2228 1527 2348 1566 τινῶν.
2405 1519 2481 1567 Ἠν

1429 1579 1464 1618 δὲ
1485 1582 1596 1620 ἐκεῖσε
1625 1582 1684 1620 καὶ
1714 1581 1758 1621 τὰ
1778 1585 1847 1621 τῶν
1869 1581 2103 1636 Κορυὸάντων
2127 1583 2324 1646 μυστήρια,
2343 1601 2405 1624 και
2434 1585 2481 1626 τὰ

1427 1642 1488 1686 τ’ῆς
1507 1639 1684 1693 Ἑκάτης,
1702 1641 1763 1680 καὶ
1782 1641 1822 1680 τὸ
1842 1641 2019 1695 Ζήρυνθον
2042 1642 2179 1695 ἄντρον,
2195 1647 2218 1696 ᾑ
2240 1643 2346 1690 κύνας
2365 1643 2476 1688 ἔθυον.

1428 1697 1492 1738 Ἐν
1509 1698 1677 1744 κινδύνοις
1696 1693 1754 1739 οὖν
1775 1699 1954 1752 γενόμενοι
1973 1702 2206 1740 ἐπεκαλοῦντο
2221 1700 2299 1746 τους
2312 1702 2482 1753 δαίμονας

1427 1773 1640 1810 επιφανηναι
1656 1758 1716 1797 καὶ
1737 1758 1918 1807 ἀλεξῆσαι.
1974 1759 2145 1800 Ἐδόκουν
2160 1759 2197 1799 δὲ
2212 1761 2244 1799 οἱ
2259 1762 2480 1814 μεμυημένο;

1426 1820 1538 1855 ταῦτα
1560 1818 1599 1856 ἐκ
1617 1820 1686 1857 τῶν
1709 1819 1828 1857 δεινῶν
1858 1818 2029 1864 σώζεσθαι
2047 1818 2108 1858 καὶ
2127 1821 2167 1858 ἐκ
2194 1819 2392 1872 χειμώνων.
2415 1822 2478 1863 Cf.

1425 1876 1554 1916 Schol.
1576 1877 1624 1915 ad
1642 1877 1827 1916 Nicandri
1845 1877 2028 1917 Theriac.
2049 1893 2089 1918 v.
2109 1880 2186 1922 460
2201 1893 2292 1930 pag.
2318 1881 2392 1919 186
2411 1881 2475 1923 ed.

1426 1935 1555 1974 Didot.
1577 1945 1614 1974 et
1634 1937 1683 1975 ad
1699 1937 1901 1989 Aristoph.
1917 1937 2009 1977 Pac.
2027 1937 2146 1975 Addit
2162 1937 2341 1979 Laertius
2358 1953 2368 1977 ε
2387 1941 2421 1978 οἶ
2441 1937 2479 1979 δὲ

1424 1997 1526 2032 τοῦτο
1557 1994 1730 2047 Διαγόρου
1760 1995 1847 2048 φασὶ
1877 1999 1938 2034 τοῦ
1970 1995 2136 2043 Μηλίου,
2158 1997 2262 2036 inter
2293 2011 2392 2049 quos
2419 2007 2479 2038 est

1425 2053 1562 2092 Cicero
1591 2054 1639 2092 de
1657 2054 1743 2093 Nat.
1775 2055 1881 2092 Deor
1907 2054 1982 2102 ΙΙΙ,
2009 2055 2055 2103 37
2090 2055 2145 2093 ita
2176 2055 2352 2095 scribens
2383 2072 2394 2096 z
2431 2057 2479 2096 At

1424 2112 1614 2163 Diagoras
1647 2127 1767 2164 quum
1790 2112 2096 2152 Samothraciam
2126 2114 2316 2162 venisset,
2343 2114 2478 2154 atheos

1424 2172 1491 2211 ille
1512 2172 1580 2223 qui
1595 2172 1755 2220 dicitur,
1775 2181 1891 2224 atque
1905 2173 1941 2211 ei
1956 2172 2116 2224 quidam
2133 2173 2297 2224 amicus,
2313 2172 2390 2224 Tu,
2406 2174 2476 2225 qui

1424 2231 1517 2268 deos
1548 2239 1660 2282 putas
1696 2231 1868 2269 humana
1897 2231 2115 2281 negligere,
2143 2243 2273 2269 nonne
2301 2231 2478 2271 animad-

1423 2290 1544 2328 vertis
1569 2303 1617 2328 ex
1649 2299 1706 2328 tot
1738 2290 1882 2328 tabulis
1913 2290 2055 2342 pictiS‚
2079 2303 2195 2340 quam
2226 2290 2339 2328 multi
2371 2291 2477 2331 votis

1421 2349 1504 2386 vim
1537 2349 1776 2400 tempestatis
1807 2349 2017 2398 effugerint
2043 2349 2086 2386 in
2117 2357 2354 2400 portumque
2376 2348 2475 2388 salvi

1421 2408 1698 2458 pervenerint?
1716 2407 1776 2444 Ita
1801 2407 1867 2456 fit,
1890 2407 2043 2458 inquit3
2064 2406 2124 2444 illi
2150 2406 2254 2445 enim
2282 2420 2472 2459 nusquam

1421 2466 1518 2517 picti
1537 2474 1628 2504 sunt
1647 2465 1715 2517 qui
1735 2465 1937 2515 naufragia
1958 2465 2132 2504 fecerunt
2150 2465 2193 2504 in
2210 2465 2386 2518 marique
2403 2479 2475 2519 pe-

1422 2523 1605 2578 rierunt.)

1468 2681 1540 2711 199.
1564 2676 1790 2718 Reprehensus
1811 2674 2004 2717 aliquando,
2023 2674 2112 2716 quod
2127 2675 2162 2707 in
2189 2675 2259 2708 t‘oro
2286 2675 2413 2718 ederet,
2432 2678 2473 2710 In

1413 2736 1497 2777 foro
1512 2737 1616 2776 enim,
1631 2736 1694 2777 ait,
1709 2736 1816 2770 etiam
1829 2735 1970 2767 esurivi.

1463 2799 1536 2828 200.
1559 2797 1668 2833 Quum
1685 2793 1819 2826 vidisset
1835 2793 1927 2825 illum
1954 2792 2047 2826 Plato
2063 2788 2151 2825 olera
2178 2792 2362 2832 lavantem,
2381 2802 2471 2827 aece-

1420 2854 1499 2887 dens
1511 2853 1634 2895 placide
1644 2852 1675 2885 ei
1684 2851 1780 2892 dixit,
1791 2852 1827 2885 Si
1837 2852 2042 2892 Dionysium
2052 2851 2195 2892 coleres,
2207 2852 2305 2885 olera
2315 2850 2471 2895 profecto

1422 2921 1490 2945 non
1514 2912 1664 2945 lavares.
1692 2912 1751 2943 Cui
1778 2911 1935 2951 Diogenes
1953 2918 2046 2951 oeque
2077 2909 2199 2950 placide
2218 2910 2395 2952 respondit,
2421 2912 2471 2944 Et

1422 2974 1461 3005 tu
1477 2973 1508 3004 si
1527 2970 1625 3004 olera
1640 2970 1792 3010 lavares,
1807 2970 2016 3010 Dionysium
2028 2977 2097 3002 non
2111 2969 2252 3003 coleres.

1462 3033 1534 3063 201.
1558 3029 1686 3062 Dicenti
1702 3028 1842 3069 cuidam,
1862 3027 1957 3061 Multi
1974 3028 2006 3060 te
2021 3027 2166 3068 irrident,
2186 3030 2235 3061 Et
2247 3028 2337 3070 illos,
2350 3028 2467 3070 inquit,

1414 3090 1568 3130 fortasse
1588 3090 1681 3122 asini
1689 3097 1835 3132 ,verum
1860 3096 1921 3120 nec
1946 3087 2003 3120 illi
2026 3089 2144 3121 asinos
2166 3089 2393 3128 curant,m
2407 3095 2467 3129 eqo

1419 3149 1511 3182 illos.
2464 3158 2467 3160 ’

1462 3211 1533 3239 202.
1557 3207 1736 3248 conspecto
1745 3205 1986 3239 adolescentulo
1997 3205 2250 3247 philosophante,
2257 3207 2350 3238 Bene
2358 3205 2463 3245 facis.

1417 3265 1540 3306 inquit,
1555 3265 1648 3308 quod
1665 3267 1820 3307 corporis
1838 3267 2013 3298 amatores
2030 3264 2078 3297 ad
2096 3266 2206 3297 am‘mi
2226 3264 2464 3306 pulchritudi-

1418 3332 1496 3356 nem
1510 3325 1681 3358 traducis.

1461 3387 1533 3416 203.
1558 3384 1743 3417 Admirante
1753 3383 1894 3425 quodam
1905 3391 1943 3415 ea
1957 3391 2031 3424 quae
2041 3382 2072 3415 in
2087 3380 2302 3415 Samothracia
2315 3381 2461 3414 visuntur

1417 3441 1565 3482 donaria,
1587 3443 1713 3483 Multo,
1733 3443 1798 3483 ait,
1813 3443 1924 3484 plura
1936 3443 2060 3482 essent,
2070 3442 2102 3473 si
2116 3442 2223 3474 etiam
2240 3440 2297 3474 illi
2315 3442 2376 3482 qui
2387 3448 2461 3474 ser·

1418 3501 1493 3533 υαιὶ
1510 3508 1578 3533 non
1600 3502 1687 3534 sunt
1697 3524 1708 3542 ,
1721 3500 1814 3534 dona
1831 3500 1901 3534 deae
1916 3499 2148 3533 dedicassem.
