2606 3828
330 251 403 284 230

322 334 472 367 apparere
497 324 714 357 simulacrum.
761 325 799 357 At
825 332 898 356 vero
923 324 1030 363 Plato,
1059 332 1115 364 pro
1135 324 1250 365 ingenii
1279 334 1355 367 pru-

321 386 498 426 ‹lentiaeque
507 384 683 423 divinitate,
697 383 796 415 duum
806 382 959 414 luminum
973 384 1104 422 coetuui,
1122 383 1354 417 confluentium

323 444 352 476 ln
372 445 486 475 tersam
505 441 625 483 speculi
642 442 674 474 et
693 440 826 473 solidam
843 443 968 480 cutem,
989 440 1019 472 id
1044 441 1110 480 est,
1130 440 1236 473 diurni
1254 441 1352 474 lumi-

321 502 369 534 nis
385 503 417 534 ct
439 501 557 541 intimi,
580 500 665 542 qiiod
686 508 740 541 per
765 499 877 531 oculos
894 499 980 538 iluit,
1006 499 1163 533 trahentis
1182 509 1291 534 seeum
1313 502 1354 534 de

321 559 410 592 vultu
428 562 606 592 manantem
620 558 757 590 colorem
772 557 802 589 in
815 557 944 596 speculo
957 558 1126 599 corporali,
1140 558 1354 601 coloratisque

319 618 428 649 vuitus
447 616 655 655 lineamentis,
670 616 702 647 et
721 615 856 646 formato
877 623 914 646 ac
931 615 1089 647 delineato
1105 616 1229 657 colore,
1248 618 1347 650 simu·

320 675 439 708 lacrum
452 674 605 707 {emulum
628 673 735 705 vultus
749 672 942 705 adumbrari.
987 673 1038 706 Sic
1047 674 1167 717 quippe
1183 675 1327 717 loquitur
1343 686 1351 709 :

359 733 404 764 Τὸ
428 732 459 764 δὲ
483 732 550 772 περὶ
570 731 623 769 τὴν
643 734 704 762 τῶν
726 730 907 771 κατόπτρων
932 731 1151 764 εἰδωλοποιίαν
1176 734 1230 764 καὶ
1251 733 1353 766 πάντα

318 790 378 820 ὅσα
398 789 515 830 ἐμφανῆ
531 788 582 819 καὶ
602 788 669 818 λεῖα
689 787 822 818 κατιδεῖν
848 787 935 819 οὐδὲν
959 787 1002 820 ἔτι
1022 788 1170 829 χαλεπόν.
1216 789 1272 821 Ἐκ
1293 789 1353 831 γὰρ

319 852 374 885 τῆς
395 846 478 882 ἐντὸς
498 844 583 881 ἐκτός
599 855 632 876 τε
648 846 702 875 τοῦ
720 843 814 886 πυρὸς
839 845 986 885 ἑκατέρου
1007 845 1170 882 κοινωνίας
1193 846 1354 888 ἀλλήλοις,

318 904 382 941 ἑνός
402 915 432 935 τε
453 902 491 935 αὗ
507 903 572 943 περὶ
591 903 646 941 τήν
670 901 814 940 λειότητα
833 902 983 936 ἑκάστοτε
1007 905 1174 946 γενομένου
1202 905 1253 937 καὶ
1279 907 1354 938 πο).-

317 968 394 1006 ὶαχῇ
418 962 725 1004 μεταῤῥυθμισθέντος
737 986 745 1001 ,
759 961 862 994 πάντα
879 963 918 994 τὰ
933 966 1062 996 τοιαῦτα
1080 964 1268 1005 ἐμφαίνεται.

354 1022 443 1058 Δεξιὸι
461 1021 494 1053 δὲ
507 1020 685 1060 φαντάζεται
704 1021 743 1053 τὰ
758 1021 914 1062 ἀριστερά.

353 1082 394 1113 At
410 1086 486 1111 vero
498 1078 773 1110 simulacrorum
788 1103 797 1119 ,
814 1087 891 1120 quoe
911 1081 947 1112 in
961 1080 1113 1121 speculis
1130 1081 1350 1122 oboriuntur,

305 1138 428 1178 jacitis
446 1139 616 1169 assecutio
638 1139 702 1170 est.
746 1137 923 1179 Siquidem
945 1140 1127 1181 utriusque
1142 1141 1252 1181 ionis,
1279 1143 1353 1174 tam

311 1198 426 1229 intimi
442 1203 546 1238 quam
563 1197 667 1228 extra
686 1197 806 1237 positi,
823 1204 995 1230 concursu
1013 1197 1116 1230 intimi
1131 1198 1252 1232 scilicet
1264 1199 1352 1232 calo·

311 1258 352 1289 ris
363 1259 394 1289 et
413 1256 600 1298 extrapositi
616 1256 746 1289 luminis
758 1256 767 1296 ,
779 1257 966 1291 incidentis
985 1260 1020 1291 in
1039 1261 1170 1293 tersum
1194 1261 1352 1303 aliquam

311 1316 491 1357 laeoemque
511 1317 695 1348 materiam
707 1339 716 1355 ‚
735 1316 795 1348 hoc
813 1318 862 1349 est
875 1317 1054 1358 speculum,
1075 1318 1290 1362 formatique
1312 1321 1350 1353 in

309 1375 438 1407 multas
452 1376 485 1407 et
499 1376 615 1407 varios
628 1374 765 1415 stouras
779 1400 788 1415 ,
802 1384 875 1416 quae
894 1376 933 1408 ad
953 1385 988 1409 se
1002 1377 1140 1410 formata
1152 1378 1282 1419 specula
1299 1379 1349 1412 di-

311 1441 418 1465 versas
445 1432 543 1466 edunt
558 1432 955 1476 imagines‚simulacra,
981 1435 1100 1477 inquit,
1125 1445 1170 1470 ex
1199 1438 1350 1480 loeviqati

311 1494 464 1534 corporis
481 1494 662 1533 conspectu
684 1493 870 1526 resultant.

351 1553 489 1584 CCLVI.
515 1553 654 1584 Dextrae
682 1560 788 1594 porro
808 1555 947 1595 partes,
974 1562 1050 1597 quoe
1079 1557 1163 1589 sunt
1184 1557 1350 1597 sinisti-«e,

311 1610 486 1643 videntur.

350 1670 423 1710 Agit
438 1677 525 1701 nunc
541 1669 581 1701 de
598 1669 823 1703 immutatione
843 1671 951 1709 visus,
970 1673 1001 1704 et
1021 1673 1097 1713 quia
1116 1673 1248 1714 specula
1265 1683 1351 1715 ηοω·

308 1727 382 1760 dem
406 1727 487 1760 sacta
510 1729 584 1760 sunt
605 1728 644 1760 ad
665 1729 903 1761 similitudinem
927 1730 1102 1764 dimidiatae
1120 1732 1256 1773 sphaerae
1272 1741 1350 1766 cou-

308 1797 406 1828 cava,
422 1788 448 1820 si
471 1788 510 1820 ad
527 1797 596 1821 eam
617 1790 759 1830 partem,
781 1799 854 1831 quae
881 1790 1034 1823 umbonis
1054 1791 1150 1825 habet
1168 1792 1347 1834 tumorem,

308 1846 532 1887 contemplatio
549 1846 716 1888 dirigatur,
741 1847 882 1881 dexterae
903 1852 1010 1890 partes
1031 1850 1169 1883 sinistrae
1189 1851 1348 1885 videbun-

309 1904 362 1935 tur
374 1927 383 1943 ,
414 1907 589 1945 contraque
607 1905 694 1955 'item
730 1905 811 1937 oculi
853 1906 958 1939 dextri
996 1909 1224 1950 contemplatio
1251 1910 1349 1943 laevas

308 1960 469 1993 simulacri
484 1963 603 2002 partes,
615 1962 800 2004 sinistrique
815 1963 890 1995 item
902 1963 988 1997 acies
1005 1965 1136 1999 dextras
1150 1968 1282 2007 tangent
1298 1968 1346 2001 in-

306 2018 400 2051 solito
432 2028 531 2051 more.
555 2019 684 2053 Merito.
733 2022 815 2053 cum
841 2021 927 2054 enim
953 2022 990 2055 in
1018 2023 1176 2057 directum
1203 2025 1341 2066 rigorem

310 2077 474 2118 utriusque
493 2078 576 2110 oculi
597 2079 688 2111 visus
705 2078 862 2120 serantur,
880 2082 948 2112 erat
964 2089 1164 2122 consequens
1187 2082 1348 2116 dexterio-

307 2136 349 2168 ris
366 2136 453 2168 visus
474 2136 645 2170 directione
662 2139 769 2178 partes
789 2138 937 2171 dexteras
954 2139 1060 2180 tangi,
1075 2140 1258 2183 sinistrique
1270 2142 1349 2175 item

307 2195 460 2229 sinistras.
490 2198 581 2229 Nunc
600 2196 762 2229 utcontra
773 2221 783 2238 ,
798 2198 886 2231 velut
899 2198 1123 2241 circumactis,
1137 2203 1170 2233 et
1187 2210 1204 2234 e
1221 2201 1349 2235 diverso

308 2257 552 2290 consistentibus
562 2281 571 2299 ,
591 2258 796 2299 imaginibus.

349 2314 439 2352 Δεξιὰ
456 2316 540 2348 δὲτὰ
556 2317 639 2360 δεξιά
650 2341 658 2356 ,
675 2318 743 2349 κτλ.

349 2370 499 2402 CCLVIl.
524 2371 569 2402 At
584 2378 662 2403 vero
686 2370 820 2404 dextrae
840 2374 961 2413 parces
983 2375 1136 2415 corporis
1156 2373 1301 2408 dextrae.

349 2428 401 2459 lta
422 2429 457 2458 ut
475 2429 551 2459 sunt
567 2428 599 2460 in
618 2429 754 2470 speculis
779 2439 918 2471 quoque.
963 2430 1168 2473 Persequitur
1184 2433 1272 2465 aliud
1289 2433 1349 2466 du-

309 2485 399 2526 plicis
422 2485 655 2526 imaginationis
679 2495 797 2527 genuS‚
815 2488 901 2528 quod
919 2490 1050 2530 apparet
1072 2489 1105 2521 iu
1129 2490 1168 2522 iis
1192 2491 1348 2533 speculis,

308 2552 380 2584 quoe
400 2544 480 2576 tacta
497 2547 575 2576 sunt
594 2545 634 2576 ad
653 2545 790 2578 formam
810 2547 968 2587 cylindri,
986 2548 1086 2588 cavis,
1104 2548 1173 2581 sive
1191 2549 1347 2584 imbricis.

311 2601 454 2632 Rursum
477 2601 579 2642 enim,
597 2611 671 2634 cum
688 2602 722 2634 in
738 2602 897 2636 directnm
915 2604 1053 2646 rigorem
1077 2606 1243 2648 utriusque
1264 2609 1349 2642 oculi

312 2657 401 2689 visus
430 2658 582 2699 terantur,
610 2660 723 2693 dexter
747 2662 857 2703 visus,
874 2663 1023 2696 dextrum
1046 2665 1128 2697 latus
1147 2666 1293 2699 eminens
1316 2669 1348 2701 et

310 2715 495 2757 obliquum,
517 2717 642 2750 sinister
668 2719 762 2751 etiam
782 2720 944 2754 sinistrum
971 2723 1034 2756 tale
1057 2723 1140 2756 latus
1163 2725 1347 2767 incurrant,

312 2782 439 2806 necesse
458 2775 517 2807 est.
561 2776 685 2808 Formae
712 2778 789 2808 tunc
810 2778 842 2809 in
870 2778 1024 2812 lateribus
1053 2781 1188 2821 geminis
1214 2783 1348 2824 conglo-

314 2831 414 2871 batae,
432 2831 474 2863 ob
492 2832 612 2864 tersam
626 2856 634 2870 ,
649 2836 681 2865 et
700 2833 883 2867 inclinatam
894 2860 902 2875 ,
921 2839 1153 2881 proptereaque
1168 2841 1324 2876 lubricam
1336 2870 1347 2886 ,

314 2890 481 2931 utriusque
506 2890 615 2923 lateris
632 2893 851 2933 superficiem,
872 2894 1021 2929 labuntur
1040 2898 1072 2930 in
1090 2899 1187 2932 latera
1207 2901 1346 2945 diversa,

311 2959 384 2991 qum
402 2949 532 2992 quidem
554 2950 595 2983 ad
613 2951 760 2984 dextram
773 2954 844 2986 visu
869 2956 1009 2988 nascitur
1022 2957 1053 2989 in
1070 2958 1234 2993 sinistrum
1249 2960 1345 3003 latus,

310 3016 385 3048 quae
408 3016 484 3040 vero
511 3017 530 3040 a
546 3009 675 3041 sinistro
694 3010 838 3044 similiter
854 3013 885 3045 in
903 3014 1064 3048 dextrum.
1109 3019 1191 3056 Quae
1215 3020 1291 3060 quia
1313 3021 1345 3053 in

310 3065 438 3097 diversa
465 3065 563 3098 latera
581 3067 752 3099 transitum
772 3068 914 3110 faciunt,
933 3073 964 3103 et
988 3072 1083 3105 simul
1109 3083 1127 3106 e
1147 3075 1274 3109 diverso
1299 3079 1344 3110 vi-

309 3121 425 3153 dentur
450 3122 645 3163 consistere,
663 3123 791 3156 dextras
816 3126 1062 3161 'simulacrorum
1092 3133 1198 3171 partes
1221 3133 1344 3167 dextris

310 3179 447 3221 nostris,
463 3180 608 3213 sinistras
623 3181 698 3214 item
716 3183 851 3216 sinistris
866 3185 977 3218 obvias
995 3188 1157 3222 exhibent.
1201 3193 1343 3225 Caeteros

308 3246 429 3270 errores
448 3238 577 3271 videndi
601 3240 642 3272 ab
665 3241 726 3274 hoc
739 3242 881 3282 juniores
896 3244 1076 3286 philosophi
1093 3249 1230 3281 mutuati
1250 3259 1345 3291 expo-

308 3298 459 3337 suerunt,
489 3298 533 3330 ita
561 3302 598 3331 ut
617 3308 715 3341 supra
732 3302 996 3343 comprehensum
1018 3308 1077 3340 est.
1130 3307 1252 3341 Deinde
1275 3318 1344 3350 pro-

309 3354 449 3393 sequitur
465 3364 474 3387 ε

351 3412 445 3444 Ταῦτ’
460 3413 512 3446 οὖν
529 3414 616 3448 πάντ’
632 3416 698 3450 ἐστι
721 3421 783 3450 τῶν
805 3419 965 3456 ξυναιτίων
978 3421 1023 3460 οἷς
1037 3422 1055 3454 ὁ
1073 3423 1139 3460 θεὸς
1158 3425 1344 3466 ὑπηρετοῦσι

1054 241 1318 283 CHALCIDII
1346 240 1755 284 COMMENTARlUS

1415 330 1545 368 χρῆται,
1565 326 1619 364 τὴν
1636 327 1692 358 τοῦ
1712 324 1840 366 ἀρίστου
1858 322 1940 355 κατὰ
1968 322 2004 356 τὸ
2028 322 2158 356 δυνατὸν
2176 322 2260 357 ἰδέαν
2284 321 2457 358 &notem-

1456 385 1625 418 CCLVIH.
1650 386 1715 422 Qut
1743 382 1883 425 quidem
1914 389 2035 414 sensus
2066 380 2298 424 famulantur
2324 381 2459 415 aceto-u

1414 444 1543 486 opificis
1563 446 1623 477 Dei
1635 468 1645 483 ,
1663 450 1836 476 summam
1855 442 2094 484 optimamque
2105 442 2140 475 et
2155 442 2372 484 primariam
2384 448 2462 484 apo-

1414 505 1500 536 ciem
1520 503 1706 535 molientis.

1458 560 1547 598 Quia
1563 568 1639 593 cum
1664 559 1704 591 de
1718 559 1787 591 visu
1804 558 2002 599 loqueretur,
2014 558 2070 599 qui
2087 559 2138 591 est
2155 557 2297 600 optimus
2311 557 2462 596 omnium

1414 627 1589 659 sensuum,
1607 618 1767 659 corporeis
1793 625 1867 650 eum
1888 616 2073 650 nominibus
2089 616 2307 659 appellaverat
2328 627 2341 652 ε
2362 616 2463 651 modo

1414 677 1520 719 ignem
1531 703 1540 718 ‚
1556 677 1653 711 modo
1670 677 1793 718 lumen,
1809 676 1972 710 interdum
1989 675 2153 710 flammam
2169 670 2408 718 cognominem,
2418 684 2462 710 no

1414 735 1487 776 quis
1510 734 1634 776 putaret
1661 735 1699 766 se'
1716 733 1760 765 ita
1784 732 1988 773 existimare,
2013 732 2105 774 quasi
2131 732 2294 775 corporata
2324 731 2462 775 opinatis

1413 801 1527 826 sensus
1545 791 1810 823 administrentur
1831 790 1902 823 siue
1919 790 2061 823 melioris
2080 790 2282 833 incorporem
2310 789 2463 834 pomti-

1413 850 1577 883 consortio
1599 861 1607 881 ε
1622 848 1701 880 dicit
1718 848 1778 880 hos
1792 848 1882 889 ipsos
1897 856 2012 881 seusus
2029 847 2177 881 famulari
2189 847 2310 882 divinis
2321 847 2460 890 actibus,

1415 909 1546 951 perinde
1577 911 1613 940 ut
1641 907 1750 949 opifici
1778 906 1975 940 famulantur
1995 915 2130 949 organa.
2173 909 2276 941 Porro
2299 907 2462 949 optimum

1414 968 1471 1001 Dei
1488 974 1571 1008 opus
1589 965 1640 998 est
1665 964 1696 997 id
1717 962 1806 1005 quod
1830 962 1991 1005 intelligit.
2036 963 2101 996 sed
2121 964 2263 1005 opinari
2277 963 2462 1005 plerosque

1412 1025 1490 1059 dicit
1502 1049 1512 1066 ,
1530 1030 1586 1058 eos
1603 1022 1770 1063 videlicet,
1792 1022 1847 1064 qui
1864 1022 2071 1064 existimant,
2091 1021 2173 1055 nihil
2190 1028 2283 1063 esee,
2300 1020 2388 1064 quod
2407 1019 2476 1054 cai

1413 1093 1487 1119 rens
1502 1092 1637 1126 corpore
1655 1082 1831 1125 quidquam
1854 1081 2004 1123 patiatur,
2030 1082 2088 1114 aut
2113 1080 2226 1123 facian
2253 1080 2336 1115 nihil
2363 1080 2462 1119 etiam

1413 1144 1644 1184 incorporeum
1665 1149 1756 1181 esse,
1782 1140 1835 1173 eui
1861 1144 1970 1182 pareat
1998 1139 2240 1181 famuleturque
2267 1147 2406 1180 corpus,
2423 1141 2464 1173 ut

1413 1202 1490 1244 puta
1505 1199 1623 1233 mentis
1642 1198 1817 1232 intellectui
1843 1198 1961 1231 animae
1987 1198 2134 1247 naturae3
2157 1197 2215 1231 sed
2239 1196 2310 1240 ipsa
2326 1204 2463 1238 corpora

1413 1256 1625 1300 qualitatibus
1650 1255 1789 1298 propriis
1820 1264 1929 1289 rerum
1950 1263 2059 1288 creare
2078 1254 2300 1288 diversitatem
2324 1266 2334 1288 ε
2363 1253 2463 1295 frigus

1413 1315 1545 1358 quidem
1561 1315 1681 1348 terram
1701 1314 1734 1347 ct
1760 1322 1879 1355 aquam
1891 1337 1902 1355 ,
1917 1313 2070 1346 calorem
2092 1321 2169 1346 vero
2187 1312 2296 1354 ignem
2317 1312 2351 1344 et
2367 1319 2457 1346 aera.

1412 1377 1556 1409 Rursum
1580 1375 1819 1407 astrictionem
1836 1371 1969 1414 quidem
2002 1373 2035 1406 et
2061 1371 2254 1412 duritiam,
2283 1371 2402 1405 terram
2430 1371 2464 1404 et

1412 1435 1537 1475 ignem3
1567 1433 1848 1470 relaxationem,
1875 1439 1955 1463 vero
1992 1431 2026 1463 et
2051 1429 2282 1470 effusionem,
2308 1437 2402 1470 aera,
2429 1429 2464 1463 et

1412 1501 1544 1534 aquam.
1593 1492 1788 1531 igneamque
1807 1489 1873 1522 vim
1889 1489 2054 1522 contraria
2070 1488 2256 1522 molientem
2272 1496 2332 1530 pro
2349 1496 2462 1530 camo·

1413 1560 1489 1583 rum
1512 1549 1722 1589 diversitate,
1743 1547 1841 1580 modo
1860 1547 2092 1589 astringentem
2118 1546 2216 1580 modo
2238 1538 2458 1587 relaxantem,

1412 1611 1450 1640 ut
1465 1616 1539 1640 cum
1558 1616 1623 1639 uno
1641 1608 1674 1639 et
1687 1606 1803 1639 eodem
1822 1605 1929 1639 calore
1945 1604 2043 1638 limus
2061 1604 2192 1647 quidem
2206 1605 2372 1645 durescit.
2388 1613 2464 1639 cera

1413 1675 1490 1698 vero
1512 1664 1670 1707 liquescit.

1453 1724 1557 1765 Λόγον
1571 1723 1604 1756 δὲ
1627 1722 1737 1755 οὐδένα
1755 1722 1827 1755 οὐδὲ
1838 1724 1910 1754 νοῦν
1924 1722 1968 1758 εἰς
1986 1721 2075 1754 οὐδὲν
2090 1720 2206 1754 δυνατὰ
2223 1720 2306 1763 ἔχειν
2319 1721 2399 1755 ἔστι.

1453 1785 1524 1816 Τῶν
1540 1783 1600 1824 γὰρ
1622 1783 1720 1815 ὄντων
1738 1782 1764 1824 ᾧ
1781 1784 1854 1814 νοῦν
1871 1781 1959 1823 μόνῳ
1981 1781 2116 1814 κτᾶσθαι
2143 1779 2318 1822 προσήκει,
2337 1780 2462 1813 λεκτέον

1411 1843 1527 1886 ψυχήν.
1571 1844 1674 1875 Τοῦτο
1696 1841 1730 1874 δὲ
1750 1841 1894 1882 ἀόρατον.
1938 1841 2009 1881 Πῦρ
2027 1839 2061 1872 δὲ
2082 1839 2136 1871 καὶ
2154 1839 2239 1881 ὕδωρ
2258 1839 2312 1873 καὶ
2329 1839 2391 1880 ἀὴρ
2407 1839 2462 1872 καὶ

1410 1906 1450 1943 γῆ
1470 1901 1606 1943 σώματα
1622 1899 1726 1932 πάντα
1745 1898 1842 1941 ὁρατὰ
1858 1899 1979 1940 γέγονε.
2072 1933 2077 1937 ,,

1452 1960 1588 1993 CCLIX.
1615 1961 1697 1992 Haec
1712 1966 1820 2000 porro
1841 1959 1976 1998 omnia,
1995 1956 2100 1998 inquit
2112 1980 2123 1997 ,
2154 1963 2267 1998 neque
2285 1957 2461 2006 sentiunt,

1413 2028 1472 2053 nec
1488 2020 1659 2051 rationem
1677 2017 1963 2059 intellectumque
1978 2017 2016 2048 in
2033 2015 2137 2049 rebus
2155 2016 2296 2048 ratione
2310 2014 2462 2058 pruden-
2490 2015 2497 2020 '

1411 2081 1530 2122 traque
1546 2077 1691 2120 aqendis
1709 2079 1842 2110 sciunt.
1889 2076 2059 2110 Praeclare.

1455 2137 1629 2181 Siquidem
1649 2138 1860 2170 ratiocinari
1874 2137 1940 2169 aut
1966 2126 2165 2176 intelliqere
2187 2142 2258 2167 non
2280 2136 2460 2177 eorporis,

1409 2197 1470 2230 sed
1501 2198 1628 2229 animae
1657 2196 1854 2237 proprium.
1899 2195 1983 2227 Haec
2012 2201 2119 2234 porro
2143 2194 2365 2236 incorporea,
2389 2200 2460 2227 noa
2485 2167 2606 2229 Ltbh

2496 2250 2606 2264 hau—.-

1410 2258 1502 2290 en-z'm
1522 2255 1680 2298 videtur‚·
1706 2262 1786 2288 cum
1811 2261 1912 2287 omne
1931 2261 2059 2294 corpus
2076 2254 2124 2285 sit
2150 2240 2285 2286 visibile
2309 2260 2352 2286 ac
2379 2260 2460 2286 sen·

1410 2317 1534 2349 tiatur.

1451 2374 1565 2413 Itaque
1583 2380 1656 2404 cum
1680 2370 1823 2403 discreta
1847 2369 1912 2402 sint
1929 2377 2046 2411 corpus
2064 2369 2097 2402 et
2119 2369 2246 2410 anima,
2266 2368 2460 2412 diversaque

1410 2439 1521 2462 eorum
1541 2428 1657 2462 natura
1671 2428 1732 2470 sit;
1751 2428 2033 2469 dignitasrquoque
2051 2427 2084 2459 et
2095 2426 2176 2459 ordo
2191 2426 2339 2460 diversus
2355 2429 2417 2462 est.

1451 2489 1513 2521 Τὸν
1526 2488 1560 2520 δὲ
1580 2490 1635 2520 νοῦ
1656 2487 1710 2519 καὶ
1723 2487 1896 2527 ἐπιστήμης
1914 2485 2047 2527 ἐραστὴν
2060 2485 2183 2527 ἀνάγκη
2200 2484 2255 2522 τὰς
2268 2488 2324 2525 τῆς
2343 2482 2459 2528 ἔμφρο-

1410 2557 1460 2583 νος
1483 2545 1605 2587 φύσεως
1623 2544 1726 2581 αἰτίας
1739 2544 1866 2586 πρώτας
1885 2543 2101 2585 μεταδιώκειν.
2485 2551 2491 2556 ·

1452 2606 1583 2643 Quotus
1607 2606 1758 2646 quisque
1777 2604 1889 2643 iyitur
1906 2604 2042 2637 amator
2067 2604 2121 2636 est
2140 2603 2340 2645 sapientiae,
2359 2602 2458 2637 dabit

1410 2674 1571 2707 operam,
1591 2666 1632 2697 ut
1648 2663 1839 2706 prudentis
1858 2665 1998 2698 naturae
2019 2671 2145 2697 causas
2160 2659 2266 2705 priua
2278 2671 2386 2706 quam
2396 2672 2458 2697 cce-

1410 2726 1505 2757 teras
1522 2726 1742 2766 assequatur.

1451 2783 1533 2814 Sunt
1555 2790 1652 2823 porro
1679 2781 1742 2822 hae,
1764 2780 1972 2814 deliberativa
1994 2781 2027 2814 et
2044 2780 2121 2814 item
2137 2780 2318 2822 intelligens
2341 2780 2458 2814 animoe

1410 2841 1574 2883 potentia,
1592 2840 1710 2882 quibus
1731 2840 1906 2880 deliberat,
1926 2833 2145 2881 ratiocinatur,
2159 2839 2316 2882 intelligit.

1449 2898 1548 2930 Ὀσαι
1566 2898 1600 2930 δὲ
1618 2897 1672 2930 ὑπ’
1691 2898 1794 2930 ἄλλων
1812 2897 1868 2939 μὲν
1892 2898 2101 2939 κινουμένων,
2118 2898 2208 2940 ἕτερα
2224 2896 2256 2931 δ’»
2267 2898 2298 2936 ἐξ
2318 2897 2456 2940 ἀνάγκης

1408 2956 1575 2988 κινούντων
1591 2955 1765 2997 γίγνονται,
1777 2955 1929 2998 δευτέρας.
2503 3001 2506 3003 Β

1449 3016 1541 3048 Illas
1556 3024 1656 3056 vero,
1678 3015 1796 3056 inquit,
1811 3023 1886 3057 quae
1903 3014 1948 3047 ab
1960 3013 2048 3047 aliis
2068 3017 2170 3048 motae
2187 3017 2327 3049 movent
2347 3015 2455 3056 alias,

1406 3076 1576 3108 secundas
1599 3075 1890 3109 existimandum.
2276 3105 2278 3108 ,

1452 3135 1622 3177 perspicue
1648 3134 1809 3176 patibilem
1839 3136 1964 3175 partem
1988 3133 2185 3166 rationabilis
2210 3134 2328 3166 animai
2356 3132 2455 3167 vitio-

1408 3202 1543 3235 samque
1575 3193 1753 3234 significat,
1782 3193 1816 3225 iu
1834 3201 1898 3234 qua
1927 3193 1977 3226 est
2002 3193 2120 3234 quippe
2136 3192 2286 3234 impetus.
2329 3192 2454 3224 Princi-

1405 3253 1517 3293 paliter
1547 3252 1678 3292 quidem
1708 3252 1750 3284 ab
1769 3261 1808 3285 ea
1829 3253 1920 3294 parte
1949 3252 2066 3284 auimae
2083 3253 2242 3291 movetur,
2262 3259 2337 3292 quae
2362 3252 2452 3283 motu

1406 3311 1520 3343 intimo
1532 3336 1542 3354 ‚
1561 3313 1785 3354 genuinoque,
1803 3319 1843 3344 ex
1868 3311 2040 3352 semetipsa
2059 3311 2218 3350 movetur,
2237 3317 2279 3342 ex
2297 3308 2452 3342 accidenti

1405 3378 1483 3401 vero
1508 3371 1604 3402 etiam
1623 3370 1791 3403 desideriis
1820 3369 2039 3403 moventibus.
2082 3370 2158 3410 Ipse
2180 3369 2288 3400 autem
2313 3368 2451 3409 impetn:

1407 3430 1513 3462 movet
1529 3438 1662 3471 corpus.
