2606 3828
363 237 440 272 284

356 322 524 374 κρείσσων
553 323 620 395 γάρ
651 324 742 362 ἐστιν
770 318 863 366 ουτος
883 326 942 361 τοῦ
972 322 1068 375 παρὰ
1089 323 1269 362 Διονυσίου
1289 322 1392 362 οἴνου.

356 380 508 426 Ἐκεῖνος
527 381 675 435 μὲνγὰρ
697 382 823 434 μανίαν
847 383 937 420 ποιεῖ
953 382 1102 429 πολλήν,
1124 377 1219 426 οὗτος
1247 382 1318 421 δὲ’
1300 398 1392 422 απο-

354 440 472 479 παύει.
532 440 682 480 Ὁπόσον
713 445 770 480 οὖν
786 441 896 491 ὑγίειά
919 457 955 478 τε
973 441 1031 479 καὶ
1059 441 1219 493 φρόνησις
1234 442 1334 480 νόσου
1354 457 1392 480 τε

353 499 413 537 καὶ
437 498 630 552 ἀφροσύνης
650 500 818 553 διαφέρει,
839 515 999 538 τοσουτον
1019 498 1065 522 b
1049 515 1088 537 αν
1117 500 1177 538 καὶ
1197 516 1238 539 συ
1257 499 1392 553 διενέγ-

353 572 430 601 καις
451 558 536 610 πρὸς
555 556 599 595 τὰ
621 561 681 595 νῦν
704 573 757 596 σοι
778 558 874 596 ὄντα.
895 555 1071 611 Ἕρρωσο.

407 616 615 668 (Socratic.
635 618 747 668 epist.
767 631 804 668 p.
830 618 874 654 15
893 618 952 655 ed.
970 618 1089 656 Orell.
1110 618 1273 656 'sextum
1287 634 1392 658 com-

353 678 497 727 paratis
514 679 615 717 inter
637 691 676 715 se
694 676 837 714 Leonis
855 676 988 714 Allatii
1017 685 1054 714 et
1076 676 1124 716 G.
1145 677 1290 716 Olearii
1308 679 1392 717 edi-

352 735 520 775 tionibus
543 736 740 775 constitui.
768 735 958 773 Praeterea
978 736 1091 787 posui
1117 750 1126 772 z
1153 739 1167 757 ¹¹
1187 738 1391 790 αὐταρκῶν;

352 795 466 844 vulgo
487 797 682 848 αὐτάρκων.
712 816 763 823 -·
779 792 795 816 ¹³
815 798 999 843 τοσοῦτον;
1033 795 1150 846 vulgo
1181 796 1238 834 ἐπὶ
1265 801 1389 836 τοσοῦ-

349 856 442 903 τον.)

788 940 834 982 ”A
840 943 927 991 δῃλα
934 970 942 980 .

401 1041 449 1067 ο2.
478 1027 651 1075 Διδακτὴν
671 1027 873 1067 ἀπεδείκνυε
893 1027 957 1075 τὴν
978 1028 1119 1081 ἀρετήν.

401 1088 537 1139 (Diog.
561 1088 686 1126 Laert.
707 1088 776 1127 lib.
795 1089 862 1136 Vi,
893 1089 974 1139 ιο.)

397 1160 445 1184 53.
478 1146 612 1198 Ἀνδρος
632 1147 691 1185 καὶ
710 1148 871 1197 γυναικὸς
891 1151 913 1195 ἡ
936 1147 1024 1195 αὐτὴ
1045 1148 1166 1201 ἀρετή.

400 1205 612 1254 (Diogenes
631 1205 804 1245 Laertius
823 1207 895 1246 lib.
918 1207 983 1254 VI,
1007 1222 1074 1245 12..
1083 1207 1094 1260 )

396 1276 445 1302 54.
457 1264 556 1303 Καὶὸ
571 1260 878 1326 Σωκράτηςείπεν·
890 1265 953 1305 Ἐν
968 1266 1196 1317 πολλοῒςμέν,
1206 1259 1382 1340 ῶᾶνόρες,

343 1320 401 1361 και
422 1323 538 1367 ἄλλοις
559 1325 659 1371 δῆλον
677 1323 736 1362 και
762 1326 796 1362 ἐν
825 1327 872 1367 οῖς
892 1325 922 1362 δ’
943 1328 964 1371 ἡ
990 1325 1071 1369 παῖς
1094 1341 1170 1363 ποιε
1172 1324 1257 1364 ῒότι
1278 1329 1298 1372 ἡ
1322 1342 1384 1378 γυ-

341 1381 476 1420 ναικεία
494 1381 593 1435 φύσις
612 1382 707 1420 οὐδὲν
735 1383 860 1435 χείρων
881 1386 943 1430 τῆς
966 1387 1023 1422 τοῦ
1045 1385 1167 1437 ἀνδρὸς
1193 1378 1279 1423 οὐσα
1303 1400 1384 1436 τυγ-

342 1441 464 1492 χάνει,
485 1440 627 1492 γνώμης
656 1441 771 1480 δὲκαὶ
796 1442 915 1494 ἰσχύος
947 1443 1071 1481 δεῖται.
1127 1440 1241 1481 “nete
1273 1441 1305 1480 εἴ
1334 1459 1386 1487 τις

341 1501 440 1548 ὑμῶν
463 1505 611 1551 γυναῖκα
645 1499 740 1552 ἔχει,
765 1502 900 1553 θαῤῥῶν
930 1499 1124 1540 διδασκέτω
1146 1501 1214 1548 δ’,τι
1236 1501 1385 1553 βούλοιτ’

343 1554 383 1594 ἂν
404 1558 492 1607 αὐτῇ
525 1558 739 1619 ἐπισταμένῃ
772 1562 941 1611 χρῆσθαι.
1015 1560 1086 1598 Καὶ
1108 1562 1127 1598 ὃ
1156 1538 1383 1608 Ἀντισθένης·

342 1617 425 1659 Πῶς
445 1610 516 1664 οὐν,
537 1616 621 1670 ἔφη,
655 1620 684 1655 ὠ
714 1618 913 1671 Σωκρατες,
934 1616 1025 1656 οὕτω
1044 1619 1246 1670 γιγνώσκων
1266 1635 1304 1657 ου
1326 1619 1384 1657 καὶ

342 1674 384 1713 συ
404 1676 576 1720 παιδεύεις
596 1676 829 1725 Ξανθίππην,
860 1676 950 1715 ἀλλὰ
981 1679 1051 1729 χρῇ
1080 1677 1223 1751 γυναικὶ
1238 1692 1306 1715 των
1325 1678 1383 1715 οὐ·

343 1736 428 1785 σῶν,
447 1728 544 1785 οἶμαι
563 1735 677 1774 δὲκαὶ
694 1739 763 1774 τῶν
780 1735 1019 1787 γεγενημένων
1038 1752 1100 1775 και
1119 1739 1187 1775 τῶν
1209 1734 1382 1787 ἐσομένων

342 1793 599 1845 χαλεπωτάτῃ·
589 1825 599 1842 ,

396 1851 629 1905 (Xenophon
648 1854 812 1892 Conviv.
830 1854 882 1901 11,
903 1855 1042 1905 9-10.)

395 1925 443 1950 55.
463 1912 537 1958 Τήν
555 1927 591 1950 τε
611 1912 748 1958 ἀδοξίαν
766 1914 893 1964 ἀγαθὸν
915 1914 974 1952 καὶ
990 1914 1062 1953 ἴσον
1080 1915 1129 1965 τῷ
1149 1912 1257 1964 πόνῳ.

397 1970 613 2020 (Diogenes
633 1971 810 2010 Laertius
833 1972 903 2012 lib.
921 1972 992 2023 Vl,
1015 1987 1075 2011 11.
1098 1972 1287 2010 Similiter
1313 1972 1384 2008 Ar-

342 2028 474 2067 rianus
497 2030 598 2069 Diss.
618 2031 743 2082 Epict.
768 2031 799 2078 1,
828 2038 876 2076 24
905 2032 954 2069 de
981 2033 1156 2081 Diogene
1186 2027 1311 2082 ε’λέγει
1333 2029 1385 2067 ὅτι

343 2087 459 2132 ἀδοξία
477 2088 582 2141 ψόφος
599 2090 670 2128 ἐστὶ
686 2090 903 2141 μαινομένων
920 2091 1124 2143 ἀνθρώπων.
1137 2090 1252 2128 Conf.
1272 2090 1385 2138 Diog.

342 2144 465 2183 Laert.
498 2147 558 2193 Vl,
598 2163 645 2196 72
678 2157 715 2186 et
748 2150 796 2187 83
827 2149 875 2188 de
906 2147 1103 2197 Monimo3
1132 2151 1224 2187 item
1260 2150 1309 2199 93
1338 2149 1386 2185 de

342 2204 504 2244 Cratete.
523 2206 534 2257 )

345 2327 384 2350 ac
398 2318 570 2352 dementiae
591 2323 744 2361 praestant
772 2331 780 2353 :
805 2324 931 2354 tantum
955 2323 1051 2355 etiam
1079 2325 1114 2354 tu
1145 2322 1249 2362 bonis,
1268 2321 1386 2362 quibus

342 2387 429 2413 nunc
453 2380 578 2422 aslluis,
598 2369 780 2415 antecellas.
825 2383 917 2416 Vale.

796 2489 931 2522 Incerta.

386 2586 438 2615 52.
459 2583 616 2614 Virtutem
631 2582 742 2615 doceri
760 2591 852 2623 posse
871 2583 1121 2615 demonstrabat.
1148 2611 1150 2614 ⁴

387 2642 435 2671 53.
456 2639 525 2672 Viri
541 2641 573 2671 et
592 2639 734 2672 mulieris
748 2640 858 2672 eadem
874 2641 986 2673 virtus.

388 2702 441 2732 54.
462 2701 542 2732 Tum
562 2701 730 2733 Socrates:
753 2702 834 2732 Cum
848 2710 887 2733 ex
909 2701 979 2734 aliis
1002 2701 1099 2734 rebus
1118 2701 1227 2734 multis
1240 2726 1249 2742 ,
1267 2702 1383 2742 inquit,

344 2758 404 2789 viri
421 2757 552 2799 optimi,
570 2759 637 2790 tum
654 2767 692 2790 ex
710 2759 759 2799 iis,
778 2767 851 2799 quae
873 2760 977 2800 puella
993 2761 1061 2792 haec
1081 2761 1167 2801 lacit,
1185 2761 1383 2802 intelligitur,

346 2816 516 2848 femineum
531 2825 642 2848 sexum
663 2817 763 2848 nihilo
784 2817 975 2849 deteriorem
995 2827 1064 2850 esse
1085 2818 1187 2858 virili,
1211 2818 1272 2850 nisi
1299 2818 1385 2860 quod

344 2877 377 2907 et
395 2874 521 2907 consilii
539 2875 572 2906 et
588 2874 714 2906 roboris
730 2875 899 2915 cujusdam
922 2876 1070 2916 indigeat.
1135 2879 1342 2919 Quapropter
1358 2878 1385 2910 si

344 2936 396 2968 cui
416 2937 558 2968 vestrum
575 2944 656 2967 uxor
674 2936 736 2975 est,
755 2936 888 2968 tidenter
900 2945 971 2968 eam
985 2937 1098 2970 doceat
1114 2940 1229 2970 cuncta
1247 2948 1385 2979 quorum

344 2995 480 3035 peritam
497 2994 583 3026 illam
603 2994 719 3026 habere
734 2994 834 3035 cupit.
878 2995 938 3027 Hic
956 2997 1158 3029 Antisthenes
1174 3007 1182 3029 :
1198 3001 1264 3031 cur
1278 2998 1383 3038 igitur,

345 3054 400 3095 ait,
413 3053 468 3095 qui
481 3053 524 3086 sis
544 3053 627 3086 eain
642 3053 811 3093 sententia,
830 3055 975 3087 Socrates
990 3079 1000 3095 ‚
1014 3065 1078 3088 non
1097 3058 1133 3088 tu
1154 3066 1281 3099 quoque
1298 3060 1386 3090 Xan-

342 3113 475 3154 thippen
504 3112 667 3154 instituis,
699 3121 798 3154 quam
837 3122 972 3146 uxorem
996 3114 1093 3147 habes
1125 3116 1290 3156 omnium,
1311 3127 1385 3158 quae

341 3173 463 3204 suntet
481 3171 623 3211 ruerunt,
646 3173 682 3204 ut
697 3171 847 3212 arbitror,
869 3173 901 3204 et
926 3174 1060 3213 posthac
1080 3176 1186 3215 erunt,
1209 3175 1384 3209 iracundis-

342 3231 478 3263 Simam?
1144 3246 1156 3261 -ι
1179 3246 1205 3264 ι’».
1272 3264 1275 3267 Δ
1317 3263 1319 3266 ,

384 3293 434 3323 55.
466 3290 632 3323 Infamiam
653 3290 684 3323 in
712 3290 805 3323 bonis
827 3290 1057 3324 numerandam
1082 3291 1246 3334 laborique
1275 3303 1382 3334 parem

341 3355 424 3380 esse.

384 3409 437 3439 5⁶.
468 3406 651 3448 Sapientem
681 3416 715 3441 se
741 3408 811 3450 ipso
839 3410 1026 3443 contentum
1054 3418 1143 3452 esse3
1167 3411 1267 3452 ipsius
1294 3413 1379 3446 enim

344 3471 412 3495 esse
432 3472 503 3504 quoe
520 3465 716 3507 reliquorum
730 3470 807 3500 sunt
824 3467 948 3502 omnia.

1093 235 1397 275 CYNICORUM
1427 235 1762 276 FRAGMENTA.

1507 338 1555 364 σο.
1583 324 1751 377 Αὐτάρκη
1771 338 1808 362 τε
1831 317 1919 361 εἶναι
1948 338 2007 361 τον
2033 324 2149 378 σοφόν·
2170 324 2286 365 πάντα
2301 325 2383 382 γὰρ
2388 326 2494 367 αὗτοῦ

1455 376 1541 422 εἶναι
1560 385 1603 421 τὰ
1623 386 1691 422 τῶν
1713 383 1843 422 ἄλλων.

1507 443 1722 493 (Diogenes
1756 442 1934 480 Laertius
1957 441 2025 481 lib.
2059 442 2126 492 vi,
2164 457 2224 484 ιι.
2259 444 2305 484 In
2334 445 2494 485 eandem

1453 505 1679 540 sententiam
1714 501 1909 551 Diogenes
1945 501 2106 552 cynicus
2155 503 2258 555 apud
2297 504 2494 544 laertium
2522 532 2524 534 -

1454 560 1524 600 lib.
1548 560 1614 610 Vi,
1638 572 1714 608 7³2
1732 559 1848 598 πάντα
1864 561 1932 598 τῶν
1949 562 2064 613 σοςρῶν
2078 554 2166 600 εἶναι
2183 561 2294 614 λέγων
2306 578 2367 601 και
2379 562 2493 602 τοιού-

1451 627 1532 662 τους
1550 619 1670 670 λόγους
1690 619 1827 670 ἐρωτων
1848 618 1940 663 οἵους
1973 619 2045 657 ἄνω
2069 620 2340 674 προειρήκαμεν.
2369 622 2495 662 Πάντα

1450 680 1519 716 τῶν
1542 680 1626 716 θεῶν
1647 679 1736 716 ἐστι·
1758 677 1851 730 φίλοι
1874 677 1910 716 δὲ
1930 678 2002 722 τοῖς
2034 685 2149 732 σοφοῖς
2173 681 2205 718 οἱ
2234 680 2315 720 θεοί·
2341 680 2441 721 κοινὰ
2455 680 2492 721 δὲ

1450 738 1494 775 τὰ
1515 739 1583 775 τῶν
1601 736 1720 789 φίλων·
1739 737 1855 774 πάντα
1876 736 1943 790 ἄρα
1959 739 2028 776 τῶν
2051 741 2204 792 σοφῶν.)
2383 754 2389 776 i

1504 810 1550 836 ⁵7.
1573 794 1813 848 Ἀναφαίρετον
1825 794 1931 834 ὅπλον
1949 797 2068 850 ἀρετή.
2085 799 2213 851 Τεῖχος
2227 797 2493 852 ἀσφαλέστατον

1452 853 1628 906 φρόνησιν·
1667 853 1756 903 μήτε
1794 853 1861 907 γὰρ
1898 855 2084 908 καταῤῥεῖν
2125 856 2216 906 μήτε
2250 857 2489 910 προδίδοσθαι.

1450 913 1563 966 Τείχη
1585 914 1885 952 κατασκευαστέον
1904 915 1939 952 ἐν
1953 917 2024 958 τοῖς
2046 917 2161 954 αὑτῶν
2187 916 2379 962 ἀναλώτοις
2395 919 2492 970 λογι-

1451 978 1565 1023 σμοῖς.

1506 1032 1721 1082 (Diogenes
1740 1031 1918 1071 Laertius
1939 1031 2007 1071 lib.
2025 1032 2092 1081 Vl,
2112 1037 2250 1076 12-13.
2269 1035 2356 1075 vid.
2376 1036 2490 1088 Wyt-

1451 1090 1628 1128 tenbach.
1663 1090 1711 1128 ad
1749 1090 1944 1129 Plutarch.
1991 1091 2039 1130 de
2072 1091 2184 1131 educ.
2227 1107 2339 1146 puer.
2375 1109 2430 1148 ,μ
2467 1095 2490 1134 ὅ

1450 1149 1495 1187 E.
1514 1150 1525 1201 )

1502 1222 1548 1247 58.
1574 1205 1751 1261 Ἤρεσκεν
1771 1209 1867 1247 αὐτῶ
1888 1209 1948 1247 καὶ
1966 1208 2060 1248 τάδε.
2084 1207 2303 1251 Ἀπεδείκνυε
2323 1229 2401 1258 τους
2426 1215 2490 1254 αὖ·

1449 1265 1525 1311 τοὺς
1549 1268 1694 1328 εὐγενεῖς
1724 1265 1802 1312 τους
1825 1282 1884 1306 και
1921 1268 2111 1340 ἐναρέτους·
2136 1269 2294 1324 αὐτάρκη
2325 1271 2393 1325 γὰρ
2425 1272 2489 1320 τὴν

1448 1325 1573 1379 ἀρετὴν
1604 1329 1695 1364 εἰναι
1715 1326 1800 1378 πρὸς
1815 1326 2049 1382 εὐδαιμονίαν,
2069 1328 2214 1378 μηδενὸς
2233 1330 2491 1382 προσδεομένην

1446 1399 1500 1430 οτι
1526 1384 1575 1436 μὴ
1594 1386 1856 1437 Σωκρατικῆς’
1847 1386 1976 1438 ισχύος·
2005 1386 2069 1433 τήν
2088 1403 2126 1426 τε
2146 1386 2271 1440 αρετὴν
2289 1391 2359 1428 τῶν
2378 1389 2490 1442 ἔργων

1447 1447 1552 1495 εἶναι,
1571 1443 1659 1493 μήτε
1686 1443 1797 1495 λόγων
1818 1445 2034 1482 πλείστων
2015 1446 2184 1496 οεομένην
2201 1447 2292 1499 μήτε
2320 1449 2491 1501 μαθημά-

1446 1518 1527 1542 των.
1565 1502 1636 1540 Και
1657 1501 1714 1540 τὸν
1747 1502 1851 1556 σοφὸν
1873 1504 1910 1542 οὐ
1935 1503 2028 1543 κατὰ
2057 1504 2136 1548 τους
2159 1505 2336 1557 κειμένους
2366 1508 2493 1560 νόμους

1446 1561 1690 1600 πολιτεύεσθαι
1711 1562 1801 1600 ἀλλὰ
1825 1563 1916 1602 κατὰ
1932 1563 1991 1602 τὸν
2005 1579 2066 1610 της
2086 1566 2224 1618 ἀρετῆς.
2281 1565 2493 1638 Ἀναγράφει

1446 1620 1477 1657 δ’
1508 1621 1611 1659 αὐτοῦ
1630 1620 1689 1658 καὶ
1707 1622 1858 1667 Διοκλῆς
1875 1622 1989 1659 ταυτί·
2020 1622 2190 1675 Κρεῖττόν
2218 1625 2291 1663 ἐστι
2324 1625 2401 1676 μετ’
2420 1627 2494 1666 ὀλί-

1445 1692 1515 1728 γων
1538 1679 1676 1729 ἀγαθῶν
1693 1679 1777 1728 πρὸς
1795 1678 1972 1720 ἅπαντας
1967 1680 2045 1721 τους
2057 1681 2186 1722 κακοὺς
2200 1681 2223 1724 ἢ
2243 1683 2335 1728 μετὰ
2350 1685 2492 1723 πολλῶν
2513 1697 2519 1701 ’
2545 1699 2548 1703 ·
2580 1696 2583 1697 ’

1445 1737 1563 1773 κακῶν
1584 1750 1667 1788 προς
1681 1734 1817 1785 ὀλίγους
1837 1733 1983 1784 ἀγαθους
2002 1735 2194 1787 μάχεσθαι.
2213 1735 2408 1788 Προσέχειν
2420 1738 2493 1782 τοῖς

1446 1794 1589 1846 ἐχθροῖς·
1610 1795 1747 1844 πρῶτοι
1764 1793 1832 1844 γὰρ
1862 1795 1929 1831 τῶν
1962 1793 2230 1846 ἁμαρτημάτων
2250 1795 2488 1836 αἰσθάνονται.

1444 1852 1515 1890 Τὸν
1537 1852 1667 1889 δίκαιον
1700 1851 1780 1904 περὶ
1809 1850 1965 1895 πλείονος
1992 1856 2166 1891 ποιεῖσθαι
2195 1856 2258 1891 τοῦ
2286 1858 2488 1907 συγγενοῦς.

1445 1909 1503 1949 Τὰ
1534 1909 1646 1962 ἀγαθὰ
1661 1910 1754 1949 καλοί
1767 1940 1777 1958 ,
1799 1909 1845 1948 τὰ
1862 1910 1956 1948 κακὰ
1980 1911 2129 1964 αἰσχρά·
2150 1909 2194 1949 τὰ
2213 1910 2352 1965 πονηρὰ
2371 1912 2489 1952 πάντα

1446 1971 1563 2021 νόμιζε
1583 1970 1708 2014 ξενικά.

1500 2029 1715 2081 (Diogenes
1734 2028 1911 2067 Laertius
1931 2028 2003 2068 lib.
2023 2028 2090 2077 vl,
2116 2029 2273 2081 11-12.)

1500 2100 1548 2127 59.
1581 2087 1696 2126 Πάλιν
1719 2083 1940 2138 Ἀντισθένης
1955 2086 2018 2138 μὲν
2037 2087 2100 2134 τὴν
2122 2087 2270 2140 ἀτυφίαν
2286 2087 2414 2140 [τέλος
2427 2093 2489 2171 τοῦ

1451 2145 1705 2256 βίοῖὧεῖξέὲε
1724 2204 2013 2243 Alexandrinus
2039 2207 2181 2244 Sn·.0m
2205 2204 2244 2243 11
2267 2219 2310 2258 p.
2332 2207 2410 2258 498
2425 2205 2488 2249 ed.

1490 2321 1540 2352 57.
1558 2320 1717 2351 Virtutem
1731 2327 1820 2350 arma
1836 2327 1907 2358 esse
1924 2326 1998 2360 quae
2015 2318 2139 2350 detrahi
2157 2321 2332 2360 nequeant.
2358 2321 2490 2354 Murum

1446 2378 1648 2410 tutissimum
1666 2377 1866 2419 prudentiam
1888 2386 1978 2417 esse;
1998 2386 2103 2418 neque
2127 2377 2216 2410 enim
2231 2377 2412 2420 concidere,
2430 2388 2491 2413 no-

1445 2449 1508 2481 que
1526 2439 1632 2480 prodi.
1671 2437 1788 2471 Moenia
1805 2438 1956 2472 struenda
1971 2438 2006 2471 in
2024 2439 2184 2472 mentibus
2202 2440 2322 2473 nostris
2339 2437 2414 2483 qiiae
2430 2450 2491 2475 ex-

1446 2498 1579 2540 pugnari
1600 2507 1662 2530 non
1683 2498 1830 2540 possunt.

1490 2560 1542 2590 58.
1578 2559 1679 2590 Porro
1707 2557 1776 2589 haec
1796 2555 1842 2588 illi
1870 2556 2055 2598 placebant.
2086 2558 2334 2591 Demonstrahat
2360 2559 2491 2593 eosdem

1445 2625 1516 2649 esse
1532 2616 1655 2649 nobiles
1675 2625 1714 2648 ac
1730 2616 1846 2648 virtute
1870 2615 2041 2657 praeditos3
2067 2616 2216 2649 sufficere
2231 2617 2316 2650 enim
2336 2617 2490 2652 virtutem

1445 2674 1484 2707 ad
1503 2675 1602 2707 vitam
1623 2675 1749 2707 beatam
1768 2674 1919 2715 nullaque
1933 2674 2064 2715 insuper
2089 2683 2123 2707 re
2138 2674 2334 2716 indigentem
2350 2677 2412 2710 nisi
2433 2680 2491 2712 So-

1446 2734 1543 2766 cratis
1568 2733 1713 2767 viribus.
1761 2733 1923 2766 Virtutem
1950 2742 2082 2774 quoque
2106 2743 2241 2776 operum
2267 2743 2360 2777 esse,
2382 2745 2491 2779 neque

1445 2793 1552 2825 verbis
1566 2793 1676 2826 multis
1694 2801 1798 2834 neque
1811 2781 1989 2834 disciplinis
2008 2795 2165 2834 egentem.
2192 2796 2353 2828 Praeterea
2364 2794 2492 2837 sapien·

1446 2855 1511 2885 tem
1527 2861 1591 2884 non
1611 2861 1651 2885 ex
1678 2852 1863 2885 constitutis
1882 2851 2006 2893 legibus
2029 2852 2261 2894 rempublicam
2279 2855 2490 2888 administra-

1444 2912 1572 2952 turum,
1597 2910 1654 2944 sed
1681 2911 1813 2944 virtutis
1837 2910 1946 2943 studio
1977 2911 2215 2945 convenienter.
2280 2913 2393 2947 Prodit
2414 2923 2491 2949 vero

1445 2970 1573 3003 Diocles
1592 2970 1688 3011 etiarn
1711 2970 1779 3002 haec
1799 2969 1867 3010 ejus
1887 2970 1983 3004 dicta.
2043 2972 2182 3004 Praestat
2201 2981 2276 3005 cum
2292 2973 2403 3014 paucis
2423 2974 2490 3007 tor-

1444 3029 1533 3061 tibus
1553 3029 1710 3062 adversus
1744 3029 1888 3062 homines
1914 3030 1971 3071 qui
1992 3030 2098 3071 ignavi
2129 3033 2206 3064 sunt
2239 3041 2364 3072 omnim,
2392 3042 2490 3074 quam

1445 3097 1519 3120 cum
1539 3088 1649 3120 multis
1663 3088 1786 3129 ignavis
1807 3088 1963 3121 adversus
1985 3098 2104 3130 paucos
2124 3090 2222 3122 fortes
2249 3099 2401 3132 pugnare.
2422 3092 2488 3126 Oi)-

1444 3147 1591 3179 servandi
1608 3148 1683 3179 sunt
1695 3147 1834 3187 inimici;
1851 3147 1945 3189 primi
1966 3148 2051 3180 enim
2069 3150 2198 3189 peccata
2214 3149 2487 3184 animadvertunt.

1443 3206 1572 3238 Justum
1602 3206 1709 3238 virum
1742 3206 1845 3247 pluris
1870 3206 2050 3239 faciendum
2082 3216 2154 3240 esse
2184 3217 2282 3249 quam
2301 3211 2486 3249 cognatum.

1443 3267 1532 3298 Bona
1548 3275 1620 3300 esse
1635 3267 1770 3300 honesta
1796 3267 1916 3306 omnia,
1949 3268 2032 3299 mala
2060 3270 2168 3300 autem
2198 3268 2324 3309 turpia;
2351 3271 2386 3301 at
2412 3278 2487 3311 quae

1444 3334 1543 3365 prava
1567 3327 1643 3359 sunt
1657 3326 1804 3359 universa
1822 3335 1894 3360 esse
1909 3326 2012 3360 aliena
2031 3328 2064 3359 et
2084 3326 2249 3368 peregrina
2271 3327 2445 3361 existimes.

1487 3387 1538 3416 59.
1559 3386 1685 3428 Rursus
1705 3385 1907 3419 Antisthenes
1926 3385 2056 3427 quidem
2073 3385 2262 3418 modestiam
2279 3384 2375 3427 [vitae
2390 3387 2486 3420 linem

1442 3449 1514 3474 esse
1533 3442 1622 3475 dicit.
1639 3442 1653 3484 ]
2396 3451 2398 3454 ’

2600 199 2606 203 ι
2599 120 2606 182 ,Λύμ-
2602 83 2606 110 Α,
2594 0 2606 72 ἐμω-ἁ

2600 881 2606 1034 ..ωψμψ-
2604 872 2606 875 .
2596 447 2606 866 ὣ“-“.-.-..“.....η.-.ω
2602 427 2606 438 -
2600 412 2606 421 -.
2603 399 2606 403 .
