2606 3828
350 269 424 301 308

398 350 615 403 (Diogenes
636 350 810 390 Laertius
830 349 896 386 lib.
914 348 977 393 Vl,
1010 362 1072 396 29.
1099 348 1156 386 lta
1177 349 1385 387 emendan-

343 409 435 447 dum
462 422 599 447 censeo
628 409 729 446 hunc
751 410 874 445 locum
905 420 990 444 cuin
1013 406 1199 445 Turnebo
1222 408 1384 447 Advers.

345 467 416 507 lib.
438 467 557 505 XXVI
574 482 655 519 cap.
678 471 737 512 34.
764 467 856 504 Num
887 466 927 503 in
951 465 1150 504 veteribus
1167 466 1283 505 libris
1307 467 1387 506 haec

344 527 551 576 leguntur:
574 525 652 569 τοὺς
673 525 860 574 μέλλοντας
890 525 1016 574 γαμεῖν
1049 523 1109 562 καὶ
1148 523 1196 574 μὴ
1237 531 1384 576 γαμεῖν,

345 583 498 627 καὶτοὺς
518 583 707 634 μέλλοντας
726 582 917 620 καταπλεῖν
937 581 996 619 καὶ
1017 581 1067 632 μὴ
1089 583 1285 622 καταπλεῖν
1298 612 1308 630 ,
1323 583 1387 622 καὶ

342 641 422 687 τοὺς
460 641 648 693 μέλλοντας
679 641 919 680 πολιτεύεσθαι
953 639 1012 678 καὶ
1043 639 1092 691 μὴ
1126 642 1384 691 πολιτεύεσθαι,

341 701 494 744 καὶτοὺς
523 702 764 753 παιδοτροφεῖν
782 699 841 738 καὶ
863 699 911 750 μὴ
931 700 1214 753 παιδοτροφεῖν.)

394 773 444 799 90.
465 757 594 810 ἼΞλεγε
615 759 682 796 δεῖν
703 757 767 801 τὰς
782 763 902 810 χεῖρας
922 758 980 796 ἐπὶ
997 757 1074 802 τοὺς
1091 759 1208 812 φίλους
1223 759 1387 800 ἐκτείνειν

341 816 391 869 μὴ
414 816 714 867 συγκεκαμμένοις
734 822 803 860 τοῖς
825 816 1022 861 δακτύλοις.

396 877 409 927 (
426 877 614 926 Diogenes
633 876 808 914 Laertius
827 875 897 914 lib.
924 875 989 924 vl,
1016 891 1078 927 29.
1106 877 1305 917 Sententia
1324 888 1382 917 est

339 949 453 986 quam
472 935 650 973 Kuhnius
673 935 734 974 his
754 935 885 973 verbis
911 937 1105 987 expressit
1131 951 1139 975 z
1162 951 1239 975 non
1257 937 1382 976 tribus

338 1002 404 1031 aut
424 1002 590 1044 quatuor
609 993 743 1042 digitis
763 993 932 1031 dandum
955 995 1089 1032 amicis
1102 1023 1112 1041 ‚
1135 994 1385 1045 quemadmo-

338 1051 429 1089 dum
451 1052 578 1090 thuris
597 1052 885 1102 aliquot·grana
911 1053 989 1091 aris
1010 1053 1159 1104 imponi
1181 1053 1383 1102 solebant,

338 1110 403 1148 sed
420 1111 534 1162 plena
552 1124 667 1148 manu
690 1119 727 1148 et
744 1111 918 1149 remissis
940 1111 1087 1160 digitis.
1106 1112 1116 1161 )

391 1183 437 1207 91.
457 1166 587 1221 Ἔλεγε
621 1171 671 1222 τῷ
692 1169 846 1220 Ξενιάδῃ
874 1171 925 1223 τῷ
958 1170 1142 1223 πριαμένῳ
1171 1171 1289 1220 αὐτόν,
1315 1172 1384 1210 δεῖν

335 1233 514 1272 πείθεό-θαι
537 1234 632 1286 αὐτῷ
650 1262 660 1280 ,
682 1231 785 1270 εἶκαὶ
807 1233 924 1276 δοῦλος
943 1232 1011 1279 εἴη.
1087 1233 1158 1271 Καὶ
1177 1232 1244 1286 γὰρ
1272 1235 1387 1286 ἰατρὸς

337 1292 360 1339 ἢ
382 1290 597 1344 κυὸερνήτης
628 1293 658 1329 εἷ
683 1292 803 1335 δοῦλος
837 1291 913 1338 εἴη,
945 1294 1131 1338 πεισθῆναι
1166 1293 1234 1330 δεῖν
1274 1293 1382 1345 αὐτῷ.

343 1350 522 1394 Εὕὸουλος
556 1350 594 1389 δέ
620 1365 723 1403 φησιν
759 1351 794 1388 ἐν
822 1352 872 1402 τῷ
905 1349 1173 1404 ἐπιγραφομένῳ
1204 1350 1386 1401 Διογένους

338 1416 479 1462 πρᾶσις,
512 1408 621 1453 οὕτως
644 1408 739 1461 ἄγειν
769 1409 847 1454 τοὺς
866 1410 994 1453 παῖδας
1019 1413 1079 1447 τοῦ
1101 1409 1271 1448 Ξενιάδου
1297 1408 1386 1461 μετὰ

337 1469 383 1507 τὰ
407 1468 514 1508 λοιπὰ
535 1469 746 1520 μαθήματα,
768 1468 858 1508 ὥστε
879 1469 1037 1507 ἱππεύειν
1052 1498 1062 1517 ,
1083 1467 1248 1516 τοξεύειν,
1282 1483 1386 1521 σφεν-

338 1529 439 1566 δονᾶν
454 1556 464 1575 ,
504 1527 709 1573 ἀκοντίζειν.
766 1525 918 1566 Ἔπειτα
949 1529 983 1565 ἐν
1016 1530 1060 1580 τῇ
1089 1527 1291 1581 παλαίστρᾳ
1324 1529 1386 1566 οὒκ

336 1586 504 1639 ἐπέτρεπε
524 1588 574 1639 τῷ
595 1586 804 1640 παιδοτρίὸῃ
832 1588 1028 1634 ἀθλητικῶς
1047 1586 1157 1638 ἄγειν,
1177 1588 1253 1625 ἀλλ’
1276 1589 1382 1625 αὐτοῦ

335 1648 396 1683 τοῦ
417 1643 632 1695 ἐρυθήματος
649 1644 754 1697 χάριν
770 1645 830 1683 καὶ
850 1643 992 1689 εὐεξίας.
1011 1647 1187 1696 Κατεῖχον
1204 1643 1240 1683 δὲ
1257 1646 1287 1683 οἱ
1301 1647 1383 1684 παῖ-

336 1703 391 1746 δες
415 1703 530 1741 πολλὰ
560 1705 715 1750 ποιητῶν
746 1703 805 1741 καὶ
837 1703 1065 1756 συγγραφέων
1099 1704 1159 1742 καὶ
1186 1706 1255 1742 τῶν
1277 1706 1382 1742 αὐτοῦ

335 1760 530 1812 Διογένους·
546 1761 664 1801 πᾶσάν
681 1777 717 1800 τε
736 1761 855 1815 ἔφοδον
877 1761 1061 1812 σύντομον,
1086 1763 1171 1815 πρὸς
1190 1761 1229 1800 τὸ
1246 1763 1381 1814 εὔμνη-

337 1819 500 1870 μόνευτον
515 1851 526 1868 ,
542 1819 700 1866 ἐπήσκει.
771 1821 832 1860 Ἐν
850 1820 934 1874 οἴκῳ
955 1837 992 1859 τε
1020 1821 1179 1860 ἐδίδασκε
1213 1822 1383 1860 διακονεῖ-

337 1882 418 1918 σθαι
437 1881 516 1932 λιτῇ
535 1883 644 1934 τροφῇ
665 1882 867 1932 χρωμένους
880 1909 891 1927 ,
913 1880 973 1919 καὶ
997 1880 1088 1934 ὕδωρ
1109 1881 1284 1926 πίνοντας.
1317 1881 1379 1921 Ἐν

1074 259 1377 300 CYNICORUM
1417 261 1757 302 FRAGMENTA.

1449 351 1648 400 ἐποιοῦντο,
1669 351 1728 390 καὶ
1753 350 1837 404 πρὸς
1852 350 1931 394 τοὺς
1949 350 2066 401 γονέας
2087 353 2276 400 αἰτητικῶς
2291 348 2401 408 εἶχον.
2446 354 2493 397 Ὅ

1448 409 1480 447 δ’
1503 410 1603 455 αὐτός
1624 426 1710 463 φησι
1729 409 1828 462 παρὰ
1846 411 1896 463 τῷ
1918 410 2074 463 Ξενιάδῃ
2106 412 2167 451 καὶ
2195 419 2348 466 γηρᾶσαι
2368 413 2493 463 αὐτόν,

1447 467 1507 506 καὶ
1530 467 1677 507 θανόντα
1694 470 1848 521 ταφῆναι
1867 468 1953 522 πρὸς
1975 471 2047 508 τῶν
2060 471 2144 510 υἱῶν
2158 471 2277 512 αὐτοῦ.
2299 470 2414 512 Ἔνθα
2433 473 2496 513 καὶ

1447 526 1709 578 πυνθανομένου
1728 530 1788 566 τοῦ
1814 527 1984 568 Ξενιάδου
2011 531 2085 574 πῶς
2103 530 2206 570 αὖτὸν
2223 531 2382 585 θάψειεν.
2412 530 2495 584 ἔφη·

1448 584 1535 624 Ἐπὶ
1557 586 1759 638 πρόσωπον.
1835 588 1911 626 Τοῦ
1948 585 1984 625 δὲ
2017 587 2197 640 ἐρομένου·
2223 588 2293 628 Διὰ
2323 589 2380 638 τί;
2408 588 2497 631 Ὅτι

1450 646 1526 694 μετ’
1551 645 1686 696 ὀλίγον,
1721 639 1817 694 εἶπε,
1838 643 1960 693 μέλλει
1991 645 2036 684 τὰ
2058 644 2156 684 κάτω
2177 645 2251 688 ἄνω
2269 647 2494 702 στρέφεσθαι.

1447 706 1563 744 Τοῦτο
1584 703 1620 742 δὲ
1645 704 1702 742 διὰ
1734 705 1773 743 τὸ
1794 705 1994 757 ἐπικρατεῖν
2030 704 2099 753 ἤδη
2130 704 2207 750 τοὺς
2234 707 2451 758 Μακεδόνας,
2471 705 2496 756 ἢ

1449 764 1488 802 ἐκ
1507 766 1681 802 ταπεινῶν
1703 762 1854 816 ὑψηλοὺς
1872 763 2039 816 γίνεσθαι.

1503 822 1715 873 (Diogenes
1733 822 1910 862 Laertius
1935 823 2008 864 lib.
2028 823 2095 872 vl,
2122 825 2185 863 30.
2205 825 2267 864 31.
2290 826 2353 866 32.
2373 824 2494 866 Posui

1449 880 1526 919 ἀλλ’
1545 882 1650 919 αὐτοῦ
1670 885 1730 920 τοῦ
1752 880 1969 935 ἐρυθήματος
1986 883 2089 936 χάριν
2103 912 2115 931 ,
2140 884 2250 923 codd.
2272 883 2364 937 ἀλλὰ
2388 883 2491 930 αὐτὸς

1448 939 1663 993 ἐρυθήματος
1681 940 1797 993 χάριν.
1813 940 1893 980 Pro
1909 941 1967 979 ἐπὶ
1985 942 2176 996 κυνηγεσία
2197 943 2315 982 Henr.
2331 939 2494 996 Stepha-

1448 1013 1520 1037 nus
1540 999 1596 1037 ἐπὶ
1613 998 1804 1050 κυνηγέσια
1821 1000 1943 1039 scribi
1967 1001 2166 1053 volebat.)

1500 1072 1545 1096 92.
1585 1058 1788 1109 Θαυμάζειν
1825 1058 1914 1112 ἔφη,
1936 1061 1966 1098 εἷ
2000 1060 2133 1114 χύτραν
2167 1059 2231 1111 μὲν
2259 1060 2319 1099 καὶ
2350 1060 2490 1100 λοπάδα

1446 1116 1635 1167 ὠνούμενοι
1668 1121 1866 1168 σκοποῦμεν
1897 1117 1959 1157 καὶ
1990 1122 2217 1171 κομποῦμεν,
2252 1117 2436 1173 ἀνθρώπου
2455 1118 2492 1158 δὲ

1447 1174 1535 1227 μόνῃ
1555 1179 1597 1228 τῇ
1615 1176 1693 1229 ὄψει
1713 1177 1928 1229 ἀρκούμεθα.

1502 1236 1717 1285 (Diogenes
1739 1236 1916 1275 Laertius
1936 1236 2006 1275 lib.
2025 1236 2091 1284 vl,
2113 1237 2199 1288 30.)

1500 1307 1546 1332 93.
1575 1294 1755 1341 Φωνήσας
1795 1295 1902 1344 ποτέ,
1935 1293 1997 1334 'idi
2036 1294 2238 1348 ἄνθρωποι,
2262 1293 2494 1334 συνελθόντων

1447 1352 1610 1390 καθίκετο
1633 1356 1676 1406 τῇ
1699 1353 1886 1407 βακτηρία,
1920 1352 2041 1392 εἰπών·
2073 1352 2290 1408 Ἀνθρώπους
2321 1354 2490 1404 ἐκάλεσα,

1446 1412 1484 1450 οὗ
1503 1411 1726 1463 καθάρματα.

1503 1471 1720 1521 (Diogenes
1738 1471 1910 1510 Laertius
1929 1471 2000 1510 lib.
2020 1471 2086 1520 Vl,
2111 1471 2196 1524 32.)

1501 1543 1549 1568 94.
1575 1529 1833 1582 Εἱσαγαγόντος
1860 1530 1950 1574 τινὸς
1980 1530 2082 1570 αὐτὸν
2104 1531 2151 1574 εἷς
2179 1523 2273 1569 οἶκον
2293 1531 2492 1581 πολυτελῆ,

1447 1588 1508 1627 καὶ
1527 1587 1719 1632 κωλύοντος
1732 1589 1881 1638 πτύσαι,
1896 1590 2017 1637 ἐπειδὴ
2037 1588 2253 1642 ἐχρέμψατο,
2273 1586 2322 1634 εἷς
2336 1587 2399 1638 τὴν
2414 1589 2493 1643 ὄψιν

1448 1649 1551 1687 αὐτοῦ
1573 1646 1731 1693 ἔπτυσεν,
1763 1647 1891 1696 εἰπών,
1919 1648 2062 1701 χείρονα
2090 1648 2197 1687 τόπον
2223 1646 2273 1699 μὴ
2294 1647 2492 1702 εὑρηκέναι.

1448 1707 1516 1757 (Οἱ
1533 1706 1569 1744 δὲ
1589 1710 1690 1745 τοῦτο
1709 1706 1937 1759 Ἀριστίππου
1958 1707 2080 1759 φασί.)

1503 1764 1718 1818 (Diogenes
1738 1766 1914 1817 Laertius
1929 1766 1998 1804 lib.
2016 1765 2081 1814 Vl,
2110 1766 2197 1819 32.)

1498 1836 1545 1863 95.
1567 1823 1780 1878 Ἀναπήρους
1802 1825 1917 1876 ἔλεγεν
1945 1825 1984 1862 οὗ
1999 1823 2075 1869 τοὺς
2095 1823 2231 1878 κωφοὺς
2246 1824 2306 1863 καὶ
2326 1823 2490 1877 τυφλούς,

1447 1881 1536 1921 ἀλλὰ
1553 1881 1631 1927 τοὺς
1647 1881 1697 1933 μὴ
1717 1882 1860 1935 ἔχοντας
1872 1882 2003 1935 πήραν.

335 1938 412 1990 χρῷ
444 1936 584 1990 κουρίας
613 1953 650 1976 τε
670 1937 731 1977 καὶ
762 1938 1050 1983 ἀκαλλωπίστους
1089 1940 1280 1991 εἰργάζετο,
1323 1941 1384 1979 καὶ
1500 1940 1717 1993 (Diogenes
1738 1941 1917 1980 Laertius
1937 1942 2007 1980 lib.
2024 1941 2090 1990 VI,
2115 1942 2206 1993 33.)

335 1995 511 2047 ἀχίτωνας
530 1995 590 2034 καὶ
615 1996 872 2045 ἀνυποδήτους,
891 1997 951 2035 καὶ
980 1999 1197 2048 σιωπηλούς,
1220 1999 1297 2037 καθ’
1319 2002 1381 2037 αὓ-
1499 2013 1547 2039 oc.
1570 1999 1748 2039 Εἰσελθὼν
1777 2016 1861 2039 ποτε
1887 2001 2099 2054 ἡμιξύρητος
2119 2003 2166 2046 εἷς
2183 2000 2269 2040 νέων
2297 2001 2492 2053 συμπόσιον

334 2054 412 2099 τοὺς
434 2055 623 2107 βλέποντας
643 2058 678 2094 ἐν
698 2062 773 2100 ταῖς
793 2057 894 2100 ὁδοῖς.
975 2056 1102 2108 Ἔξῆγε
1123 2059 1153 2095 δ’
1180 2057 1302 2102 αὐτοὺς
1322 2058 1381 2097 καὶ
1446 2059 1585 2110 πληγὰς
1617 2058 1732 2098 ἔλαὸε.
1769 2060 1871 2099 Μετὰ
1903 2061 1939 2099 δὲ
1962 2060 2139 2114 ἐγγράψας
2170 2060 2216 2098 τὰ
2253 2058 2410 2110 ὀνόματα
2445 2061 2494 2104 εἰς

336 2113 392 2152 ἐπὶ
413 2115 615 2168 κυνηγεσία.
656 2116 703 2155 Οἵ
723 2114 759 2153 δὲ
776 2115 836 2154 καὶ
857 2118 961 2154 αὐτοῦ
978 2116 1158 2167 Διογένους
1176 2116 1376 2166 ἐπιμέλειαν
1447 2116 1614 2168 λεύκωμα
1647 2120 1715 2156 τῶν
1747 2117 1968 2169 πληξάντων,
2001 2118 2138 2171 περιῄει
2170 2117 2375 2169 ἐξημμένος·
2400 2115 2492 2156 ὥστε

378 2265 431 2295 90.
464 2262 597 2296 Dicebat
621 2272 734 2296 manus
762 2263 802 2296 ad
827 2263 949 2296 amicos
983 2272 1048 2296 nou
1072 2263 1249 2296 contractis
1273 2263 1380 2304 digitis
1445 2265 1652 2298 consenuisse
1664 2289 1674 2306 ‚
1693 2269 1725 2297 et
1745 2266 1809 2298 sato
1828 2266 2034 2307 perfunctum
2051 2266 2092 2297 ab
2109 2265 2179 2305 ejus
2196 2264 2271 2297 filiis
2290 2273 2362 2297 esse
2379 2264 2490 2306 sepul·

337 2321 480 2361 protendi
499 2322 660 2363 oportere.
1443 2325 1525 2357 tum.
1540 2324 1586 2356 lbi
1599 2326 1804 2365 percontante
1819 2324 1976 2365 Xeniade,
1989 2323 2151 2365 quomodo
2164 2323 2293 2364 sepeliri
2306 2323 2405 2357 vellet
2419 2333 2428 2356 :
2444 2325 2491 2357 In

381 2383 432 2411 91.
446 2378 1050 2422 DicebatXeniadi,emtorisuo‚ipsum
1066 2381 1138 2423 sibi,
1153 2381 1302 2422 quamvis
1312 2389 1380 2413 ser·
1434 2382 1579 2424 faciem,
1594 2383 1707 2424 inquit.
1728 2385 1812 2416 Tum
1826 2383 1893 2423 illo,
1905 2392 1978 2424 quae
1994 2383 2063 2423 ejus
2075 2383 2120 2415 rei
2130 2391 2229 2415 causa
2238 2381 2335 2424 foret,
2347 2390 2492 2424 quaeren-

338 2447 400 2471 vus
415 2439 510 2480 esset,
527 2438 748 2479 obtemperare
764 2438 890 2471 debere.
915 2440 997 2472 Nam
1008 2443 1041 2472 et
1061 2439 1187 2472 medico
1205 2439 1255 2472 vel
1268 2439 1380 2480 guber·
1445 2444 1496 2474 te:
1515 2443 1685 2479 Quoniam
1697 2464 1707 2483 ,
1724 2441 1829 2483 inquit
1840 2465 1849 2481 ,
1862 2443 1971 2484 paulo
1985 2444 2062 2483 post
2073 2442 2244 2486 inferiora
2261 2449 2401 2475 sursum
2413 2450 2491 2475 ver-

340 2496 456 2536 natori,
470 2496 497 2528 si
505 2505 618 2529 servus
625 2496 677 2536 sit,
690 2499 798 2529 tamen
810 2497 933 2530 obediri
943 2499 1101 2539 oportere.
1116 2498 1262 2530 Eubulus
1272 2502 1381 2530 autem
1445 2501 1576 2533 tenlur.
1598 2500 1686 2533 Dixit
1696 2501 1803 2533 autem
1817 2500 1891 2541 hoc,
1904 2501 1979 2541 quia
1993 2501 2182 2533 Macedones
2188 2500 2256 2541 jam
2267 2500 2490 2541 praevalerent,

337 2555 370 2587 in
385 2554 483 2596 libro,
504 2555 558 2595 qui
575 2555 759 2588 inscribitur
778 2556 930 2597 Diogenis
944 2557 1062 2595 auctio,
1082 2557 1127 2589 ait
1139 2566 1214 2589 eum
1227 2556 1381 2589 Xeniadis
1445 2559 1493 2591 vel
1502 2567 1540 2590 ex
1552 2559 1770 2592 humilitatein
1780 2560 1934 2600 fastigium
1943 2559 2489 2600 emergerentatqueattollerentur.

339 2612 420 2645 tilios
437 2613 483 2646 ita
503 2613 698 2654 instituisse,
717 2616 753 2646 ut
768 2616 841 2655 post
859 2618 1026 2656 perceptas
1042 2616 1181 2656 reliquas
1195 2615 1379 2656 disciplinas
1487 2623 1538 2650 92,
1558 2618 1667 2651 Mirari
1681 2627 1718 2651 se
1740 2618 1797 2659 ait,
1815 2618 1900 2659 quod
1915 2627 2015 2659 quum
2031 2619 2131 2651 ollam
2149 2618 2280 2660 quidem
2294 2621 2326 2652 et
2342 2620 2486 2661 patinam

340 2671 530 2712 equitarent,
545 2671 745 2712 sagittarent,
769 2672 867 2704 funda
884 2673 1004 2714 lapides
1022 2675 1226 2714 excuterent,
1242 2674 1383 2714 denique
1446 2678 1563 2709 emturi
1590 2676 1759 2717 diiigenter
1777 2676 1866 2708 intus
1892 2685 1958 2708 non
1986 2677 2055 2709 sine
2082 2677 2198 2709 tinnitu
2229 2677 2489 2719 consideremus,

337 2729 568 2770 jacularentur.
588 2730 710 2762 Deinde
724 2730 756 2762 in
771 2730 917 2772 palaestra
933 2741 998 2764 non
1021 2733 1222 2773 permittebat
1238 2728 1381 2765 luctandi
1444 2735 1510 2768 sola
1529 2735 1562 2767 in
1584 2735 1713 2768 homine
1731 2735 1868 2767 emendo
1883 2737 2017 2767 externa
2034 2735 2139 2776 specie
2155 2736 2294 2768 contenti
2309 2736 2424 2769 simus.

341 2787 493 2829 magistro
519 2797 575 2820 eos
591 2789 785 2821 athletarum
806 2789 839 2822 in
859 2799 980 2823 morem
995 2800 1162 2833 exercere,
1179 2792 1235 2824 sed
1253 2793 1382 2824 tantum
1486 2798 1537 2828 93.
1560 2797 1670 2833 Quum
1690 2795 1861 2827 clamasset
1879 2794 2052 2835 aliquando
2072 2807 2081 2827 ι
2111 2797 2186 2827 Heu
2210 2794 2393 2828 homines!
2412 2804 2488 2828 con-
2512 2815 2514 2817 >

340 2845 381 2878 ad
413 2845 552 2878 colorem
580 2846 794 2878 rubicundum
824 2848 872 2879 ori
902 2848 1119 2881 inducendum
1145 2851 1177 2881 et
1206 2850 1249 2882 ob
1266 2850 1383 2883 bonam
1445 2854 1672 2894 venissentque
1689 2853 1832 2894 plurimi,
1856 2853 1970 2885 baculo
1988 2854 2061 2886 illos
2078 2853 2263 2887 verberavit
2273 2853 2487 2888 dieenszllo·

341 2905 483 2946 corporis
505 2905 738 2939 habitudinem.
755 2906 921 2940 Tenebant
939 2916 1017 2940 vero
1034 2909 1123 2949 pueri
1150 2910 1252 2942 multa
1269 2912 1382 2951 poeta·
1444 2914 1567 2952 mines,
1589 2920 1659 2944 non
1671 2916 1926 2953 puryamenca,
1944 2914 2074 2945 vocavi.

340 2971 414 2994 rum
444 2961 644 3003 aliorumque
669 2963 862 3005 scriptorum
884 2965 917 2996 et
943 2964 1046 3006 ipsius
1074 2975 1200 3008 quoque
1233 2968 1384 3009 Diogenis
1487 2973 1539 3003 94.
1573 2972 1681 3008 Quum
1712 2970 1818 3011 ipsum
1847 2970 1963 3011 aliquis
1993 2970 2027 3002 in
2056 2970 2190 3003 domum
2213 2971 2418 3012 magnificam
2442 2971 2488 3004 in·

338 3020 426 3053 dicta
450 3021 656 3062 memoriter3
681 3030 877 3063 omnemque
898 3022 962 3054 illis
984 3023 1140 3056 doctrinae
1157 3025 1327 3067 rationem,
1347 3029 1384 3060 ut
1445 3029 1606 3068 duxisset,
1624 3032 1723 3070 atque
1747 3037 1905 3070 exspuere
1927 3029 2162 3071 prohibuisset,
2187 3038 2358 3062 exscreatus
2373 3029 2486 3064 taciem

342 3079 433 3112 facile
452 3079 609 3112 memoria
627 3080 964 3122 comprehenderetur,
983 3081 1122 3115 breviter
1137 3084 1316 3125 expositam
1336 3086 1382 3117 in·
1445 3088 1643 3129 prohibentis
1658 3087 1820 3130 conspuit,
1838 3087 1945 3120 locum
1966 3088 2147 3128 t'oedioreni,
2165 3088 2198 3120 in
2216 3097 2314 3130 quem
2330 3097 2488 3130 exspuere

342 3138 500 3171 culcabat.
543 3138 638 3171 Domi
656 3139 753 3172 etiam
778 3139 961 3172 ministrare
979 3149 1035 3172 eos
1052 3141 1205 3183 docebat,
1234 3143 1288 3174 vili
1311 3143 1383 3176 cibo
1446 3148 1563 3188 posset,
1580 3156 1614 3179 se
1633 3156 1699 3179 non
1723 3146 1883 3180 invenisse
1913 3147 2033 3180 diceus.
2053 3149 2095 3180 At
2120 3147 2174 3180 alii
2203 3147 2403 3188 Aristippum
2424 3147 2486 3180 hoc

342 3199 374 3230 et
389 3206 482 3239 aquae
507 3200 585 3239 potu
613 3202 794 3231 contentos.
818 3200 942 3231 Tonsos
963 3199 1003 3231 ad
1023 3203 1131 3232 cutem
1159 3201 1384 3244 incomtosque
1446 3204 1558 3237 secisse
1572 3206 1720 3237 auctores
1737 3206 1825 3238 sunt.

342 3257 519 3299 erudiebat,
537 3268 633 3301 porro
646 3259 714 3292 sine
729 3259 848 3292 tunicis
869 3269 907 3292 ac
925 3260 1143 3302 discalceatos,
1157 3263 1270 3295 tacitos
1287 3265 1383 3299 etiam
1487 3270 1538 3298 95.
1561 3265 1746 3308 Ἀναπήρους
1764 3266 1787 3298 i.
1816 3274 1846 3298 e.
1871 3274 2008 3299 mancos
2020 3289 2031 3306 ,
2061 3266 2197 3299 vocabat
2216 3274 2281 3298 non
2300 3265 2414 3298 surdos
2431 3267 2488 3299 aut

343 3319 376 3349 et
391 3326 425 3350 se
444 3317 530 3350 solos
548 3318 634 3351 inter
650 3318 736 3351 viam
751 3318 922 3351 intuentes.
994 3320 1127 3361 Insuper
1144 3321 1185 3353 ad
1199 3322 1385 3356 venationes
1445 3331 1565 3363 caecos,
1582 3324 1639 3356 sed
1657 3324 1713 3365 qui
1737 3333 1844 3365 peram
1861 3333 1925 3356 non
1944 3324 2109 3357 baberent.

345 3383 399 3407 eos
414 3375 576 3421 educebat.
601 3378 720 3409 Contra
743 3377 796 3410 isti
818 3377 968 3418 Diogenis
993 3377 1094 3419 ipsius
1113 3387 1222 3411 curam
1236 3381 1384 3421 agebant,
1487 3384 1539 3414 96.
1557 3383 1723 3423 Ingressus
1748 3381 1919 3424 aliquando
1937 3383 2112 3416 semirasus
2133 3383 2292 3423 juvenum
2311 3382 2486 3415 convivan-

345 3435 440 3473 atque
460 3442 479 3465 a
494 3434 678 3475 parentibus
705 3435 867 3476 petebant,
887 3439 924 3468 ut
947 3444 1021 3468 eum
1044 3436 1107 3468 sibi
1124 3437 1384 3471 commendatum
1445 3439 1528 3472 tium
1543 3441 1752 3474 coenationem
1770 3441 1959 3475 verberibus
1991 3442 2034 3474 ab
2051 3441 2091 3473 iis
2116 3443 2266 3482 acceptus
2283 3444 2344 3473 est.
2371 3441 2485 3474 Postea
2596 3438 2606 3487 ξ,

347 3490 508 3525 baberent.
526 3492 616 3526 Idem
634 3492 818 3536 [Eubulus]
835 3493 880 3527 ait
898 3493 988 3527 illum
1001 3494 1099 3528 etiam
1112 3494 1196 3536 apud
1211 3496 1384 3529 xeniadem
1447 3507 1525 3531 vero
1547 3508 1661 3531 eorum
1683 3500 1813 3533 nomina
1829 3509 1849 3533 a
1877 3500 1995 3541 quibus
2024 3499 2165 3541 pulsatus
2195 3500 2263 3532 erat
2286 3498 2411 3532 taheuae
2431 3497 2483 3531 in·
2590 3481 2606 3691 ἐ

2582 3639 2606 3828 i
