2606 3828
289 266 363 300 25²

285 356 386 387 mem,
400 346 496 381 modo
514 346 644 379 minime
652 345 847 387 siquraaeam
857 367 865 383 ,
886 341 1044 374 interdum
1059 342 1134 372 sine
1149 339 1323 382 qualitate

285 407 505 448 cognominat,
523 415 585 438 non
599 405 683 447 quod
702 403 845 436 habuerit
861 402 929 433 lioec
946 408 1099 440 uuquam,
1114 400 1147 432 et
1164 398 1320 438 amiserit,

283 465 338 498 scd
353 466 388 497 ut
404 473 477 506 quoe
496 464 633 506 potuerit
652 463 765 497 habere
788 474 795 493 ι
815 463 921 500 utpote
938 462 1049 490 natura
1068 457 1199 499 praedita
1215 457 1322 498 splen·

282 523 369 556 doris
383 525 478 564 atque
501 525 632 555 ornatus
651 520 842 562 capacitate;
858 516 1129 559 quemadmodum
1143 515 1323 557 appellatur

283 581 417 615 informe
436 590 548 614 saxum
560 605 569 621 ,
589 581 640 612 cui
662 578 801 611 noudum
820 576 986 609 accesserit
999 583 1039 608 ex
1059 574 1193 607 artificio
1206 574 1321 615 forma,

283 642 411 674 formari
427 643 534 673 tamen
553 640 662 681 possit.

323 703 504 735 cccxxx.
520 703 557 733 Et
567 698 740 738 concludit,
753 705 895 730 asserens
903 704 1010 737 omne,
1021 696 1106 736 quod
1117 695 1211 736 bene,
1225 695 1322 736 atque

281 762 412 801 affabre,
430 762 628 801 recepturum
646 758 705 790 erit
725 758 852 797 formas,
872 755 1007 788 informe
1022 763 1092 787 esse
1110 755 1243 794 debere,
1260 764 1319 795 pu-

282 829 417 861 rumque
429 819 519 851 abiis
534 818 682 850 omnibus
692 841 702 856 ,
713 825 785 857 quae
800 815 861 848 erit
875 816 1090 856 recepturum,
1106 812 1168 845 hoc
1181 815 1242 853 est,
1253 813 1321 846 sine

281 879 393 920 ligura,
407 879 437 910 ct
454 877 522 909 sine
539 877 657 917 colore,
671 875 768 908 odore
780 875 888 914 etiam,
899 875 931 908 et
943 872 1077 912 caeteris,
1091 881 1164 914 quae
1177 871 1319 913 corporis

279 939 423 970 naturam
440 937 627 977 sequuntur.

318 998 448 1038 Ὅμοιον
461 996 518 1038 γὰρ
534 996 567 1028 ὃν
580 999 641 1028 τῶν
654 994 853 1027 ἐπεισιόντων
866 994 924 1026 τινὶ
937 992 977 1025 τὰ
997 995 1050 1030 τῆς
1066 991 1204 1027 ἐναντίας
1226 990 1265 1022 τά
1286 1001 1319 1022 τε

277 1061 330 1095 τῆς
347 1056 382 1087 τὸ
398 1055 542 1095 παράπαν
557 1054 649 1092 ἄλλης
665 1054 803 1094 φύσεως,
816 1052 903 1085 ὁπότ’
916 1052 1017 1092 ἔλθοι,
1031 1050 1197 1092 δεχόμενον
1213 1052 1318 1086 nandi:

276 1115 312 1147 ἂν
329 1116 490 1155 ἀφομοιοῖ,
503 1114 558 1151 τὴν
575 1115 670 1145 αὑτοῦ
689 1115 899 1154 παρεμφαῖνον
912 1111 995 1152 ὄψιν.

318 1173 455 1204 Etenim
469 1172 499 1203 si
515 1173 599 1211 erit,
614 1170 716 1211 inquit
727 1193 736 1209 ,
751 1169 905 1210 alicujus
921 1175 1052 1208 eorum,
1069 1175 1145 1209 quae
1161 1168 1199 1198 in
1216 1175 1252 1199 se
1267 1174 1318 1198 re·

276 1231 377 1272 cipit,
388 1229 503 1262 simile
515 1227 788 1270 receptaculum
799 1227 971 1269 quidquid
983 1226 1137 1258 obveniet
1150 1224 1319 1257 dissimile

276 1288 350 1328 his,
380 1287 504 1329 quibus
532 1286 645 1319 simile
670 1287 739 1326 est,
765 1283 999 1324 discordabit,
1033 1284 1166 1324 opinor,
1194 1281 1316 1321 vultu,

274 1346 478 1388 nullamque
497 1346 668 1387 exprimet
683 1342 963 1377 similitudinem.

315 1405 410 1442 Quod
426 1405 502 1437 dicit
517 1404 579 1436 tale
590 1407 649 1436 est.
694 1403 727 1435 Si
741 1411 823 1443 aqua
837 1402 878 1434 sit
896 1401 1055 1434 universae
1069 1400 1112 1433 rei
1132 1399 1232 1440 silva,
1247 1399 1317 1431 sive

273 1463 462 1502 substantia,
479 1464 515 1495 ut
531 1462 647 1496 Thales
663 1463 782 1502 censet,
802 1460 932 1493 habebit
947 1463 1034 1492 certe
1061 1458 1242 1500 qualitates,
1258 1466 1317 1490 na·

275 1524 356 1555 turoe
377 1531 444 1554 suae
472 1521 635 1563 proprias,
653 1529 726 1562 quae
746 1527 911 1560 nunquam
936 1518 977 1550 ab
995 1527 1032 1550 ea
1051 1517 1210 1550 recedent.
1254 1515 1316 1549 Sed

274 1583 300 1614 si
316 1589 442 1613 necesse
454 1580 513 1620 sit,
529 1589 599 1613 eam
616 1588 634 1611 a
648 1580 763 1612 natura
786 1587 843 1611 sua
867 1577 1025 1610 declinare
1050 1577 1267 1617 aliquatenus,
1284 1578 1318 1609 et

272 1642 452 1683 ignescere,
468 1640 622 1681 suscipiet
639 1641 726 1671 certe
745 1647 874 1671 rursum
898 1638 1004 1678 igneas
1022 1637 1204 1678 qualitates.
1250 1637 1315 1667 Hu-

274 1702 378 1734 mecta
389 1724 399 1741 ,
423 1702 456 1732 et
479 1700 589 1741 ignea,
615 1698 783 1731 contrariae
811 1697 870 1729 sibi
899 1698 985 1730 sunt.
1031 1696 1158 1737 Quippe
1185 1695 1316 1728 alterius

275 1760 391 1792 humor
407 1761 439 1791 et
458 1758 557 1799 frigus
576 1757 702 1799 propria
727 1759 822 1796 sunt;
839 1755 987 1796 alterius,
1006 1755 1131 1787 siccitas
1153 1756 1186 1787 et
1215 1754 1313 1786 calor.

273 1819 353 1851 Haec
373 1817 486 1857 igitur,
503 1816 625 1857 inquit,
641 1815 767 1848 diversa
794 1814 873 1853 sibi,
890 1815 923 1846 et
940 1813 1163 1855 repugnantia,
1179 1822 1243 1845 non
1260 1821 1316 1853 pa-

274 1877 392 1910 tientur
408 1875 539 1907 alterius
563 1874 720 1906 sinceram
747 1872 881 1914 exprimi
907 1873 1112 1913 qualitatem,
1129 1881 1203 1903 cum
1229 1871 1315 1903 calor

273 1934 402 1975 quidem
421 1933 517 1974 frigus
533 1932 716 1973 impugnet,
737 1930 863 1963 siccitas
879 1930 1010 1962 demum
1029 1928 1190 1961 interimat
1202 1928 1316 1960 humo-

272 2002 351 2026 rem.
374 1992 447 2031 Vel,
462 1995 497 2023 ut
509 1991 570 2023 alio
583 1992 713 2023 utamur
725 1988 883 2029 exemplo,
898 1988 925 2020 si
941 1988 984 2020 sit
999 1987 1118 2028 aliquid
1131 1987 1314 2029 candidum,

272 2055 307 2084 ut
322 2050 563 2092 psimmytldon,
589 2047 703 2081 deinde
727 2048 872 2089 oporteat
900 2047 963 2078 lioc
987 2046 1151 2078 transferri
1165 2045 1198 2077 in
1216 2045 1313 2077 alium

271 2111 430 2150 colorem,
444 2109 495 2142 vel
519 2108 683 2140 diversum
695 2131 704 2148 ,
718 2108 755 2139 ut
774 2107 924 2138 ruborem
939 2130 948 2145 ,
967 2100 1035 2138 sive
1058 2105 1212 2146 pallorem
1236 2118 1243 2137 :
1262 2105 1313 2137 vel

272 2170 476 2210 contrarium,
490 2169 525 2201 ut
538 2169 643 2200 atrum
654 2177 663 2207 3
675 2168 753 2199 tunc
762 2166 880 2198 candor
889 2175 954 2198 non
972 2165 1106 2206 patietur
1117 2165 1315 2197 introeuntes

271 2230 393 2262 colores
411 2229 552 2262 sinceros
578 2235 781 2270 perseverare
807 2236 816 2258 ε
843 2226 897 2258 sed
922 2226 1134 2267 permixtione
1154 2225 1203 2256 sui
1219 2225 1315 2257 saciet

272 2287 486 2328 interpolatos.

313 2347 506 2379 CCCXXXL
530 2344 614 2384 Quid
642 2345 735 2385 igitur
757 2343 818 2376 sibi
836 2342 924 2382 vult,
938 2342 1023 2374 dicet
1042 2342 1166 2383 aliquis,
1186 2342 1246 2374 ista
1264 2341 1314 2373 di-

271 2405 352 2437 visio
370 2405 568 2437 diversorum
597 2402 759 2444 colorum,
788 2403 820 2435 et
847 2402 924 2434 item
948 2402 1207 2434 contrariorum?
1233 2401 1315 2440 Quia

273 2474 296 2495 (τι
309 2464 428 2495 ntraria
439 2465 514 2495 sunt
527 2471 565 2495 ea
578 2471 650 2503 quae
664 2470 683 2493 a
696 2470 731 2494 se
743 2460 917 2502 plurimum
941 2460 1079 2501 distant,
1094 2460 1166 2492 licet
1182 2460 1245 2492 sint
1260 2469 1314 2501 ge-

274 2522 355 2554 neris
372 2521 533 2562 eiusdem,
552 2522 588 2553 ut
615 2523 694 2562 puta
720 2519 851 2558 candor,
868 2521 900 2552 et
915 2519 991 2551 item
1010 2518 1158 2559 nigredo,
1176 2527 1314 2559 quorum

273 2588 370 2620 genus
384 2588 482 2611 unum
502 2579 561 2617 est,
579 2579 666 2619 quod
684 2581 818 2610 vocatur
835 2578 935 2610 color.
980 2577 1041 2610 Sed
1060 2578 1130 2610 haec
1153 2577 1219 2610 duo
1241 2577 1313 2618 plu-

274 2638 390 2669 rimum
404 2645 423 2669 a
439 2645 473 2669 se
491 2637 622 2669 distant.
667 2635 811 2668 candido
827 2637 913 2668 enim
931 2636 1100 2668 minimum
1116 2635 1213 2668 distat
1229 2635 1314 2677 quod

274 2695 391 2726 dicitur
409 2694 578 2736 pallidum,
593 2694 755 2735 aliquanto
777 2695 848 2735 plus
868 2694 953 2735 quod
970 2695 1148 2736 appellatur
1162 2695 1315 2735 rubrum,

275 2754 336 2785 hoc
346 2754 482 2794 amplius
491 2762 628 2794 cyaneus
637 2753 724 2785 color
736 2765 745 2786 ε
757 2754 930 2794 plurimum
940 2762 1016 2786 vero
1025 2754 1166 2794 nigredo.
1174 2754 1316 2795 Ideoque

275 2811 446 2844 candidum
463 2813 494 2843 et
510 2812 586 2843 item
602 2811 727 2851 nigrum
743 2820 808 2844 non
820 2811 945 2844 diversa
959 2814 1050 2851 sunt,
1069 2812 1124 2844 sed
1141 2813 1313 2852 contraria,

276 2871 351 2912 quia
379 2870 579 2911 intercapedo
605 2870 767 2911 proiixior.
812 2873 895 2912 Ergo
909 2872 1066 2903 contraria
1081 2874 1227 2913 separata
1247 2873 1314 2913 qui-

276 2930 350 2962 dem
370 2938 387 2961 a
409 2937 444 2961 se
466 2930 539 2960 sunt
569 2937 682 2969 magna
712 2928 851 2969 quadam
880 2930 1095 2970 separatione,
1116 2939 1175 2963 nec
1206 2934 1312 2963 tamen

275 2989 376 3022 aliena
406 2990 482 3021 sunt
512 2988 654 3021 omuino.
697 2990 788 3021 Facit
816 2989 902 3021 enim
932 2998 969 3021 ea
991 2990 1088 3022 veluti
1110 2992 1259 3031 cognata,
1282 2992 1314 3024 et

275 3048 520 3090 consanguinea,
533 3056 633 3088 genus
644 3056 751 3091 suum,
762 3048 846 3089 quod
858 3048 997 3081 colorem
1010 3058 1079 3081 esse
1092 3050 1310 3091 praediximus.

274 3109 393 3141 Natura
412 3115 490 3139 vero
504 3106 635 3138 omnino
653 3106 772 3138 distant
789 3114 843 3147 ea,
859 3115 931 3148 quae
951 3107 1077 3139 diversa
1096 3108 1314 3148 dicuntur-yut

276 3166 408 3207 candor,
425 3167 457 3198 et
471 3165 607 3198 dulcedo
622 3175 631 3197 ε
646 3164 853 3206 nigredoque,
869 3166 900 3197 et
912 3165 1002 3198 odor.
1046 3166 1176 3198 Illorum
1196 3167 1312 3207 quippe

276 3234 376 3266 genus
387 3224 484 3262 color,
492 3225 609 3256 tiorum
623 3232 739 3256 succus
755 3226 787 3256 et
801 3232 924 3265 vapor:
938 3224 1166 3265 proptereaque
1179 3224 1312 3257 diversis

277 3283 420 3315 sensibus
433 3282 756 3324 comprehenduntur.
800 3283 843 3314 Ut
859 3281 954 3322 igitur
963 3290 1010 3322 ea,
1025 3290 1098 3322 quae
1111 3282 1251 3322 subjacet
1264 3283 1312 3314 liis

277 3341 425 3373 omnibus
452 3341 548 3380 silva,
566 3340 664 3381 possit
690 3339 806 3372 horum
833 3339 929 3372 facies
947 3339 1097 3380 sinceras,
1120 3340 1312 3380 minimeque

277 3398 493 3439 interpolatas,
505 3399 685 3439 ostendere,
704 3399 805 3440 ipsam
821 3406 950 3431 necesse
965 3399 1014 3430 est
1028 3397 1130 3430 nullas
1142 3398 1310 3440 qualitates

279 3456 402 3488 habere.

1006 252 1268 294 CHALctDIt
1297 251 1709 294 COMMENTARIUS

1425 322 1642 374 cccxxxll.
1669 339 1703 373 ld
1719 339 1823 382 ipsum
1838 338 1925 381 quod
1946 340 2134 381 generaliter
2146 345 2327 384 navent,
2340 351 2430 378 nnnc

1383 399 1562 442 specialiter
1579 399 1647 431 vult
1665 399 1800 441 probare
1812 423 1820 438 ‚
1835 398 1948 440 positis
1964 398 2121 441 exemplis
2135 400 2168 434 in
2181 410 2240 434 usu
2258 401 2430 443 frequenti.
2481 427 2486 432 .

1424 459 1572 502 Καθάπερ
1591 459 1660 502 περὶ
1683 459 1723 491 τὰ
1742 458 1937 500 ἀλείμματα,
1949 458 2056 492 ὁπόσα
2078 459 2305 503 εὐώδη,τάχνῃ
2323 472 2430 504 μηχα·

1381 523 1494 552 νῶνται
1519 522 1642 562 πρῶτον
1667 518 1751 551 τοῦτ’
1774 518 1850 551 αὐτὸ
1874 517 2028 560 ὑπάρχον,
2053 522 2198 553 ποιοῦσιν
2222 520 2271 554 ὅτι
2293 520 2431 563 μάλιστα

1381 579 1486 617 ἀνὼδη
1505 579 1544 611 τὰ
1560 578 1706 620 δεξόμενοι
1720 577 1800 619 ὑγρὰ
1819 577 1873 615 τὰς
1894 577 1997 618 ὀσμάς
2008 588 2017 597 ·
2035 577 2106 611 ὅσοι
2121 588 2155 611 τε
2168 578 2200 612 ἔν
2212 589 2277 613 τισι
2292 583 2356 613 τῶν
2374 590 2432 622 μα·

1380 638 1484 670 λαιῶν
1501 638 1652 679 σχήματα
1665 635 1856 678 ἀπομάττειν
1874 636 2084 678 ἐπιχειροῦσι,
2099 636 2136 670 τὸ
2153 637 2302 680 παράπαν
2318 642 2431 682 σχῆμα,

1381 697 1468 729 οὐδὲν
1482 697 1605 734 ἔνδηλον
1618 695 1766 737 ὑπάρχειν
1778 695 1868 735 ἐῶσι,
1882 696 2151 737 προομαλύναντες
2166 696 2200 729 δὲ
2212 697 2259 730 ὅτι
2271 696 2430 732 histem·

1380 756 1616 797 ἀπεργάζονται.
1637 755 1756 788 Ταῦτὸν
1770 753 1824 787 οὖν
1836 755 1891 787 καὶ
1903 757 1950 797 τῷ
1962 754 2003 787 τὰ
2013 757 2076 788 τῶν
2089 754 2214 788 πάντων
2226 755 2276 790 ἀεί
2286 767 2322 790 τι
2332 756 2430 793 ὄνων

1380 813 1461 846 κατὰ
1479 816 1542 845 πᾶν
1558 814 1671 845 ἑαυτοῦ
1689 812 1839 850 πολλάκις
1858 812 2088 856 ἀφομοιώματα
2101 814 2205 852 καλῶς
2219 815 2360 856 μέλλοντι
2378 816 2430 850 δι’·

1379 873 1489 914 χεσθαι
1506 871 1632 904 πάντων
1648 870 1736 908 ἐκτὸς
1748 870 1835 912 αὐτῷ
1853 871 2005 913 προσήκει
2021 871 2188 914 πεφυκέναι
2202 875 2266 905 τῶν
2283 873 2386 908 εἰδῶν.

1427 933 1469 964 Ut
1498 932 1559 973 qui
1587 929 1697 962 odora
1723 931 1902 971 piamenta
1928 930 2134 972 conficiunt,
2150 939 2218 964 nan
2232 933 2430 974 patiuntur

1380 999 1451 1024 esse
1472 989 1585 1023 odoris
1603 989 1781 1023 naturalis
1797 998 1840 1023 ac
1855 991 2014 1032 proprii,
2038 990 2135 1033 quod
2157 990 2344 1034 condiun15
2360 999 2429 1034 quo

1378 1059 1532 1084 meracos
1560 1051 1784 1092 sincerasque
1813 1050 1983 1091 suscipiat
2017 1057 2134 1083 succos
2163 1049 2424 1085 odoraminum.

1383 1109 1578 1142 Vascutarii
1603 1116 1737 1150 quoque
1755 1109 1901 1149 arqento
1922 1107 2068 1148 informi
2089 1109 2192 1150 siqua
2205 1109 2426 1151 impressori,

1379 1169 1544 1209 laeviqant
1559 1169 1661 1208 prius
1681 1166 1901 1208 superficiem
1912 1190 1923 1207 ‚
1941 1168 1982 1199 ut
1991 1166 2120 1207 fiqurae
2137 1168 2280 1200 sincera
2304 1168 2428 1209 impri-

1378 1229 1524 1260 mantur
1552 1226 1654 1259 molli
1686 1226 1888 1268 cedentique
1906 1227 2076 1259 materiae.
2119 1225 2341 1267 Ita‚'inquit,
2359 1225 2429 1260 ilia

1377 1289 1502 1327 etiam,
1518 1294 1595 1328 quae
1613 1286 1769 1318 omnium
1785 1283 2125 1326 specierumsormas
2136 1285 2323 1326 receptura
2336 1285 2426 1325 erae,
2448 1270 2452 1275 ’

1376 1355 1469 1388 pura
1486 1348 1521 1378 et
1541 1346 1616 1378 sine
1632 1344 1868 1386 qualitatibus
1884 1342 2004 1376 debuit
2021 1344 2204 1384 apparari.

1419 1407 1553 1438 Factum
1573 1412 1651 1437 vero
1668 1403 1920 1444 generatumque
1929 1403 1962 1435 et
1972 1401 2099 1434 visibile
2114 1401 2232 1435 animal
2245 1401 2318 1436 vult
2330 1401 2427 1442 intot-

1377 1465 1430 1505 ligi
1444 1463 1594 1496 sensilem
1607 1462 1768 1494 mundum
1784 1470 1794 1494 ε

1401 1523 1475 1555 -Διὸ
1491 1522 1530 1560 δὴ
1554 1522 1610 1560 τὴν
1632 1524 1689 1553 τοῦ
1723 1519 1887 1561 γεγονότος
1909 1520 2022 1561 ὁρατοῦ
2047 1519 2101 1551 καὶ
2124 1517 2251 1556 πάντως
2275 1519 2426 1558 αἰσθητοῦ

1377 1584 1496 1626 μητέρα
1504 1583 1559 1615 καὶ
1568 1582 1728 1622 ὑποδοχὴν
1741 1581 1818 1622 μήτε
1833 1583 1891 1621 γῆν
1906 1579 1984 1621 μήτε
1999 1579 2075 1621 ἀέρα
2086 1579 2164 1621 μήτε
2174 1582 2239 1621 πῦρ
2251 1579 2331 1621 μήτε
2340 1579 2425 1622 ὕδωρ

1376 1643 1532 1684 λέγωμεν,
1550 1641 1628 1683 μήτε
1644 1641 1706 1673 ὅσα
1725 1639 1761 1672 ἐν.
1779 1638 1898 1671 τούτων
1917 1639 1994 1680 μήτε
2011 1639 2041 1676 ἐξ
2057 1638 2102 1670 ὧν
2116 1641 2217 1670 ταῦτα
2229 1638 2369 1680 γέγονεν.

1420 1703 1639 1742 Matremque
1660 1698 1736 1738 ejus
1761 1699 1794 1730 et
1819 1705 2003 1738 corporum
2019 1696 2296 1738 receptaculum,
2310 1696 2426 1749 sillyam

1378 1761 1485 1799 vocat,
1498 1758 1542 1791 ob
1555 1758 1714 1791 rationem
1729 1755 1945 1796 supradictam
1955 1766 1965 1795 ;
1976 1754 2036 1787 sed
2049 1762 2160 1796 neque
2172 1756 2308 1787 terram
2318 1753 2424 1795 hanc,

1378 1824 1488 1859 neque
1504 1822 1646 1857 aquam,
1666 1821 1728 1846 nec
1745 1815 1872 1854 mrtem,
1887 1812 1942 1845 vel
1959 1820 2045 1845 aera
2062 1813 2155 1844 reete
2170 1812 2382 1845 existimari.

1419 1877 1499 1909 Haec
1523 1873 1643 1915 quippe
1674 1879 1808 1913 corpora
1825 1879 1912 1912 esse;
1933 1871 1989 1904 sed
2019 1879 2109 1911 eam,
2129 1879 2202 1912 quae
2219 1873 2336 1904 cuncta
2356 1870 2426 1904 haec

1375 1934 1514 1973 ambiat,
1766 1956 1769 1957 γ

1416 1990 1494 2024 Ἀλλ’
1504 1989 1654 2033 ἀνόρατον
1663 1988 1744 2026 εἶδός
1753 2000 1783 2021 τι
1795 1989 1848 2020 καὶ
1860 1988 2009 2030 ἄμορφον,
2015 1988 2178 2029 πανδεχές,
2188 1987 2424 2030 μεταλαμδάνον

1374 2051 1407 2084 δὲ
1428 2048 1617 2092 ἀπορώτατά
1637 2060 1682 2090 πῃ
1703 2051 1759 2080 τοῦ
1779 2041 1971 2086 νοητοῦ’καὶ
1995 2045 2254 2079 δυσαλωτότατον
2273 2046 2351 2079 αὐτὸ
2371 2047 2422 2079 λέ-

1373 2121 1480 2152 γοντες
1498 2109 1535 2141 οὐ
1552 2108 1745 2150 ψευσόμεθα.
2003 2112 2005 2114 “
2243 2105 2247 2108 ’

1416 2167 1635 2202 Invisibilem
1661 2167 1806 2208 speciem
1826 2167 1860 2198 et
1885 2163 2070 2207 informem
2093 2171 2165 2196 esse
2191 2164 2424 2206 capacitatem

1374 2229 1469 2261 mira
1482 2226 1640 2269 quadam,
1647 2228 1681 2258 et
1693 2223 2026 2266 incomprehensibili
2038 2224 2176 2255 ratione
2184 2222 2424 2256 intermittam

1374 2290 1408 2321 et
1427 2288 1588 2329 aliquam
1601 2285 1849 2324 substantiam,
1866 2291 1928 2316 nec
1936 2282 2045 2324 plane
2055 2281 2227 2322 sensilem,
2241 2288 2304 2314 nec
2315 2280 2424 2322 plane
2455 2312 2461 2314 ,

1376 2341 1635 2383 intelliyibitem
1643 2364 1652 2381 ,
1665 2342 1827 2382 positam.

1417 2401 1650 2434 cccxxxnl.
1674 2400 1754 2431 Haec
1775 2397 1941 2439 operosius
1955 2397 1989 2429 in
2009 2396 2219 2438 Parmenide,
2233 2405 2309 2430 cum
2324 2404 2422 2437 qua-

1373 2463 1458 2494 reret
1475 2459 1632 2501 quatenus
1648 2466 1699 2490 res
1712 2457 1902 2490 exsistentes
1915 2456 2063 2490 ldearum
2087 2455 2315 2497 participarent
2329 2455 2420 2489 simi-

1373 2519 1555 2552 litudinem.
1600 2516 1725 2550 Etenim
1745 2516 1796 2548 est
1811 2514 1950 2547 difficilis
1965 2513 2174 2547 consideratio
2190 2514 2320 2556 propter
2330 2513 2422 2559 sitvm
2458 2540 2459 2543 ,

1374 2578 1536 2611 naturales
1562 2575 1711 2609 tenebras
1721 2599 1731 2614 ,
1747 2575 1866 2616 quippe
1894 2582 1969 2615 quae
1999 2572 2211 2614 subterfugiat
2237 2580 2302 2605 non
2323 2572 2421 2605 modo

1375 2646 1486 2670 sensus
1503 2644 1636 2676 omnes,
1655 2634 1712 2667 sed
1730 2633 1826 2666 etiam
1848 2633 1980 2666 rationis
1999 2631 2273 2672 investigationem
2294 2630 2419 2664 intelle-

1373 2696 1512 2735 ctusque
1539 2692 1734 2733 indaginem.
1776 2691 1851 2723 Sive
1876 2690 1962 2722 enim
1980 2698 2037 2731 per
2054 2688 2260 2728 semetipsam
2288 2688 2322 2720 et
2350 2687 2421 2721 sine

1374 2753 1538 2787 consortio
1554 2760 1741 2794 corporum,
1753 2759 1828 2792 quae
1840 2749 1965 2790 recipit,
1978 2749 2122 2789 spectare
2137 2747 2239 2786 curet,
2253 2746 2332 2779 nibil
2344 2754 2419 2779 esse

1374 2811 1605 2854 propemodum
1624 2810 1770 2850 videtur;
1786 2808 1843 2841 sed
1865 2816 1940 2840 cum
1957 2806 2021 2839 illis
2039 2805 2266 2845 contundetur,
2279 2812 2340 2838 nec
2358 2804 2426 2836 ην

1373 2869 1509 2902 turalem
1528 2866 1677 2901 ostendet
1696 2866 1935 2908 proprietatem.
1979 2867 2102 2905 Estque
2126 2863 2210 2896 inter
2225 2870 2358 2896 sensum
2384 2863 2419 2896 et

1374 2928 1546 2968 rationem,
1561 2934 1664 2968 neque
1688 2925 1782 2966 plane
1801 2923 1916 2956 sensile
1933 2922 2011 2964 quid
2023 2946 2033 2962 ,
2047 2930 2108 2955 nec
2124 2921 2256 2954 omnino
2277 2921 2418 2954 rationa-

1373 2986 1437 3019 bile
1458 2999 1466 3018 :
1488 2985 1545 3018 sed
1567 2987 1658 3017 motu
1681 2982 1778 3016 animi
1801 2980 2100 3023 comprehendenda
2117 2979 2195 3021 tali,
2213 2978 2324 3020 utqui
2342 2987 2416 3012 eon-

1371 3045 1477 3087 tigerit
1505 3053 1576 3078 eam
1609 3042 1689 3076 nibil
1714 3042 1851 3082 sentiat,
1879 3042 1911 3074 et
1940 3040 1995 3082 qui
2025 3040 2181 3072 rationem
2209 3037 2278 3080 ejus
2306 3038 2416 3071 animo

1371 3103 1571 3144 exercuerit,
1588 3102 1797 3135 adulterina
1823 3099 1980 3143 quadam
2001 3100 2142 3132 ratione
2159 3097 2327 3131 assecutus
2344 3104 2416 3130 esse

1373 3163 1530 3196 videatur.
2285 3157 2289 3160 ”

1413 3221 1494 3254 Καθ’
1505 3221 1581 3254 ὅσον
1596 3221 1630 3253 δὲ
1642 3221 1679 3253 ἐκ
1690 3223 1754 3253 τῶν
1769 3219 1998 3262 προειρημένων
2013 3217 2143 3250 δυνατὸν
2157 3215 2345 3257 ἐφικνεῖσθαι
2357 3216 2413 3252 τῆς

1370 3281 1489 3323 φύσεως
1508 3281 1605 3313 αὐτοῦ
1616 3303 1626 3321 ,
1637 3279 1704 3322 τῇδ’
1717 3279 1754 3312 ἄν
1769 3290 1814 3316 τις
1827 3278 1978 3321 ὀρθότατα
1989 3277 2092 3322 λέγοι,
2106 3278 2167 3317 πῦρ
2187 3273 2242 3315 μὲν
2263 3272 2413 3304 ἑκάστοτε

1370 3340 1464 3372 αὐτοῦ
1476 3340 1512 3372 τὸ
1527 3339 1748 3381 πεπυρωμένον
1759 3338 1850 3380 μέρος
1861 3337 2040 3378 φαίνεσθαι,
2050 3335 2087 3367 τὸ
2098 3334 2131 3366 δὲ
2143 3332 2301 3373 ὓγρανθέν,
2313 3330 2408 3372 ὕδωρ·

1369 3402 1426 3439 γῆν
1442 3399 1539 3430 δὲκαὶ
1553 3399 1629 3440 ἀέρα
1640 3421 1650 3439 ,
1664 3396 1733 3430 καθ’
1746 3397 1821 3429 ὅσον
1833 3397 1872 3428 ἂν
1885 3395 2050 3437 μιμήματα
2061 3392 2180 3425 τούτων
2191 3390 2331 3431 δέχηται.
2345 3403 2347 3405 >

1411 3457 1529 3490 Solum
1549 3466 1627 3497 erqo
1641 3456 1832 3489 remedium
1847 3453 2070 3488 assecutionis
2087 3451 2125 3483 id
2150 3450 2231 3489 erit,
2251 3450 2289 3481 ut
2305 3449 2392 3489 pute
