2638 3840
321 267 455 295 xxxiv

318 345 525 396 quominus
543 357 700 393 magnus
730 344 932 381 Persarum
952 354 1019 379 rex
1037 339 1168 377 eadem
1185 339 1235 377 sit
1255 353 1354 377 con-

317 405 465 442 ditione
492 417 567 454 qua
594 403 720 452 egeni,
742 412 822 440 tum
844 401 1012 439 Siciliam
1035 399 1093 435 vel
1126 410 1207 436 eam
1228 398 1351 436 Italiae

319 473 465 514 partem
491 476 576 513 qnae
597 475 734 511 magna
759 461 908 499 Graecia
931 458 1038 511 (225)
1067 457 1263 495 nominata
1296 467 1354 496 est

318 523 481 572 patriam
501 521 706 567 habuisse,
745 520 926 570 quoniam
955 516 1069 554 initio
1091 528 1248 553 suarum
1269 516 1353 554 dis—

317 580 559 630 putationum
579 578 774 629 duplicem
802 577 892 614 ferri
925 576 966 612 in
995 574 1147 611 Graecia
1175 574 1352 625 philoso-

315 638 482 689 phorum
503 636 728 675 sententiam
745 635 792 672 de
810 635 914 671 bono
933 641 970 670 et
1000 632 1100 669 malo
1122 631 1227 682 (226)
1243 632 1351 672 dicit.

316 695 447 746 Neque
476 698 578 734 enim
609 697 662 733 ita
681 695 879 732 locuturus
913 692 1031 729 fuisse
1061 690 1231 738 videtur,
1255 691 1288 729 si
1309 691 1352 728 in

317 755 467 793 Graecia
487 763 552 792 aut
573 763 683 791 natus
711 760 809 790 esset
831 759 896 789 aut
922 750 1148 788 habitasset.
1173 750 1351 800 Denique

315 827 393 851 non
419 822 475 850 est
498 811 656 849 dubium
687 810 781 859 quin
809 807 999 858 sophistas
1029 806 1153 844 adhuc
1177 806 1356 844 docentes

314 881 351 910 et
368 872 508 909 viderit
533 878 570 907 et
599 867 813 913 audiverit,
844 864 1035 917 siquidem
1061 879 1101 916 p.
1128 864 1203 902 550
1226 873 1358 903 narrat

315 929 520 979 quosdam,
561 927 626 977 qui
673 925 862 975 sophistas
910 924 1211 974 frequentarint,
1255 923 1355 960 nihil

313 988 527 1038 percepisse
553 983 677 1034 (227).
694 983 777 1020 Nisi
802 983 897 1020 forte
910 1010 920 1028 ‚
939 982 1043 1032 quod
1065 981 1204 1032 saepius
1223 981 1266 1019 in
1288 994 1357 1018 an-

316 1047 511 1095 tiquorum
538 1043 695 1094 scriptis
723 1043 778 1090 fit,
798 1040 1057 1092 sophistarum
1085 1053 1225 1078 nomen
1245 1040 1358 1077 latius

314 1114 442 1155 patere
459 1104 607 1150 voluit,
630 1112 672 1140 ut
692 1115 824 1140 omnes
845 1110 923 1138 tum
945 1100 1083 1138 musici
1100 1108 1180 1137 tum
1206 1098 1357 1148 sapien·
1388 1092 1390 1125 Ι

314 1165 375 1201 tiae
409 1164 648 1215 professores
683 1161 962 1210 intelligantur.
1003 1158 1116 1205 Quod
1154 1166 1279 1195 autem
1318 1159 1358 1194 in

312 1225 388 1260 fine
407 1223 551 1273 quintae
572 1222 848 1260 dissertationis
871 1218 1079 1270 Chrysippi
1100 1230 1242 1256 nomen
1262 1217 1357 1266 legi·-

314 1291 376 1319 tur
408 1281 528 1333 (228),
550 1281 590 1319 id
624 1294 703 1318 non
738 1274 905 1330 pertinet:
939 1277 1156 1316 necessario
1185 1276 1234 1314 ad
1254 1276 1350 1315 Stoi·

315 1355 399 1378 cum
415 1369 425 1388 ,
448 1353 567 1391 quum
592 1339 695 1378 istud
716 1351 855 1376 nomen
884 1338 979 1375 satis
998 1338 1178 1374 usitatum
1200 1344 1238 1373 et
1267 1336 1353 1374 vul-

313 1411 403 1447 gare
436 1397 538 1449 apud
561 1405 709 1434 veteres
749 1396 878 1434 fuerit.
914 1394 1057 1432 Verum
1096 1394 1139 1432 in
1171 1393 1354 1431 omnibus

314 1457 394 1494 illis
410 1455 526 1494 rebus
540 1469 634 1507 quas
648 1455 856 1493 memoravi
884 1454 1045 1492 fortasse
1065 1466 1143 1490 non
1164 1465 1347 1502 magnum

315 1524 550 1553 momentum
573 1515 741 1566 positum
760 1523 817 1552 est
841 1513 889 1551 ad
908 1513 1001 1550 istas
1017 1512 1161 1550 veteris
1185 1512 1350 1562 scripto-

313 1575 368 1612 ris
399 1573 546 1612 tabulas
578 1582 679 1612 recte
709 1571 950 1611 aestimandas
973 1586 982 1608 ε
1008 1584 1096 1608 nam
1127 1570 1161 1608 si
1184 1570 1357 1621 philoso-

313 1632 460 1684 phandi
492 1645 611 1681 genus
642 1644 864 1682 moremque
895 1631 942 1668 de
979 1629 1087 1667 omni
1121 1629 1281 1666 materia
1314 1629 1356 1666 in

316 1692 529 1730 contrarias
554 1700 679 1742 partes
707 1690 931 1741 disputandi
954 1688 1353 1736 consideraverimus,

315 1765 393 1788 non
411 1751 709 1802 Pythagoreum,
731 1749 795 1787 sed
808 1748 1014 1799 sophistam
1029 1746 1095 1785 hic
1108 1747 1220 1798 loqui
1241 1746 1359 1784 nobis

314 1822 537 1860 persuasum
552 1809 639 1855 erit,
662 1820 893 1859 quamquam
905 1808 968 1845 vir
989 1806 1230 1856 antiquitatis
1242 1806 1358 1843 mini-

313 1881 373 1905 me
393 1868 549 1917 ignarus
575 1866 906 1917 Pythagoreorum
923 1866 1100 1917 exemplo
1119 1865 1253 1903 dorica
1273 1865 1357 1903 dia-

313 1927 411 1964 lecto
425 1940 516 1964 usus
527 1935 597 1964 est.
611 1925 794 1963 solebant
812 1938 905 1963 vero
926 1924 1102 1962 rhetores
1122 1933 1160 1961 et
1173 1924 1357 1974 sophistae

315 1986 369 2022 ita
389 1993 551 2023 tractare
570 1985 803 2035 quaestiones
817 2013 828 2031 ,
850 1993 893 2022 ut
912 1997 975 2022 eas
997 1993 1073 2022 tam
1091 1983 1277 2022 adhibitis
1296 1997 1354 2021 ra-

317 2043 489 2082 tionibus
503 2057 618 2094 quam
632 2043 819 2094 exemplis
830 2051 943 2094 atque
956 2056 976 2081 e
993 2042 1192 2081 veteribus
1207 2043 1358 2081 saeculis

315 2104 476 2154 repetita
507 2104 694 2140 memoria
725 2102 1003 2152 persolverent.
1040 2101 1126 2147 Qua
1150 2101 1193 2139 in
1224 2114 1266 2139 re
1294 2114 1360 2140 eos

1177 251 1244 290 DE
1271 248 1586 289 PYTHAGORA

1417 338 1569 384 menda,
1592 336 1718 375 ‹lorici
1735 335 1926 375 sermonis
1954 337 2115 374 formam
2146 350 2169 375 a
2192 337 2366 376 librariis
2391 337 2457 376 hic

1416 398 1498 436 illic
1521 397 1760 435 obliteratam
1797 395 1971 442 restitui,
2005 403 2126 434 totum
2155 396 2326 447 denique
2351 411 2456 435 com-

1417 455 1689 494 mentariolum
1716 461 1892 491 accurate
1913 454 2152 503 recognitum
2167 484 2178 506 ‚
2199 455 2343 506 rejecta
2362 455 2456 494 Nor-

1416 514 1473 552 thi
1493 513 1765 559 translatione,
1787 512 1951 550 latinum
1972 512 2057 551 feci.

1469 572 1500 609 E
1516 574 1661 610 caeteris
1674 570 1930 621 Pythagoreis
1945 584 2116 621 quorum
2142 571 2355 621 fragmenta
2373 573 2454 613 vol.

1415 629 1433 667 Ι
1453 644 1538 681 pag.
1560 630 1735 674 532-543
1754 629 1958 680 posuimus
1990 630 2230 669 memorandi
2253 639 2344 669 sunt
2373 633 2456 683 pri-

1416 703 1519 727 mum
1558 692 1780 737 Diotogenes
1816 696 1854 725 et
1890 689 2108 735 Sthenidas,
2152 698 2317 740 uterque
2346 703 2456 741 aeque

1415 748 1585 797 ignotus.
1609 747 1703 785 Nam
1734 747 1781 784 de
1813 747 2044 796 Diotogene,
2069 746 2181 798 cujus
2206 748 2312 787 locos
2334 762 2457 800 quos-

1416 807 1503 845 dam
1524 820 1545 845 e
1578 806 1694 845 libris
1727 806 1775 843 de
1799 819 1920 856 regno
1940 820 1984 844 ac
2010 806 2058 844 de
2095 808 2297 846 sanctitate
2317 809 2457 859 petitos

1416 865 1589 904 Stobaeus
1609 866 1650 903 in
1666 864 1875 914 Florilegio
1891 873 2005 916 atque
2020 865 2062 903 in
2078 865 2233 914 Eclogis
2248 865 2363 904 affert
2384 866 2452 920 (1),

1418 925 1516 962 nihil
1537 924 1671 962 dicunt
1701 923 1851 974 antiqui
1875 924 1953 962 scri
1965 932 2110 974 ptores.
2132 923 2255 962 Iidem
2274 925 2388 963 etiam
2408 925 2456 964 de

1416 983 1611 1022 Sthenidae
1628 983 1744 1021 Locri
1764 983 1846 1020 vita
1875 991 1912 1020 et
1931 982 2091 1034 scriptis
2120 991 2263 1021 tacent.
2294 983 2457 1022 Videtur

1417 1051 1541 1080 autem
1553 1042 1617 1080 hic
1626 1055 1797 1092 quoque,
1818 1041 1929 1092 cujus
1942 1054 1964 1080 e
1977 1041 2268 1080 commentariis
2281 1042 2328 1080 de
2345 1044 2455 1092 regio

1417 1101 1584 1152 imperio
1612 1101 1766 1150 insigne
1794 1109 1909 1150 caput
1928 1109 2114 1152 superest,
2145 1113 2235 1138 cum
2257 1100 2457 1152 plerisque

1417 1160 1646 1211 Pythagorae
1665 1159 1967 1198 assectatoribus
1997 1159 2161 1211 publica
2179 1160 2338 1208 negotia
2365 1173 2456 1210 ges·

1418 1220 1514 1258 sisse
1533 1228 1598 1257 aut
1616 1228 1719 1258 certe
1744 1219 1792 1257 de
1825 1219 1996 1257 civitatis
2026 1218 2310 1269 gubernatione
2339 1222 2460 1259 multa

1417 1278 1662 1317 disseruisse.
1689 1278 1812 1316 Paulo
1832 1279 1963 1316 notior
1979 1287 2036 1316 est
2054 1279 2272 1328 Ecplzantus
2290 1279 2456 1329 Syracu-

1418 1349 1548 1387 sanus,
1565 1337 1632 1388 qui
1649 1337 1751 1374 inter
1764 1336 2040 1387 Pythagoreos,
2061 1345 2104 1374 ut
2119 1349 2204 1374 mea
2216 1336 2289 1374 sert
2301 1336 2455 1388 opinio,

1418 1396 1575 1445 signum
1612 1395 1771 1433 sustulit
1808 1395 1856 1432 ad
1902 1409 1966 1434 res
2001 1396 2199 1433 naturales
2229 1395 2460 1445 diligentius

1418 1454 1641 1493 scrutandas
1683 1463 1721 1492 et
1768 1454 2031 1506 explicandas,
2079 1454 2255 1501 Etenim,
2290 1454 2325 1492 si
2362 1455 2459 1494 fides

1418 1512 1569 1551 Stobaeo
1591 1513 1662 1564 (2),
1692 1514 1867 1550 omnium
1909 1526 2038 1551 rerum
2069 1513 2269 1564 principia
2296 1526 2460 1565 corpora

1420 1572 1628 1610 individua
1663 1581 1700 1610 et
1730 1573 1847 1610 inane
1878 1584 1961 1610 esse
1998 1573 2166 1623 putavit,
2203 1571 2350 1623 quippe
2389 1573 2459 1623 qui

1419 1631 1604 1669 monadas
1630 1630 1907 1681 Pythagoricas
1939 1631 2090 1681 primus
2123 1643 2331 1682 corporeas
2353 1631 2459 1670 face-

1418 1698 1489 1728 ret.
1525 1690 1787 1736 Quamobrem
1826 1689 2016 1727 mundum
2051 1703 2100 1727 ex
2126 1690 2268 1728 atomis
2301 1691 2459 1742 quidem

1419 1758 1608 1796 constare,
1649 1749 1715 1787 sed
1735 1748 1982 1800 providentia
2001 1749 2083 1798 regi
2109 1749 2261 1787 dicebat
2287 1750 2357 1800 (3).
2385 1751 2454 1788 Est

1420 1817 1545 1846 autem
1567 1817 1710 1846 certum
1724 1835 1733 1853 ,
1751 1821 1837 1845 eum
1858 1821 1943 1845 cum
1963 1807 2186 1858 Pythagora
2204 1808 2370 1859 aliisque
2389 1809 2460 1847 do-

1421 1867 1605 1905 ctissimis
1621 1866 1847 1904 hominibus
1858 1879 1978 1904 unum
1994 1866 2179 1904 mundum
2197 1868 2374 1906 statuisse
2393 1866 2458 1921 (4).

1419 1925 1544 1963 Porro
1563 1933 1704 1963 terram
1724 1924 1876 1962 moveri
1893 1932 2036 1971 censet,
2059 1937 2139 1961 non
2157 1924 2313 1974 quidem
2336 1924 2401 1973 ita,
2420 1934 2463 1964 ut

1419 1997 1440 2021 e
1460 1984 1546 2022 loco
1580 1997 1651 2022 suo
1672 1983 1851 2028 excedat,
1878 1983 1944 2020 sed
1967 1991 2009 2020 ut
2029 1983 2071 2020 in
2091 1982 2248 2021 modum
2269 1992 2363 2022 rotae
2395 1984 2460 2022 axi

1420 2042 1652 2080 adhaerentis
1664 2055 1686 2079 a
1702 2042 1794 2080 solis
1811 2055 1949 2079 occasu
1967 2041 2015 2079 ad
2026 2050 2154 2079 ortum
2172 2042 2275 2080 circa
2287 2051 2462 2081 centrum

1420 2115 1530 2139 suum
1569 2115 1609 2139 se
1647 2109 1847 2140 convertat
1871 2099 1943 2152 (5).
1977 2100 2087 2138 Alius
2130 2100 2202 2138 fuit
2242 2100 2462 2152 Ecphantus

316 2162 509 2200 interdum
530 2162 692 2199 vetustis
709 2161 917 2199 novitatem
937 2170 976 2199 et
991 2160 1175 2199 obsoletis
1192 2162 1358 2198 nitorem
1390 2162 1392 2182 ¹
1420 2160 1660 2198 Crotoniates
1706 2168 1799 2197 teste
1830 2158 2052 2196 Jamblicho
2082 2159 2152 2199 vit.
2183 2159 2348 2210 Pythag.
2376 2173 2461 2211 cap.

316 2221 468 2260 dedisse
503 2229 664 2259 constat.
694 2220 842 2266 Quodsi
872 2221 1015 2270 fingere
1047 2219 1190 2258 licebat
1221 2220 1361 2271 proelia

316 2280 408 2318 olim
426 2288 595 2331 pugnata
614 2288 651 2317 et
668 2288 804 2317 eventa
826 2293 992 2330 quorum
1011 2280 1236 2317 memoriam
1258 2279 1362 2317 obli-

315 2340 382 2378 vio
401 2339 594 2378 deleverat
615 2352 739 2390 nuper
760 2339 945 2378 accidisse
959 2370 969 2387 ‚
985 2338 1190 2390 probabile
1205 2339 1361 2377 videtur

318 2398 473 2436 dicendi
505 2398 777 2448 magistrorum
807 2398 1126 2436 consuetudinem
1164 2398 1354 2448 spectanti

318 2458 415 2496 illud
445 2457 675 2508 opusculum
715 2465 911 2495 auctorem
958 2455 1104 2493 habere
1142 2455 1355 2506 sophistam

319 2516 573 2554 recentiorem
591 2516 702 2553 illum
732 2515 907 2566 quidem,
926 2514 993 2552 sed
1016 2513 1165 2551 bonum
1189 2514 1356 2564 antiqui-

320 2576 409 2613 tatis
440 2576 689 2615 imitatorem.
725 2575 776 2612 At
801 2583 888 2612 ante
918 2573 1161 2623 Pyrrhonem
1192 2572 1355 2623 ejusque

327 2634 510 2671 familiam
543 2647 628 2671 eum
665 2633 858 2671 exstitisse
883 2631 1067 2682 conjicio.
1105 2631 1246 2669 Eadem
1279 2631 1357 2669 fere
1390 2640 1393 2680 ι

322 2692 436 2730 etiam
456 2692 594 2729 Orellii
613 2692 800 2730 sententia
828 2690 915 2737 fuit,
938 2690 1005 2740 qui
1024 2698 1112 2740 post
1135 2689 1356 2727 Fabricium

320 2750 449 2788 hasde
468 2749 610 2800 quibus
631 2750 758 2799 agitur
779 2748 1068 2786 dissertationes
1086 2749 1129 2786 in
1150 2748 1358 2798 Opusculis

322 2818 400 2847 vet.
423 2808 546 2846 Graec.
575 2817 672 2847 sent.
694 2816 732 2845 et
759 2807 893 2845 moral.
913 2807 992 2844 vol.
1017 2806 1056 2844 ΙΙ
1086 2807 1358 2858 promulgavit.

322 2867 403 2917 Ego
434 2880 553 2918 quum
579 2866 780 2917 scriptoris
808 2865 1024 2903 orationem
1044 2865 1227 2916 plurimis
1262 2867 1359 2904 locis

323 2926 571 2977 depravatam
592 2938 674 2963 esse
695 2924 1065 2971 animadvertissem,
1088 2937 1186 2974 quos
1206 2925 1359 2974 priores

324 2985 492 3022 editores
526 2983 718 3032 corrigere
760 2982 1026 3031 neglexerant,
1069 2983 1188 3019 multa
1220 2984 1357 3021 sustuli

326 3147 357 3178 p.
380 3138 439 3169 545
454 3135 506 3168 τὸν
528 3135 560 3166 δὲ
578 3134 710 3174 βασιλέα
728 3134 780 3166 τὸν
802 3134 898 3175 μέγαν
916 3134 1002 3166 οὐδὲν
1018 3133 1131 3164 κωλύει
1155 3133 1270 3172 ὁμοίως
1285 3134 1359 3170 ,δια-
1392 3133 1394 3162 ἱ

327 3185 446 3216 κεῖσθαι
461 3185 523 3218 τοῖς
535 3184 685 3222 πτωχοῖς.
706 3199 747 3205 -
766 3180 851 3220 (225)
867 3182 887 3218 ἡ
905 3181 1023 3221 μεγάλη
1035 3180 1154 3216 Ἑλλάς.
1173 3179 1227 3212 Cf.
1245 3180 1359 3211 Strabo

328 3232 382 3263 lib.
396 3233 440 3262 Vl
464 3239 532 3270 pag.
554 3233 614 3261 253
637 3228 688 3260 ed.
707 3227 845 3258 Casaub.

369 3278 454 3316 (226)
468 3277 558 3316 Disp.
572 3277 588 3308 I
606 3275 690 3308 inita
705 3275 807 3306 δισσοὶ
816 3274 902 3315 λόγοι
911 3274 1049 3314 λέγονται
1062 3274 1091 3305 ἐν
1105 3275 1143 3314 τᾷ
1159 3272 1280 3304 Ἑλλάδι
1297 3273 1357 3304 ὑπὸ

328 3328 390 3356 τῶν
409 3322 655 3364 φιλοσοφούντων
684 3322 754 3361 περὶ
771 3324 816 3351 τῶ
835 3321 941 3361 ἀγαθῶ
955 3322 1008 3352 καὶ
1025 3323 1069 3351 τῶ
1091 3323 1192 3350 κακῶ.
1215 3332 1256 3340 -·
1273 3319 1360 3359 (227)

330 3380 400 3410 pag.
419 3373 487 3402 550.
504 3369 635 3409 τετάοτα
650 3368 701 3408 δέ,
728 3367 774 3399 ὅτι
796 3368 855 3405 ἤδη
880 3367 956 3402 τινὲς
974 3366 1059 3407 παρὰ
1077 3366 1225 3407 σοφιστὰς
1254 3365 1355 3397 ἐλθόν-

330 3427 390 3457 τες,
404 3417 490 3448 οὐδὲν
503 3416 665 3456 ὠφέληθεν.
682 3434 719 3439 -
737 3414 823 3454 (228)
845 3422 915 3453 pag.
931 3416 989 3444 552
1004 3426 1012 3444 z
1031 3413 1078 3444 δεῖ
1099 3412 1270 3452 μεμνᾶσθαι
1285 3412 1364 3451 Χρύ-

331 3474 459 3503 σιππον,
474 3464 621 3503 κατθέμεν
639 3461 687 3493 ἐπὶ
703 3460 756 3492 τὸν
773 3461 887 3501 χρυσὸν
903 3461 954 3491 καὶ
975 3460 1025 3492 τὸν
1038 3460 1146 3491 ἵππον.
1323 3460 1326 3462 ’
1394 3462 1397 3497 ᾖ

1419 2228 1515 2258 extr.
1536 2221 1626 2267 267.
1651 2218 1825 2256 Tertium
1846 2218 2028 2268 ponimus
2047 2230 2135 2269 eum
2163 2218 2231 2268 qui
2260 2218 2460 2269 AEgyptio-

1420 2292 1505 2316 rum
1526 2278 1715 2316 sermonis
1741 2289 1883 2326 gnarus
1913 2275 1964 2328 (6)
1988 2276 2035 2314 de
2055 2289 2189 2314 eorum
2218 2276 2454 2315 caerimoniis

1420 2349 1541 2386 graece
1571 2337 1792 2387 scripserat.

1463 2476 1505 2518 (1)
1526 2477 1560 2508 ln
1574 2475 1682 2515 Eclog.
1700 2474 1756 2507 lib.
1777 2475 1791 2506 Ι
1808 2482 1878 2514 cap.
1894 2459 1983 2514 vill,
2004 2476 2041 2504 10
2058 2481 2089 2513 p.
2115 2475 2175 2504 220
2192 2471 2243 2504 ed.
2262 2473 2357 2504 Heer.
2377 2481 2461 2506 unus

1419 2525 1523 2555 exstat
1552 2523 1641 2555 locus
1667 2530 1732 2553 non
1758 2520 1906 2555 diversus
1935 2519 1976 2551 ab
2005 2528 2043 2551 eo
2067 2518 2123 2559 qui
2150 2517 2315 2561 invenitur¹
2347 2517 2458 2551 Floril.

1419 2572 1535 2609 XLItl,
1557 2572 1625 2601 130.
1643 2569 1719 2601 Vid.
1745 2567 1828 2600 ΡΙιίΙ.
1851 2568 1907 2599 Gr.
1929 2566 2040 2606 fragm.
2066 2565 2132 2598 vol.
2149 2567 2176 2598 Ι.
2206 2564 2319 2604 fragm.
2343 2567 2363 2597 3
2388 2573 2460 2606 pag.

1390 2633 1392 2639 ·
1420 2621 1490 2650 535.
1503 2635 1542 2644 —
1557 2617 1600 2658 (2)
1610 2615 1758 2648 Stobaeus
1773 2614 1878 2654 Eclog.
1896 2613 1952 2645 lib.
1968 2614 1983 2644 1
1997 2621 2066 2652 cap.
2087 2613 2144 2651 XI,
2166 2615 2215 2652 16,
2234 2619 2305 2652 pag.
2327 2615 2387 2644 308
2407 2611 2461 2644 ed.

1420 2667 1530 2697 Heer.:
1552 2664 1739 2704 Ἔκφαντος,
1757 2661 1983 2704 Συρακούσιος,
1996 2660 2039 2697 εἷς
2056 2663 2118 2692 τῶν
2134 2659 2369 2700 Πυθαγορείων,
2386 2657 2463 2690 πάν-

1419 2723 1481 2743 των
1496 2709 1617 2753 [ἀρχὰς]
1636 2709 1676 2741 τὰ
1688 2709 1842 2750 ἀδιαίρετα
1858 2703 1989 2748 σώματα
2004 2707 2057 2739 καὶ
2074 2707 2110 2738 τὸ
2123 2706 2223 2738 κενόν.
2236 2706 2300 2742 Τὰς
2316 2705 2375 2746 γὰρ
2393 2705 2462 2737 Πυ-

1421 2757 1584 2798 θαγορικὰς
1610 2755 1742 2798 μονάδας
1758 2755 1845 2791 οὗτος
1869 2757 1989 2795 πρῶτος
2008 2753 2184 2794 ἀπεφήνατο
2210 2751 2403 2794 σωματικάς.
2420 2768 2463 2774 --

1423 2807 1466 2844 (3)
1487 2805 1634 2837 Stobaeus
1650 2803 1757 2843 Eclog.
1773 2802 1828 2834 lib.
1842 2804 1855 2834 Ι
1871 2810 1941 2842 cap.
1959 2802 2061 2840 xxti,
2076 2805 2107 2840 6,
2124 2808 2194 2840 pag.
2210 2801 2271 2832 448
2285 2797 2337 2830 ed.
2354 2799 2460 2830 Hecu:

1421 2853 1592 2892 Ἔκφαντος
1612 2851 1647 2882 ἐκ
1665 2850 1720 2891 μὲν
1735 2852 1797 2881 τῶν
1822 2848 1947 2888 ἀτόμων
1968 2846 2152 2878 συνεστάναι
2173 2846 2226 2878 τὸν
2243 2845 2376 2884 κόσμον,
2390 2845 2463 2876 διοι-

1392 2915 1393 2925 ι
1422 2900 1544 2931 κεῖσθαι
1560 2898 1593 2930 δὲ
1605 2898 1666 2930 ὑπὸ
1689 2895 1845 2938 προνοίας.
1858 2912 1902 2917 --
1919 2894 1961 2934 (4)
1984 2894 2132 2926 stobaeus
2148 2893 2257 2933 Eclog.
2278 2892 2334 2924 lib.
2348 2894 2366 2925 I
2388 2900 2460 2932 cap.

1392 2966 1393 2977 1
1423 2948 1541 2985 XXlII,
1561 2947 1591 2980 3,
1608 2953 1640 2985 p.
1657 2946 1718 2975 496
1738 2942 1789 2975 ed.
1816 2943 1922 2974 Heer.:
1945 2941 2067 2980 Θαλῆς,
2088 2939 2284 2981 Πυθαγόρας,
2302 2939 2458 2980 Ἐμπεδο-

1392 3002 1393 3012 ¹
1422 2995 1513 3032 κλῆς,
1533 2993 1714 3033 Ἔκφαντος,
1727 2989 1937 3032 Παρμενίδης,
1954 2989 2126 3027 Μέλισσος,
2137 2986 2337 3028 *Ηράκλειτος
2348 3010 2358 3024 ,
2378 2985 2462 3018 Ἀνα-

1423 3040 1567 3080 ξαγόρας,
1584 3038 1729 3076 Πλάτων,
1744 3036 1964 3078 Ἀριστοτέλης,
1977 3035 2082 3073 Ζήνων
2093 3057 2102 3072 ,
2119 3034 2173 3065 ἕνα
2188 3034 2240 3064 τὸν
2257 3032 2377 3072 κόσμον
2393 3032 2459 3063 κτλ.

1392 3100 1394 3108 ·
1422 3105 1464 3111 —-
1480 3087 1523 3127 (5)
1538 3085 1730 3118 Plutarchus
1740 3083 1780 3115 de
1793 3082 1872 3123 plac.
1885 3081 1960 3123 phil.
1977 3081 2031 3113 lib.
2045 3081 2093 3113 111
2107 3089 2177 3120 pag.
2193 3082 2248 3112 13:
2262 3078 2462 3121 Ἡρακλείδης

1425 3135 1442 3165 ὁ
1462 3133 1612 3168 Ποντικὸς
1639 3131 1692 3163 καὶ
1717 3129 1887 3169 Ἔκφαντος
1915 3129 1932 3159 ὁ
1965 3127 2170 3167 Πυθαγόρειος
2193 3128 2314 3157 κινοῦσι
2337 3125 2391 3165 μὲν
2406 3125 2462 3163 τὴν

1393 3185 1395 3197 ⁵
1424 3184 1493 3220 γῆν,
1515 3179 1551 3211 οὐ
1568 3179 1627 3220 μήν
1639 3189 1675 3218 γε
1693 3176 1920 3219 μεταὸατικῶς,
1940 3176 2051 3215 τροχοῦ
2075 3173 2108 3204 δὲ
2129 3173 2216 3209 δίκην
2241 3172 2462 3211 ἑνζωνισμὲνην

1393 3220 1395 3241 Ῑ
1425 3226 1506 3265 (leg.
1525 3221 1788 3266 ἐνηξωνισμὲνου)
1803 3223 1866 3254 ἀπὸ
1882 3223 2009 3262 δυσμῶν
2029 3219 2077 3252 ἐπ’
2090 3219 2239 3255 ἀνατολὰς
2255 3219 2323 3260 περὶ
2337 3219 2372 3250 τὸ
2384 3218 2462 3250 ἴδιον

1422 3274 1514 3311 αὐτῆς
1533 3274 1669 3314 κέντρον.
1687 3270 1782 3304 cons.
1801 3269 1955 3309 Origenes
1977 3267 2095 3299 Philos.
2111 3275 2182 3306 cap.
2205 3269 2256 3298 15.
2269 3283 2310 3289 -
2325 3265 2370 3306 (6)
2386 3266 2462 3296 Por-

1394 3327 1395 3330 ’
1423 3320 1553 3360 plnyrius
1566 3320 1606 3351 de
1619 3317 1807 3350 abstinentia
1823 3316 1879 3348 lib.
1895 3317 1952 3353 IV,
1970 3318 2024 3346 10:
2040 3315 2154 3346 πολλοῦ
2168 3314 2199 3344 δὲ
2216 3313 2301 3348 ὄντος
2317 3312 2411 3351 λόγου
2421 3311 2462 3343 δι’

1400 3392 1405 3407 ·.
1422 3367 1457 3403 ἢν
1473 3366 1573 3398 αἰτίαν
1597 3366 1649 3398 διὰ
1666 3369 1728 3398 τῶν
1747 3365 1835 3406 ζῴων
1850 3365 1879 3395 οἱ
1905 3362 2068 3401 Αἰγύπτιοι
2085 3362 2154 3397 τοὺς
2181 3360 2265 3396 θεοὺς
2291 3360 2462 3400 ἐσέφθησαν

1394 3447 1396 3455 ,
1423 3414 1476 3444 καὶ
1494 3413 1628 3453 μείζονος
1641 3416 1694 3451 τῆς
1707 3411 1865 3454 παρούσης
1878 3408 2100 3451 πραγματείας,
2114 3408 2200 3448 ἀρκεῖ
2211 3407 2250 3438 τὰ
2265 3407 2463 3447 δεδηλωμένα

1426 3461 1492 3499 περὶ
1509 3461 1624 3492 αὐτῶν.
1641 3459 1763 3493 Ἐκεῖνο
1777 3458 1878 3501 μέντοι
1888 3456 1925 3490 οὐ
1938 3455 2188 3498 παραπεμπτέον,
2200 3455 2246 3486 ὅτι
2257 3454 2326 3491 τοὺς
2342 3453 2462 3485 ἀποθα-
