2638 3840
663 209 891 259 EJUSQUE
918 210 1209 252 DISCIPULIS
1241 213 1305 253 ET
1342 213 1769 254 SUCCESSORIBUS.

124 299 287 352 juvenis
314 299 575 351 Pythagoram
606 311 737 338 senem
769 300 933 339 audivit.
954 301 1027 340 Hic
1054 311 1181 341 autem

29 359 31 363 ’
98 358 103 364 ’
130 358 242 410 ipse,
271 366 339 397 aut
363 358 464 397 alius
498 358 651 410 Bryson
687 357 915 411 Thurinus,
946 370 1182 400 memoratus

128 417 247 456 Sexto
255 417 455 468 Empirico
469 419 567 470 (98),
585 418 752 458 traditur
767 418 992 470 divulgasse
1006 420 1182 473 disputa-

128 475 255 516 tiones
290 488 340 515 ex
373 475 520 528 quibus
562 476 754 516 nonnulla
798 477 841 516 in
873 477 1054 529 dialogos
1091 493 1184 519 suos

131 535 375 575 transtulisse
395 536 596 576 Platonem
618 545 729 575 notat
756 536 1039 590 Theopompus
1061 538 1183 579 Chius

129 594 236 648 apud
247 595 474 635 Athenaeum
486 596 584 648 (99).
598 595 687 635 Fuit
695 596 813 636 etiam
825 597 998 649 Cynicus
1004 597 1040 650 ej
1046 599 1180 638 usdem

129 656 302 695 nominis
334 657 595 709 philosophus
631 669 749 708 quem
786 657 980 696 Achivum
1014 659 1185 711 appellat

130 714 326 766 Diogenes
348 716 528 756 Laertius
546 715 621 755 lib.
639 714 706 765 Vl,
728 715 779 755 85
798 716 920 768 (100).
941 716 1132 756 Caeterum
1162 732 1184 757 e

128 773 365 826 Pythagorei
384 775 641 814 OEconomico
654 788 776 814 unum
796 775 975 816 Stobaeus
987 778 1186 830 excerpsit

130 832 386 883 fragmentum
406 834 514 886 quod
529 833 632 873 infra
647 843 867 875 correctum
882 848 969 875 cum
986 836 1075 875 aliis
1090 851 1184 889 pro-

129 891 329 943 mulgabo.

182 951 242 990 De
276 953 526 993 Callicratida
551 953 706 994 Lacone
737 955 954 1007 eodemque
986 955 1182 1007 Pythago·

131 1011 224 1051 ricae
241 1013 658 1065 sapientiaesectatore‚
675 1015 788 1068 cujus
804 1029 827 1054 e
845 1015 1050 1054 volumine
1066 1029 1185 1068 super

132 1070 369 1112 familiarum
401 1073 586 1113 felicitate
618 1075 748 1127 capita
766 1075 944 1127 quaedam
972 1075 1075 1128 apud
1103 1076 1186 1114 Sto-

130 1129 259 1170 baeum
277 1141 386 1181 sunt,
399 1133 499 1172 nihil
524 1134 777 1186 antiquorum
794 1134 999 1185 diligentia
1021 1143 1184 1173 annota-

131 1191 204 1230 vit.
225 1190 359 1243 Neque
371 1191 475 1230 enim
490 1205 577 1231 cum
595 1191 671 1231 hoc
690 1191 879 1231 confundi
894 1205 939 1231 ac
957 1194 1185 1244 permisceri

132 1265 207 1303 par
230 1259 290 1291 est
314 1250 587 1290 Callicratidas
621 1252 738 1300 duos,
768 1251 946 1291 homines
975 1253 1184 1301 militares,

131 1311 296 1350 alterum
330 1309 685 1359 Lacedaemonium,
717 1311 880 1350 alterum
900 1311 1185 1363 Cyrenensem.

131 1368 165 1409 E
191 1369 338 1422 quibus
369 1369 482 1408 illum
509 1370 793 1422 Spartanorum
820 1370 957 1409 ducem
990 1370 1109 1410 fuisse
1129 1380 1187 1411 te-

131 1437 285 1469 stantur
317 1427 537 1481 Xenophon
559 1431 657 1469 Hist.
687 1429 814 1470 Graec.
846 1428 917 1469 lib.
941 1429 970 1478 l,
1004 1429 1071 1478 vl,
1102 1445 1116 1468 1
1151 1440 1188 1470 et

132 1488 271 1529 Cicero
283 1488 333 1528 de
342 1489 450 1529 offic.
468 1487 542 1529 libss
562 1489 579 1528 1
599 1503 684 1542 cap.
700 1496 765 1537 al„
784 1490 875 1528 item
891 1502 975 1541 cap.
993 1490 1068 1538 30;
1084 1490 1188 1529 hunc

132 1548 340 1602 Polyaenus
354 1548 518 1601 Strateg.
536 1549 608 1590 lib.
632 1549 669 1590 11
690 1563 773 1602 cap.
793 1563 841 1598 27
860 1558 1062 1588 memorat.

185 1611 387 1660 Pempelus
402 1608 671 1660 Pythagoreus
690 1622 800 1660 aeque
827 1609 1051 1659 incognitus
1071 1609 1188 1649 nobis

131 1676 191 1708 est
202 1681 248 1708 ac
263 1668 485 1708 Perictione
499 1677 537 1707 et
549 1668 715 1720 Pliintys
734 1668 918 1707 mulieres
937 1681 1024 1720 quae
1039 1676 1077 1707 et
1094 1667 1190 1719 ipsae

132 1728 182 1767 ad
197 1728 428 1781 Pythagorae
445 1729 713 1768 auctoritatem
740 1741 782 1768 se
803 1728 1061 1767 contulerant.
1086 1727 1189 1766 lllud

133 1787 363 1840 notandum,
382 1788 559 1841 Pempeli
587 1788 717 1827 locum
746 1800 768 1826 e
798 1786 904 1826 libro
932 1787 981 1826 de
1010 1787 1189 1839 parenti-

133 1846 209 1887 bus
229 1849 337 1901 (ιοι)
358 1861 536 1899 magnam
558 1855 708 1900 partem
736 1860 824 1886 cum
852 1846 1030 1886 Platonis
1055 1846 1191 1899 dispu-

134 1908 281 1947 tatione
308 1908 358 1947 de
375 1907 476 1959 legg.
493 1906 564 1949 lib.
580 1906 639 1947 X!
654 1920 737 1960 cap.
752 1906 807 1945 xl
824 1920 864 1959 p.
883 1907 960 1959 930
986 1906 1016 1945 E
1039 1915 1077 1946 et
1111 1908 1184 1959 931

135 1966 170 2005 l)
192 1967 418 2007 convenire.
443 1969 678 2011 PerIcle'one,
716 1966 750 2005 si
782 1966 897 2005 iidem
934 1965 1188 2018 adjungimus

134 2024 253 2065 rebus
268 2026 564 2074 commentitiis,
594 2033 736 2078 praeter
758 2024 905 2063 librum
929 2024 978 2063 de
999 2025 1191 2077 sapientia

134 2085 459 2125 commentarium
478 2084 528 2124 de
551 2083 732 2124 mulieris
755 2083 1020 2122 concinnitate
1038 2084 1187 2133 edidit,

133 2155 182 2182 ex
198 2142 343 2196 quihus
357 2143 573 2195 fragmenta
587 2157 629 2183 se
641 2143 871 2196 depromere
886 2142 982 2182 dicit
998 2142 1188 2183 Stobaeus.

134 2201 324 2243 Miramur
340 2211 468 2243 autem
488 2216 573 2243 eam
593 2203 641 2242 de
659 2202 853 2255 sapientia
867 2201 1020 2249 dome,
1042 2202 1091 2241 de
1106 2216 1190 2242 mu·

134 2261 247 2303 lieris
274 2262 538 2302 concinnitate
563 2262 694 2301 ionice
722 2261 943 2314 scripsisse.
975 2260 1190 2313 Utramque

134 2323 240 2362 enim
281 2322 491 2362 dialectum
535 2324 707 2375 exceptis
744 2320 910 2360 vocibus
955 2320 1188 2373 quibusdam

135 2383 336 2435 corruptis
354 2383 537 2422 intactam
557 2382 802 2434 reliquerunt
817 2380 988 2420 librarii.
1008 2382 1058 2420 At
1081 2391 1188 2421 vete-

136 2446 199 2482 res
218 2442 348 2482 Graeci
364 2451 453 2483 ante
481 2442 742 2482 Alexandrum
764 2442 947 2493 Magnum
965 2442 1085 2480 vitata
1106 2442 1192 2481 dia-

136 2500 324 2542 lectorum
344 2502 532 2542 varietate
548 2515 627 2542 uno
650 2501 866 2553 eodemque
895 2513 1076 2540 sermone
1092 2502 1189 2540 scri-

136 2558 233 2601 bere
275 2560 466 2602 solebant.
513 2562 764 2615 Quapropter
806 2560 1005 2613 Bentlejus
1045 2561 1188 2613 Opusc.

137 2620 236 2675 phil.
265 2636 308 2674 p.
340 2622 415 2671 367
452 2622 587 2662 omnia
620 2620 811 2672 fragmina
839 2619 914 2659 sub
949 2620 1191 2659 Perictiones

136 2680 298 2720 nomine
320 2681 477 2732 vulgata
504 2679 710 2720 subdititia
733 2692 818 2719 esse
835 2678 1086 2718 existimavit.
1108 2678 1192 2717 Huc

136 2739 285 2779 accedit
304 2740 411 2793 quod
442 2740 684 2780 Perictiones
712 2738 835 2778 verba
866 2738 970 2791 apud
993 2738 1188 2777 Stobaeum

138 2796 244 2841 flor.
266 2798 300 2848 l,
320 2800 443 2839 62·63
464 2807 720 2840 consentanea
741 2807 833 2839 sunt
848 2798 1050 2850 Archyteis
1069 2811 1157 2850 quae
1171 2811 1192 2836 e

180 2958 249 3000 (08)
269 2958 357 2991 sext.
373 2959 466 3000 Emp.
482 2956 557 2990 adv,
569 2956 669 2991 Matli.
686 2957 759 2997 vii,
777 2959 814 2990 ¹3
828 2965 860 2998 p.
878 2957 938 2989 ³72
950 2965 958 2988 :
970 2956 1037 2997 περὶ
1052 2955 1084 2987 ὀὶ
1095 2955 1131 2987 τὸ
1141 2955 1193 2987 λο-

2 3040 9 3051 2
47 2975 66 3031 *tr
138 3006 472 3047 γιιιὺνιιατηνίχθησαν
489 3004 619 3049 μίροςοί
631 3005 700 3047 περὶ
718 3003 894 3043 Πανθοίόην
909 3004 963 3036 καὶ
978 3004 1122 3039 Ἀλιξῖνον
1139 3003 1193 3035 καὶ

141 3053 333 3093 Εὖΰουλίῢην
360 3055 415 3087 καί
442 3053 593 3097 Βρύσωνα
622 3052 859 3094 Διονυσόδωρόν
884 3062 918 3084 τι
940 3050 993 3083 καὶ
1012 3050 1193 3092 Εὐθύδημον

141 3102 289 3145 θούριοι,
310 3101 356 3135 ὦν
379 3101 531 3144 μέμνηται
555 3101 609 3133 καί
623 3101 642 3133 ὁ
664 3100 798 3134 Πλάτων
822 3100 855 3132 ίν
877 3102 923 3140 τῷ
949 3097 1134 3139 Εὐθυδήμῳ.
1151 3115 1192 3123 -

143 3152 211 3193 (00)
226 3150 401 3184 Auieuaens
415 3149 471 3182 tib.
486 3149 528 3182 ΧΙ
545 3157 577 3190 ρ.
592 3150 653 3182 508
668 3149 695 3181 D
712 3148 788 3182 :mi
805 3147 864 3189 γὰρ
884 3146 1072 3185 θιὸπομπος
1085 3145 1103 3177 ὁ
1116 3146 1193 3183 Χῖος

141 3198 175 3234 ἔν
193 3200 240 3241 τῷ
257 3197 340 3231 κατὰ
356 3201 411 3235 τῆς
425 3195 593 3233 Πλάτωνος
610 3194 787 3238 διατριθῆς,
809 3207 823 3221 ιι
841 3194 922 3230 Τοὺς
939 3192 1070 3229 πολλοὺς
1092 3192 1193 3234 (φησί)

63 3236 83 3263 Ψ
141 3250 205 3281 τῶν
219 3244 374 3288 διαλόγων
392 3244 489 3277 αὑτοῦ
504 3243 648 3287 ἀχρείους
664 3244 718 3276 καί
736 3243 858 3285 ψευδεῖς
871 3242 908 3274 ἂν
922 3251 966 3277 τις
990 3240 1085 3281 εὕροι·
1102 3238 1191 3271 ἀλλο-

141 3293 243 3338 τρίους
256 3292 292 3326 st
304 3292 377 3330 τους
392 3291 535 3331 πλιίους,
553 3290 647 3328 ὄντας
662 3290 699 3323 ἐκ
716 3293 780 3322 τῶν
801 3287 1001 3331 Ἀριστίππου
1012 3286 1192 3327 ὀιατριων,

9 3363 14 3372 «
72 3331 79 3354 ⁵
143 3340 242 3381 ίνίσυς
253 3341 287 3375 st
303 3340 368 3373 κὰκ
383 3344 447 3373 τῶν
465 3338 689 3379 Ἆντισθένους,
705 3338 836 3373 πολλοὺς
849 3336 882 3368 at
906 3335 968 3367 κάν.
991 3337 1053 3366 τῶν
1068 3333 1193 3376 Βρύσω·

57 3375 77 3432 ζ,
143 3400 196 3429 νος
211 3393 270 3424 wu
300 3388 534 3432 Ἧραιλιώτου.
550 3386 674 3421 „cont
696 3386 777 3419 mn.
798 3385 896 3425 epist.
916 3382 993 3415 xm
1015 3390 1046 3423 ρ.
1065 3386 1137 3414 noo.
1162 3390 1192 3415 e.

62 3475 65 3478 ,
145 3457 187 3467 -
203 3436 292 3480 (100)
318 3436 369 3470 ct.
401 3437 492 3478 Dios.
513 3436 619 3468 ueri.
645 3433 700 3466 m».
730 3433 790 3468 ΙΧ.
811 3435 846 3463 m
867 3433 898 3463 ct
919 3432 1054 3462 riou-m.
1087 3432 1133 3462 io.
1151 3445 1197 3456 —

60 3481 81 3515 'f
147 3485 235 3529 (ιοι)
251 3483 339 3528 apud
355 3483 521 3518 stoli-uum
540 3483 627 3517 Flor.
644 3481 784 3519 LxxtX,
803 3482 855 3511 52.

2191 226 2294 255 xmx

1242 303 1348 342 libro
1367 304 1571 343 Tarentini
1588 302 1811 356 philosophi
1825 302 1873 341 de
1890 303 2080 355 sapientia
2095 316 2298 355 superesse

1244 362 1514 413 perhibentur.
1546 362 1636 403 vid.
1663 362 1811 401 Philos.
1845 362 1969 401 Graec.
2001 363 2137 412 fragm.
2171 363 2249 400 vol.
2280 362 2298 400 1

1244 435 1281 473 p.
1304 422 1380 460 558
1402 435 1484 474 seq.
1504 423 1528 474 5
1548 423 1569 461 3
1583 422 1659 473 ets
1677 421 1716 460 5.
1738 420 1890 468 Quodsi
1912 429 1979 460 aut
1997 430 2119 460 totum
2141 421 2214 459 hoc
2231 434 2294 459 ca·

1245 491 1315 534 put
1333 492 1399 521 aut
1422 491 1550 534 partes
1574 481 1661 534 ejus
1688 481 1871 533 Archytae
1893 480 2178 533 adjudicamus,
2200 480 2300 519 nihil

1244 541 1512 592 Pythagoricae
1540 542 1668 581 laudis
1699 541 1849 581 aemulae
1888 541 2129 592 relinquitur
2157 549 2302 593 praeter

1246 600 1530 652 disputationes
1558 602 1691 640 ionico
1718 613 1902 640 sermone
1931 600 1980 639 de
2010 600 2187 639 mulieris
2206 614 2300 639 con·

1246 661 1432 700 cinnitate
1458 662 1667 701 consectas.
1699 660 1840 700 Verum
1871 669 2070 712 utcunque
2102 673 2148 698 ea
2169 672 2210 698 se
2239 673 2302 699 res

1246 719 1381 768 habet,
1414 721 1677 769 Perictionen‚
1702 721 1876 760 Platonis
1907 728 2068 759 matrem
2094 718 2217 772 (102),
2238 719 2303 758 di-

1247 779 1520 829 stinguendam
1546 789 1728 831 putamus
1758 781 1806 818 ab
1827 779 1903 819 ista
1923 778 2090 817 muliere
2114 791 2203 830 quae
2233 791 2303 817 no—

1247 851 1336 876 men
1357 852 1470 878 suum
1503 840 1546 878 in
1577 839 1767 879 doctrinae
1803 839 2054 892 Pythagoreae
2089 838 2303 877 heredibus

1246 900 1420 950 professa
1438 907 1508 938 est.
1532 899 1712 950 Denique
1741 900 1924 948 Phiarys,
1953 897 2173 937 Callicratis
2204 897 2301 944 filia,

1245 957 1583 1009 Pythagoreorum
1617 959 1817 1010 mysteriis
1848 958 2017 1006 initiata,
2046 956 2226 996 libellum
2255 956 2305 995 de

1246 1019 1500 1069 temperantia
1529 1018 1705 1056 mulieris
1733 1017 1974 1070 composuit,
2005 1016 2118 1069 cujus
2152 1016 2306 1067 insigne

1246 1076 1501 1127 fragmentum
1523 1077 1699 1116 Stobaeus
1717 1077 1900 1118 servavit.

1301 1136 1406 1175 Inter
1431 1136 1714 1188 Pythagoricos
1740 1137 1952 1189 scriptores
1978 1136 2162 1175 excelluit
2187 1136 2305 1175 etiam

1246 1196 1431 1234 Bucherus
1455 1205 1551 1235 teste
1571 1195 1793 1235 Jamblicho
1817 1196 1866 1235 de
1884 1196 1956 1236 vit.
1979 1195 2095 1247 Pyth.
2127 1208 2211 1248 cap.
2234 1197 2302 1244 36,

1247 1254 1316 1306 qui
1330 1267 1417 1293 eum
1432 1254 1669 1307 Cyzicenum
1692 1255 1811 1294 fuisse
1832 1254 1965 1295 tradit.
1987 1254 2097 1293 Licet
2125 1267 2219 1293 vero
2239 1254 2306 1292 ni-

1247 1313 1305 1352 hil
1339 1314 1388 1353 de
1416 1314 1624 1353 clarissimi
1657 1314 1854 1365 quondam
1889 1314 1972 1352 viri
2003 1321 2112 1351 aetate
2140 1321 2304 1361 constet,

1247 1386 1369 1424 quum
1390 1372 1476 1424 ejus
1493 1373 1612 1412 vitam
1631 1382 1670 1412 et
1686 1374 1872 1426 pleraque
1887 1373 2039 1423 ingenii
2056 1380 2307 1411 monumenta

1247 1441 1399 1472 veteres
1415 1433 1574 1472 silentio
1596 1433 1920 1485 praetermittant-,5
1950 1441 2077 1470 tamen
2093 1445 2116 1470 e
2134 1431 2307 1470 dictione

1248 1492 1476 1544 philosophi
1507 1493 1764 1543 intelligitur,
1799 1491 2089 1544 posterioribus
2111 1491 2307 1542 Pythago-

1248 1554 1326 1590 reis
1347 1551 1458 1590 illum
1476 1564 1559 1590 esse
1587 1549 1940 1590 annumerandum.
1957 1549 2091 1602 Neque
2107 1550 2212 1588 enim
2233 1550 2305 1588 do-

1250 1610 1331 1649 rice
1347 1611 1523 1663 scripsit,
1542 1611 1610 1650 sed
1633 1610 1833 1649 communi
1851 1609 2020 1648 dialecto
2039 1609 2082 1648 in
2102 1609 2309 1648 conficien-

1249 1669 1309 1708 dis
1327 1669 1441 1709 libris
1460 1682 1554 1709 usus
1569 1678 1639 1709 est.
1653 1669 1765 1708 Patet
1784 1669 1860 1707 hoc
1872 1681 1894 1707 e
1913 1668 2042 1720 capite
2054 1668 2115 1706 vel
2136 1668 2267 1720 potius
2287 1681 2308 1706 e

1251 1729 1378 1769 tribus
1413 1730 1660 1783 fragmentis,
1694 1742 1781 1781 quae
1802 1727 1981 1767 Stobaeus
2011 1729 2053 1767 in
2074 1727 2228 1778 Eclogis
2259 1741 2308 1766 ex

1249 1789 1435 1842 Cyziceni
1465 1789 1691 1843 philosophi
1716 1789 1765 1828 de
1793 1788 1970 1828 numeris
2003 1788 2109 1827 libro
2140 1788 2305 1840 profert.

1255 1849 1362 1888 Alibi
1379 1858 1506 1888 autem
1525 1862 1716 1901 nusquam
1730 1847 1816 1900 ejus
1835 1848 2024 1887 memoria
2038 1856 2173 1887 exstat.

1303 1912 1442 1948 Aresas
1458 1908 1638 1948 Lucanus
1648 1921 1763 1960 quem
1776 1907 2019 1947 ,lamblichus
2039 1908 2088 1946 de
2100 1908 2171 1947 vit.
2191 1906 2308 1958 Pyth.

1251 1982 1338 2022 cap.
1361 1970 1410 2008 36
1439 1968 1610 2009 scholam
1635 1968 1936 2020 Pythagoricam
1968 1975 2058 2019 post
2083 1965 2207 2018 Tydae
2225 1966 2311 2004 obi·

1294 2151 1381 2191 (102)
1400 2150 1559 2193 Diogenes
1579 2151 1727 2184 Laertius
1740 2149 1796 2183 lib.
1811 2151 1874 2191 111,
1896 2152 1908 2183 1
1929 2163 1938 2183 ι
1956 2148 2110 2189 Πλάτων,
2127 2149 2309 2191 Ἀρίστωνος

1250 2198 1303 2231 καὶ
1314 2198 1516 2240 Περικτιόνης
1528 2199 1548 2238 ἣ
1556 2199 1720 2238 Ποτὼνης,
1734 2198 1801 2237 ἥτις
1809 2198 1846 2230 τὸ
1858 2198 1945 2239 γένος
1959 2197 2099 2239 ἀνέφερεν
2111 2198 2154 2233 εἰς
2168 2197 2309 2237 Σόλωνα,

1249 2243 1417 2284 Ἀθηναῖος.
1436 2245 1589 2287 Apuleius
1603 2245 1644 2278 de
1659 2244 1850 2279 habitudine
1862 2245 2085 2277 doctrinarum
2096 2248 2128 2277 et
2135 2245 2307 2276 nativitato

1253 2291 1396 2325 Platonis
1408 2292 1465 2325 lib.
1478 2294 1491 2325 1
1503 2292 1572 2325 init.
1591 2305 1629 2325 :-
1644 2292 1766 2325 Platoni
1783 2291 1941 2325 habitudo
1954 2292 2099 2333 eorporis
2116 2300 2308 2331 cognomen·

1250 2341 1322 2374 tum
1341 2339 1443 2373 dedit.
1467 2340 1617 2381 Namque
1644 2339 1816 2373 Aristocles
1842 2339 1930 2381 prius
1957 2341 2010 2371 est
2035 2339 2237 2372 nominatus.
2270 2339 2307 2371 Ei

1250 2386 1379 2420 Ariston
1393 2382 1491 2419 fuisse
1505 2388 1595 2429 pater
1608 2387 1715 2420 dictus
1730 2390 1792 2419 est.
1812 2388 1977 2419 caeterum
1993 2385 2174 2419 Perictione
2190 2386 2308 2419 Glauci

1251 2436 1316 2468 iiiia
1341 2437 1444 2468 mater
1462 2434 1533 2467 ruit.
1554 2436 1596 2467 Et
1614 2434 1655 2467 de
1673 2436 1811 2476 utroque
1830 2433 1980 2467 nobilitas
2001 2433 2081 2466 satis
2108 2433 2206 2466 clara.
2225 2434 2308 2466 Nam

1252 2484 1380 2518 Ariston
1394 2484 1485 2524 pater
1504 2491 1561 2524 per
1580 2481 1728 2516 Codrum
1744 2482 1787 2514 ab
1806 2482 1878 2524 ipso
1899 2482 2051 2523 Neptuno
2067 2481 2222 2521 originem
2245 2481 2307 2512 ‹iu-

1251 2532 1300 2564 xit
1317 2544 1326 2565 ι
1344 2531 1386 2564 ab
1408 2530 1526 2563 Solone
1543 2529 1876 2572 sapientissimusqui
1896 2529 2003 2571 legum
2021 2528 2204 2563 Atticarum
2233 2531 2306 2561 fun·

1250 2578 1344 2611 dator
1365 2578 1435 2619 suit,
1453 2579 1617 2610 maternus
1631 2576 1798 2610 derivatus
1821 2580 1870 2610 est
1892 2575 2031 2619 sanguis.
2046 2589 2062 2604 ι·
2077 2574 2222 2608 AEiianus
2241 2583 2307 2606 var.

1252 2626 1329 2659 hist.
1352 2625 1408 2658 lib.
1428 2625 1459 2658 Χ
1471 2633 1542 2666 cap.
1562 2627 1598 2657 21
1627 2624 1699 2657 εὸτι
1716 2625 1768 2657 τὸν
1788 2624 1946 2657 Πλάτωνα
1954 2625 1983 2662 -ἡ
1998 2621 2185 2666 Περικτιόνη
2205 2621 2307 2663 ἔφιριν

1251 2674 1283 2706 ἐν
1302 2675 1369 2710 ταῖς
1394 2672 1560 2712 ἀγκάλαις.
1585 2671 1698 2705 θύοντι
1720 2671 1753 2704 δὲ
1768 2674 1815 2714 τῷ
1836 2671 1999 2713 Ἀρίστωνι
2023 2670 2055 2703 ἐν
2073 2670 2217 2711 Ὑμηττῷ
2241 2672 2309 2707 ταῖς

1252 2720 1396 2756 Μούσαις
1408 2720 1429 2759 ἢ
1445 2721 1512 2756 ταῖς
1530 2717 1673 2761 Νύμφαις
1692 2720 1723 2751 ol
1750 2718 1805 2760 μὲν
1823 2719 1898 2761 πρὸς
1915 2718 1972 2758 τὴν
1988 2717 2161 2761 ίιρουργίαν
2178 2716 2271 2759 ἦσαν,
2287 2719 2307 2756 ἠ

1251 2769 1284 2801 δὲ
1294 2768 1455 2800 ιιατὲκλινι
1472 2766 1628 2799 Πλάτωνα
1640 2767 1672 2799 iv
1685 2769 1752 2804 ταῖς
1766 2765 1901 2805 πλησίον
1920 2765 2091 2809 μυρῤίναις,
2105 2766 2243 2803 δασείαις
2258 2765 2309 2798 οὔ·

1252 2827 1322 2853 σαις
1342 2815 1395 2847 καὶ
1414 2817 1561 2850 πυκναῖς.
1586 2814 1774 2847 Καθιύδοντι
1792 2814 1826 2847 ὀὶ
1853 2813 1949 2855 ίσμὸς
1963 2813 2121 2856 μιλισσῶν
2137 2812 2307 2855 Ὑμηττίου

1254 2864 1374 2904 μέλιτος
1386 2862 1417 2894 ἐν
1427 2864 1492 2899 τοῖς
1507 2861 1642 2904 χιίλισιν
1660 2861 1757 2894 αὑτοῦ
1770 2860 1941 2894 mozonem
1954 2860 2071 2903 ὒπῄδον
2090 2861 2145 2899 τὴν
2157 2864 2213 2892 τοῦ
2226 2860 2309 2893 Πλά-

1251 2920 1348 2947 τωνος
1364 2910 1552 2949 ιὺγλωττίαν
1562 2909 1787 2951 μαντιυόμιναι
1800 2908 1949 2941 immo.
1963 2908 2098 2941 Procius
2118 2907 2152 2940 lu
2164 2906 2308 2941 Platonis

1251 2958 1337 2991 Tim.
1353 2966 1385 2998 p.
1395 2960 1435 2990 25
1448 2957 1473 2990 Β
1484 2957 1577 2999 (pag.
1595 2962 1634 2990 58
1647 2956 1699 2990 ed,
1709 2955 1919 2998 Schneider.)
1937 2966 1943 2987 :
1961 2957 1982 2994 ἡ
1995 2955 2051 2997 μὲν
2066 2954 2216 2997 ίστορίαή
2226 2955 2307 2987 κατὰ

1250 3005 1288 3039 τὸ
1299 3005 1529 3046 Σόλωνοςγίνος
1537 3006 1652 3045 καίτὴν
1664 3005 1828 3042 Πλάτωνος
1836 3004 1910 3048 πρὸς
1917 3004 2010 3037 αὐτὸν
2021 3002 2307 3045 συγγένειαν-τοιαύ-

1251 3062 1291 3089 τη
1305 3050 1351 3089 τίς
1363 3051 1458 3085 ίστιν.
1471 3051 1692 3090 Ἐξηκεστίδου
1708 3051 1815 3089 uates:
1831 3050 1972 3091 ἐγένοντο
1987 3050 2093 3083 Σόλων
2111 3050 2165 3082 καὶ
2188 3049 2307 3090 Δρωπί-

1251 3098 1323 3139 δης,
1340 3098 1395 3131 nal
1411 3099 1576 3142 Δρωπίδου
1593 3098 1648 3140 μὲν
1665 3097 1808 3140 Κριτίας,
1823 3096 1861 3129 οὗ
1884 3098 2068 3139 μνημονεύει
2084 3096 2138 3130 καί
2153 3097 2257 3129 Σόλων
2273 3097 2305 3128 iv

1250 3148 1291 3188 τῇ
1323 3145 1450 3184 ποιήσαι
1485 3146 1596 3187 λίγων·
1638 3146 1805 3187 Εἶπὲμιναι
1842 3145 1953 3186 Κριτίη
1988 3144 2160 3186 ξανθότριχι
2192 3144 2306 3186 πατρὸς

1251 3192 1391 3227 ἀκούειν·
1421 3193 1470 3228 Οὔ
1487 3194 1548 3238 γὰρ
1574 3194 1754 3237 ἅμαρτινόῳ
1779 3192 1921 3225 πείσεται
1948 3193 2089 3234 ἠγιμόνι·
2121 3191 2247 3232 Κριτίου
2273 3191 2305 3223 δὲ

1254 3238 1471 3287 Κάλλαισχρος
1482 3242 1535 3273 ιιαὶ
1550 3240 1712 3278 Γλαύκων,
1726 3240 1947 3281 Καλλαίσχρου
1964 3239 1996 3271 δὲ
2011 3239 2051 3271 αὖ
2066 3238 2190 3279 Κριτίας
2203 3237 2304 3274 οὗτος.

1253 3287 1395 3327 Δηλοίδὶ
1413 3289 1432 3322 ὀ
1443 3288 1475 3321 lv
1490 3287 1634 3331 Χαρμίδῃ
1651 3286 1790 3330 Κριτίας,
1800 3287 1854 3320 τὸν
1875 3287 2058 3326 Γλαύκωνα,
2075 3287 2127 3318 τὸν
2147 3284 2306 3325 Χαρμίδου

1253 3336 1391 3379 πατέρα,
1426 3336 1508 3369 θιῐον
1532 3337 1645 3368 ἑαυτοῦ
1662 3335 1780 3367 καλῶν.
1805 3334 1987 3370 Γλαύκωνος
2012 3333 2045 3365 ὀὶ
2067 3332 2225 3373 Χαρμίδης
2251 3331 2305 3363 καί

1255 3382 1455 3424 ΙΙιριιιτιόνη,
1471 3386 1526 3422 τῆς
1542 3382 1574 3415 δὲ
1592 3381 1792 3424 Περικτιόνης
1809 3381 1828 3413 ὀ
1850 3380 1994 3414 Πλάτων·
2018 3379 2100 3410 ‹bot-
2119 3378 2137 3410 ὁ
2158 3377 2306 3410 Γλαύκων

1256 3432 1381 3472 Κριτίου
1399 3432 1477 3467 ‘isim
1498 3430 1556 3471 ἦν,
1578 3430 1680 3470 πατὴρ
1698 3429 1732 3461 ὀὶ
1752 3428 1924 3471 Χαρμίδου,
1944 3428 2010 3458 ιτλ.
2031 3425 2125 3458 cont.
2147 3424 2303 3458 llarduin.

1254 3475 1295 3510 ad
1311 3477 1525 3510 'themistium
1550 3485 1622 3518 pag.
1644 3478 1717 3509 382.
