2638 3840
276 312 671 397 ΤΙΜΑΙΩ
726 315 877 397 ΤΩ
929 314 1325 401 ΛΟΚΡΩ

349 487 546 548 ΠΕΡΙ
599 488 890 547 ΨΥΧΑΣ
941 487 1246 551 ΚΟΣΜΩ

575 650 698 699 ΚΑΙ
747 647 1027 700 ΦΥΣΙΟΣ.

337 948 358 997 5
388 961 414 986 1.
443 945 594 997 Τίμαιος
618 948 637 984 ὃ
655 946 790 1001 Λοκρὸς
808 947 892 987 τάδε
912 947 1002 1002 ἔφα,
1023 949 1084 988 δύο
1104 949 1218 994 αἰτίας
1235 944 1329 1001 εἶμεν

281 1009 350 1045 τῶν
371 1006 604 1058 ξυμπάντων,
622 1006 698 1045 νόον
718 1006 782 1058 μὲν
805 1010 874 1046 τῶν
894 1009 986 1047 κατὰ
1005 1010 1109 1062 λόγον
1130 1011 1330 1063 γινομένων·

282 1064 439 1116 ἀνάγκαν
468 1064 503 1103 δὲ
526 1068 594 1103 τῶν
618 1065 678 1120 βία
700 1067 830 1111 καττὰς
850 1067 1020 1118 δυνάμιας
1050 1072 1118 1107 τῶν
1140 1071 1328 1121 σωμάτων.

281 1124 440 1164 Τουτέων
462 1124 499 1164 δὲ
515 1125 573 1164 τὸν
598 1126 662 1177 μὲν
682 1133 744 1171 τᾶς
764 1129 907 1179 τάγαθῶ
927 1127 1048 1180 φύσιος
1075 1123 1170 1180 εἶμεν
1200 1130 1274 1169 θεόν
1295 1146 1332 1169 τε

282 1184 529 1237 ὄνυμαίνεσθαι
550 1186 664 1239 ἀρχάν
689 1202 727 1225 τε
752 1190 823 1226 τῶν
846 1186 1017 1240 ἀρίστων,
1050 1204 1095 1225 τα
1117 1187 1146 1226 δ’
1177 1189 1333 1263 ἑπόμενά

280 1261 319 1284 τε
345 1246 404 1283 καὶ
434 1244 595 1284 συναίτια
613 1245 697 1284 ὄντα
721 1247 754 1290 ἐς
778 1245 934 1298 ἀνάγκαν
954 1246 1160 1307 ἀνάγεσθαι.
1220 1248 1265 1286 τὰ
1298 1248 1332 1286 δε

282 1304 466 1355 ξύμπαντα
486 1304 602 1355 ἰδέαν,
624 1304 710 1343 ὕλαν
731 1301 893 1352 αἰσθητόν
918 1321 980 1357 τε,
999 1308 1068 1344 οἱον
1094 1308 1231 1379 ἔκγονον
1256 1322 1331 1344 του-

282 1363 384 1402 τέων.
443 1362 516 1402 Καὶ
534 1362 574 1401 τὸ
595 1362 657 1436 μὲν
685 1367 781 1415 εἰμεν
814 1336 1001 1415 ἀγέννατόν
1024 1381 1061 1403 τε
1087 1365 1147 1403 καὶ
1171 1365 1334 1404 ἀκίνατον

282 1422 343 1462 καὶ
370 1422 471 1472 μένον
496 1438 531 1461 τε
549 1422 608 1461 καὶ
622 1428 684 1466 τᾶς
697 1425 813 1462 ταῦτω
831 1422 971 1477 φύσιος,
992 1423 1115 1463 νοατόν
1134 1440 1171 1463 τε
1188 1441 1248 1464 και
1267 1441 1335 1463 πα-

285 1482 457 1534 ράδειγμα
483 1484 551 1520 τῶν
575 1481 827 1534 γεννωμένων,
849 1482 957 1522 ὁκόσα
978 1485 1012 1521 ἐν
1044 1484 1226 1537 μεταὸολᾷ
1246 1486 1335 1524 ἐντι·

284 1545 438 1581 τοιοῦτον
469 1541 538 1594 γάρ
569 1557 604 1579 τι
629 1539 692 1578 τὰν
726 1540 820 1579 ἰδέαν
842 1540 1007 1593 λέγεσθαί
1029 1558 1067 1581 τε
1092 1543 1153 1581 καὶ
1180 1546 1335 1591 νοῆσθαι.

283 1601 347 1640 τὰν
387 1601 417 1639 δ’
450 1599 536 1639 ῧλαν
566 1602 751 1651 ἐκμαγεῖον
781 1600 842 1639 καὶ
879 1601 1016 1655 ματέρα
1047 1603 1190 1641 τιθάναν
1208 1619 1247 1642 τε
1277 1604 1337 1643 καὶ

285 1659 491 1715 γεννατικὰν
507 1664 606 1710 εἰμεν
626 1666 689 1705 τᾶς
704 1660 824 1721 τρίτας
844 1660 980 1705 οὐσίας·
1001 1661 1191 1712 δεξαμέναν
1208 1663 1276 1716 γὰρ
1293 1663 1337 1703 τὰ

285 1720 496 1773 ὁμοιώματα
517 1721 550 1764 ἐς
565 1719 692 1758 ἑαυτὰν
706 1735 766 1758 και
779 1723 850 1759 οἱον
872 1720 1188 1772 ἀναμαξαμέναν
1169 1738 1335 1762 αποτε-

284 1782 363 1828 λῆν
382 1780 486 1820 τάδε
503 1779 556 1818 τὰ
575 1779 795 1831 γεννάματα.
821 1780 965 1820 Ταύταν
981 1780 1017 1821 δὲ
1036 1781 1098 1821 τὰν
1123 1781 1208 1820 ὕλαν
1228 1782 1336 1821 ἀιδιον

285 1839 393 1890 μ”ὲν
374 1855 462 1894 εφα,
489 1841 528 1878 οὐ
548 1839 618 1891 μὰν
642 1838 807 1879 ἀκίνατον
817 1839 1054 1894 ,ἀμόρφωτον
1075 1841 1111 1880 δὲ
1129 1844 1207 1881 καθ’
1229 1842 1337 1881 αὑτὰν

290 1915 351 1937 και
371 1897 658 1952 ἀσχημάτιστον,
681 1899 873 1953 δεχομέναν
901 1901 937 1939 δὲ
957 1908 1074 1939 πᾶσαν
1094 1903 1244 1956 μορφάν.
1275 1903 1338 1941 τὰν

289 1958 326 1998 δὲ
348 1959 429 2012 περὶ
453 1958 499 1996 τὰ
524 1958 675 2010 σώματα
704 1959 871 2013 μεριστὰν
901 1954 995 2009 εἶμεν
1027 1977 1089 2000 και
1113 1967 1177 2005 τᾶς
1204 1962 1338 2015 θατέρω

288 2034 422 2071 φυσιος.
479 2018 749 2079 ποταγορεύοντι
780 2019 816 2058 δὲ
845 2019 908 2058 τὰν
932 2019 1018 2059 ὕλαν
1034 2021 1156 2083 τόπον
1178 2022 1238 2060 καὶ
1262 2038 1338 2074 γω-

290 2093 369 2130 ραν.
428 2077 499 2117 Δύο
522 2080 570 2116 ὠν
593 2078 668 2117 αιδε
698 2079 807 2132 ἀρχαὶ
837 2079 1008 2127 ἐναντίαι,
1032 2085 1073 2118 ἁν
1102 2081 1142 2120 τὸ
1165 2081 1227 2132 μὲν
1249 2075 1339 2125 εἶδος

287 2136 428 2189 λόγον’
409 2153 483 2189 εχει
511 2136 653 2190 ἄρρενός
673 2153 709 2176 τε
726 2137 786 2177 καὶ
781 2138 957 2199 πατρός,
978 2140 1000 2177 ἆ
1021 2141 1049 2178 δ’
1071 2139 1136 2178 ύλα
1165 2140 1285 2187 θήλεός
1301 2157 1339 2180 τε

289 2197 350 2234 καὶ
377 2195 542 2249 ματέρος·
573 2195 675 2249 τρίτα
703 2196 739 2235 δὲ
769 2200 865 2248 εἶμεν
896 2196 940 2235 τὰ
970 2199 1010 2236 ἐκ
1029 2197 1169 2237 τούτων
1197 2199 1337 2251 ἔκγονα.

1566 321 1889 404 TIMAEI
1952 318 2256 406 LOCRI

1501 494 1612 562 DE
1677 491 1970 564 ANIMA
2041 493 2333 564 MUNDI

1706 658 1794 708 ET
1831 656 2125 710 NATURA.

1399 953 1478 1007 τρία
1506 953 1541 992 δὲ
1567 953 1650 992 ὄντα
1675 953 1768 1006 τρισὶ
1798 953 2047 1007 γνωρίζεσθαι,
2068 954 2131 993 τὰν
2155 954 2218 1005 μὲν
2253 953 2352 993 ἰδέαν
2376 953 2445 1007 νόῳ

1396 1014 1475 1052 κατ’
1496 1014 1713 1065 ἐπιστάμαν,
1737 1013 1800 1052 τὰν
1821 1015 1850 1051 δ’
1872 1014 1957 1053 ὕλαν
1977 1016 2137 1088 λογισμῷ
2165 1015 2252 1068 νόθῳ
2269 1017 2320 1067 τῷ
2336 1014 2445 1066 μήπω

1399 1075 1480 1112 κατ’
1510 1073 1699 1126 εὐθυωρίαν
1726 1075 1874 1120 νοῆσθαι
1895 1072 1986 1112 ἀλλὰ
2012 1075 2089 1113 κατ’
2117 1074 2305 1126 ἀναλογίαν
2315 1103 2328 1123 ,
2350 1074 2395 1113 τὰ
2413 1075 2444 1112 δ’

1400 1132 1697 1193 οἰπογεννοίματαω
1698 1132 1840 1179 αἰσΟήσι
1866 1149 1927 1172 και
1947 1131 2044 1185 δόξα.

1452 1194 1474 1243 S
1502 1206 1532 1233 2.
1563 1192 1692 1244 Πριν’
1672 1208 1719 1230 ων
1741 1191 1872 1245 ὢρανὸν
1891 1190 2053 1244 γενέσθαι
2071 1191 2208 1246 λόγῳ”
2184 1208 2297 1240 ηστην
2317 1192 2392 1232 ἰδέα
2409 1209 2447 1232 τι

1397 1251 1457 1290 καὶ
1485 1251 1552 1290 ὅλα
1580 1250 1641 1290 καὶ
1672 1254 1691 1289 ὃ
1712 1250 1785 1296 θεὸς
1814 1251 2035 1325 δαμιουργὸς
2053 1255 2104 1291 τῶ
2131 1251 2314 1305 βελτίονος.
2370 1252 2447 1292 ἐπεὶ

1400 1310 1435 1349 δὲ
1469 1310 1509 1350 τὸ
1538 1310 1774 1364 πρεσὸύτερον
1808 1310 1936 1365 κάῤῥον
1966 1310 2040 1350 ἐστι
2062 1314 2112 1349 τῶ
2135 1311 2294 1365 νεωτέρω
2322 1328 2382 1351 και
2407 1312 2447 1351 τὸ

1402 1371 1614 1423 τεταγμένον
1639 1371 1707 1437 πρὸ
1723 1374 1773 1410 τῶ
1795 1373 1955 1420 ἀτάκτω,
1976 1370 2140 1423 ἀγαθὸς
2119 1387 2166 1409 ων
2183 1373 2201 1409 ὃ
2215 1370 2288 1415 θεος
2304 1372 2392 1422 ὁρῶν
2409 1387 2447 1410 τε

1402 1448 1467 1471 ταν
1487 1430 1572 1470 ὕλαν
1602 1423 1796 1483 δεχομέναν
1812 1431 1874 1469 τὰν
1894 1430 1988 1470 ἰδέαν
2015 1431 2075 1470 καὶ
2091 1428 2344 1480 ἀλλοιουμέναν
2359 1446 2447 1468 παν-

1398 1492 1499 1536 τοίως
1514 1490 1598 1543 μέν,
1622 1490 1783 1535 ἀτάκτως
1797 1490 1856 1542 δέ,
1880 1491 1972 1538 ἕδῆτ’
1991 1492 2024 1534 ἐς
2043 1489 2138 1535 τάξιν
2160 1489 2309 1528 marine*
2285 1506 2367 1543 αγεν
2387 1490 2447 1530 καὶ

1401 1551 1436 1596 ἐξ
1458 1550 1630 1604 ἀορίστων
1649 1550 1883 1600 μεταὸολᾶν’
1869 1566 1901 1593 ες
1921 1548 2120 1603 ὡρισμέναν
2137 1556 2386 1599 καταστᾶσαι,
2402 1550 2446 1588 ἵν’

1399 1610 1563 1662 ὁμόλογοι
1575 1625 1633 1648 ται
1649 1608 1838 1662 διακρίσιες
1853 1611 1923 1648 τῶν
1945 1609 2119 1660 σωμάτων
2138 1610 2287 1662 γίνοιντο
2306 1610 2368 1650 καὶ
2396 1614 2447 1671 μὴ

1399 1671 1479 1708 κατ’
1514 1669 1710 1720 αὐτόματον
1756 1668 1889 1720 τροπὰς
1938 1668 2109 1721 δέχοιντο.
2169 1668 2359 1718 Ἐποίησεν
2398 1672 2448 1708 ὠν

1400 1728 1497 1769 τόνδε
1513 1728 1572 1767 τὸν
1598 1728 1729 1779 κόσμον
1746 1728 1812 1775 ἐξ“
1794 1728 1935 1772 απάσας
1954 1735 2015 1772 τᾶς
2035 1727 2139 1776 ὕλας,
2159 1726 2238 1780 ὅρον
2259 1727 2362 1768 αὐτὸν
2380 1743 2446 1767 κα-

1400 1787 1619 1833 τασκευάξας
1638 1795 1700 1832 τᾶς
1715 1790 1766 1826 τῶ
1797 1787 1894 1833 ὄντος
1920 1787 2043 1841 φύσιος
2061 1787 2118 1826 διὰ
2137 1787 2176 1826 τὸ
2198 1781 2313 1826 τᾶλλα
2332 1787 2447 1827 πάντα

1401 1850 1435 1887 ἐν
1457 1849 1553 1901 αὑτῷ
1571 1849 1732 1900 περιέχεν
1744 1878 1755 1896 ,
1771 1846 1844 1895 ἕνα,
1865 1850 2034 1899 μονογενῆ
2048 1877 2058 1895 ,
2075 1846 2218 1895 τέλειον,
2235 1846 2394 1901 ἔμψυχόν
2411 1863 2448 1899 τε

1402 1907 1462 1945 καὶ
1492 1906 1651 1958 λογικόν·
1675 1905 1874 1959 (κρέσσονα
1894 1905 1961 1958 γὰρ
1981 1905 2064 1944 τάδε
2091 1905 2218 1958 ἀψύχω
2248 1905 2309 1944 καὶ
2335 1905 2451 1959 ἀλόγω

1402 1965 1519 2004 ἐστόν·
1532 1964 1543 2018 )
1562 1964 1778 2026 σφαιροειδὲς
1795 1966 1918 2015 σῶμα·
1934 1963 2143 2016 τελειότερον
2163 1964 2230 2017 γὰρ
2251 1965 2320 2003 τῶν
2334 1964 2450 2003 ἄλλων

1404 2024 1598 2077 σχημάτων
1629 2028 1671 2071 ἠν
1705 2039 1822 2063 τουτο.
1881 2023 2082 2075 Δηλόμενος
2103 2026 2151 2062 ὠν
2186 2025 2328 2076 ἄριστον
2361 2022 2450 2076 γέν-

1402 2099 1498 2134 ναμα
1534 2086 1661 2134 ποιῆν,
1692 2099 1812 2122 τουτον
1840 2083 1940 2129 ἕποίη
1965 2083 2040 2122 θεὸν
2070 2083 2257 2134 γεννατόν,
2288 2083 2328 2122 οὗ
2357 2099 2450 2123 ποκα

1403 2142 1687 2195 φθαρησούμενον
1703 2143 1762 2181 ὑπ’
1778 2141 1876 2181 ἄλλω
1890 2141 1992 2181 αἰτίω
2006 2141 2071 2188 ἔξω
2087 2144 2137 2180 τῶ
2166 2141 2271 2181 αὐτὸν
2291 2141 2453 2187 ξυντετα-

1402 2203 1520 2254 γμένω
1548 2204 1637 2251 θεῶ,
1673 2201 1704 2240 εἴ
1735 2216 1827 2240 ποκα
1859 2201 2002 2247 ἐδήλετο
2034 2200 2137 2240 αὐτὸν
2162 2201 2315 2241 διαλύεν.
2373 2200 2452 2240 ἀλλ’

336 2343 354 2384 §
381 2346 408 2376 1.
440 2343 581 2376 Timaeus
613 2345 740 2376 Locrus
775 2344 846 2376 liaec
882 2344 985 2384 dixit,

298 2403 441 2435 omnium
455 2411 568 2435 causas
578 2427 588 2443 ,
603 2404 746 2436 mentem
763 2403 893 2444 quidem
911 2413 1022 2437 earum
1038 2414 1112 2446 quae
1125 2406 1248 2438 ratione
1262 2415 1343 2448 qua-

296 2463 370 2494 dam
390 2465 577 2503 nascuntur,
611 2462 838 2495 necessitatem
861 2472 939 2495 vero
968 2473 1078 2496 earum
1098 2473 1171 2506 quae
1194 2465 1343 2498 violentia

294 2522 435 2563 quadam
455 2531 515 2564 pro
530 2531 701 2562 corporum
720 2522 843 2555 viribus
862 2522 1034 2556 exsistunt.
1080 2525 1202 2556 Harum
1223 2533 1343 2565 rerum,

294 2582 327 2613 id
353 2585 400 2613 est
422 2583 544 2614 naturae
565 2582 746 2622 bonorum,
773 2583 932 2623 optimum
960 2591 1029 2616 esse
1047 2584 1209 2624 quoddam
1236 2594 1343 2617 reruni

295 2641 487 2681 optimarum
509 2641 699 2681 principium
715 2642 747 2673 et
767 2641 863 2673 deum
889 2642 1040 2683 appellari
1058 2655 1067 2675 :
1087 2651 1125 2683 ea
1141 2646 1250 2676 autem
1272 2653 1345 2685 quae

284 2701 540 2746 *consequuntur
565 2701 597 2732 et
615 2702 768 2741 tanquam
785 2701 959 2742 adjutrices
980 2711 1087 2735 causae
1107 2703 1285 2744 accedunt,
1305 2706 1345 2736 ad

297 2760 521 2792 necessitatem
549 2760 703 2793 revocari.
749 2762 863 2793 Omnia
887 2762 972 2794 enim
992 2771 1062 2794 esse
1088 2763 1213 2803 ideam,
1239 2768 1343 2796 mate-

298 2820 397 2859 riam,
417 2819 588 2859 sensibile,
622 2819 724 2851 veluti
744 2820 869 2852 illarum
889 2821 1014 2853 soetum.
1060 2823 1100 2854 Et
1116 2821 1199 2854 lianc
1215 2822 1344 2862 quidem

298 2888 367 2911 esse
380 2880 470 2911 ortus
485 2879 649 2919 expertem
667 2881 763 2918 atque
782 2880 980 2912 immobilem
1001 2881 1032 2912 et
1047 2881 1195 2913 stabilem
1216 2885 1248 2914 et
1262 2884 1343 2922 ejus-

304 2938 379 2970 dem
413 2939 556 2978 naturae,
585 2946 678 2977 porro
706 2938 940 2978 intelligibilem
970 2948 1144 2981 rerumque
1165 2941 1345 2981 genitarum

299 3006 374 3039 quae
394 2998 548 3038 perpetuo
574 2997 741 3028 mutantur
757 2998 920 3037 exemplar
941 3011 949 3030 :
972 3007 1046 3030 nani
1067 2999 1249 3040 liuJusmodi
1270 3001 1346 3041 quid

299 3057 403 3090 ideam
425 3055 488 3087 dici
503 3057 536 3088 et
560 3058 669 3087 mente
686 3056 925 3096 comprehendi.
971 3058 1136 3090 Materiam
1154 3063 1261 3091 autem
1278 3069 1347 3092 esse

300 3125 483 3158 expressum
513 3124 620 3147 rerum
644 3115 852 3146 simulacrum
874 3117 907 3147 et
929 3117 1063 3148 matrem
1083 3118 1116 3149 et
1131 3119 1290 3150 nutricem
1315 3121 1346 3151 et

301 3176 342 3208 ad
362 3174 600 3216 generationem
613 3174 716 3206 tertioe
732 3174 881 3206 essentiae
894 3177 1004 3215 aptam
1023 3185 1032 3207 ε
1051 3186 1151 3217 quum
1167 3177 1251 3209 enim
1267 3178 1346 3210 ima-

301 3236 387 3276 gines
415 3243 522 3266 rerum
546 3233 727 3274 conceperit
745 3234 842 3274 atque
870 3234 1046 3274 effinxerit,
1072 3235 1129 3266 hos
1160 3245 1230 3267 eam
1251 3237 1347 3269 ioetus

302 3294 488 3335 producere.
534 3294 626 3324 Hanc
647 3301 723 3324 vero
752 3293 921 3324 materiam
951 3293 1055 3333 ajebat
1083 3303 1152 3326 esse
1180 3297 1347 3336 sempiter-

302 3362 396 3393 nam,
417 3362 476 3384 nec
492 3354 598 3384 tamen
621 3351 837 3392 immobilem,
854 3353 1130 3393 atqueinsormem
1145 3353 1273 3394 quidem
1294 3365 1348 3395 per

305 3421 339 3443 se
357 3415 387 3443 et
412 3412 547 3450 rudem,
567 3411 620 3443 sed
639 3411 743 3443 omnis
766 3411 876 3443 formae
893 3421 1053 3452 capacem.
1098 3414 1257 3445 Praeterea
1277 3423 1346 3446 eam

306 3471 389 3502 circa
404 3480 536 3512 corpora
554 3471 715 3503 dividuam
733 3479 802 3518 esse
822 3471 854 3503 et
864 3469 995 3502 alterius
1004 3470 1128 3502 naturae
1146 3470 1342 3511 participem.

1022 2345 1103 2378 duas
1135 2355 1203 2379 esse
1235 2356 1342 2379 rerum
1376 2348 1379 2358 ²

1405 2348 1581 2381 Nominant
1601 2349 1711 2380 autem
1741 2347 1908 2379 materiam
1928 2347 2036 2379 locum
2068 2350 2099 2379 et
2117 2347 2240 2380 sedem.
2285 2348 2359 2379 Duo
2383 2348 2454 2382 baec

1406 2408 1503 2449 igitur
1520 2409 1597 2440 sunt
1617 2408 1776 2440 contraria
1792 2406 1949 2448 principia
1960 2430 1970 2447 ,
1987 2415 2006 2439 e
2025 2406 2143 2447 quibus
2156 2407 2281 2448 species
2305 2408 2403 2440 maris
2420 2410 2454 2441 et

1407 2468 1529 2509 patris,
1554 2467 1686 2500 materia
1706 2467 1833 2500 feminae
1859 2467 1893 2499 et
1913 2467 2024 2499 matris
2055 2467 2156 2499 vicem
2181 2467 2333 2500 obtinet:
2357 2469 2454 2501 tertio

1408 2528 1480 2560 loco
1502 2537 1571 2560 esse
1589 2528 1685 2560 soetus
1706 2536 1748 2560 ex
1764 2527 1814 2559 his
1841 2529 2025 2569 prognatos.
2070 2530 2178 2566 Quum
2201 2537 2277 2561 vero
2299 2529 2370 2561 lioec
2393 2531 2453 2563 tria

1408 2587 1491 2626 sint,
1526 2587 1632 2619 tribus
1661 2595 1790 2628 quoque
1819 2586 1924 2618 modis
1951 2587 2124 2628 cognosci.
2153 2587 2293 2628 speciem
2320 2587 2452 2628 quidem

1408 2648 1517 2678 mente
1541 2654 1580 2678 ac
1616 2646 1767 2685 scientia,
1796 2647 1962 2678 materiam
2000 2645 2165 2678 subditiva
2193 2646 2450 2686 ratiocinatione,

1407 2703 1495 2744 quod
1512 2712 1577 2735 non
1604 2706 1691 2735 recta
1710 2703 1754 2735 rei
1782 2703 2083 2743 animadversione,
2103 2703 2158 2736 sed
2181 2713 2223 2736 ex
2247 2704 2452 2746 proportione

1405 2764 1546 2804 quadam
1576 2764 1778 2805 intelligatur,
1809 2763 1952 2795 sobolem
1973 2763 2113 2804 denique
2137 2763 2264 2805 illorum
2282 2763 2451 2805 parentum

1405 2832 1500 2855 sensu
1518 2826 1549 2855 et
1569 2822 1727 2864 opinione.

1446 2883 1466 2924 §
1490 2888 1520 2916 2.
1544 2886 1724 2924 Antequam
1738 2883 1836 2924 igitur
1852 2883 1969 2915 coelum
1986 2883 2142 2923 exstaret,
2157 2882 2257 2914 verbo
2270 2883 2361 2916 erant
2381 2892 2451 2924 spe·

1405 2942 1468 2974 cies
1493 2946 1525 2974 et
1552 2943 1684 2974 materia
1701 2945 1798 2983 atque
1822 2942 1876 2974 ille
1902 2951 2011 2974 rerum
2036 2942 2206 2974 meliorum
2226 2941 2334 2982 opifex
2360 2941 2451 2975 deus.

1405 3001 1672 3042 Quandoquidem
1691 3003 1798 3033 autem
1814 3001 1908 3032 aetate
1931 3000 2019 3040 prius
2035 2999 2202 3041 posteriori
2221 3001 2254 3031 et
2270 2999 2452 3033 ordinatum

1407 3059 1589 3090 inordinato
1617 3059 1766 3099 praestat,
1787 3057 1866 3089 dens
1891 3066 1992 3097 quum
2015 3058 2100 3089 esset
2129 3056 2234 3088 bonus
2267 3056 2453 3098 videretque

1409 3116 1575 3148 materiam
1593 3116 1764 3148 admittere
1783 3116 1918 3147 sormam
1935 3115 1968 3146 et
1987 3115 2104 3146 mutari
2124 3114 2211 3146 varie
2227 3114 2378 3156 quidem,
2396 3115 2451 3147 sed

1407 3178 1609 3219 inordinate,
1627 3186 1759 3210 necesse
1779 3176 1917 3209 habebat
1933 3184 2003 3208 eam
2022 3175 2054 3207 in
2077 3175 2221 3207 ordinem
2240 3162 2380 3216 digerere
2398 3176 2451 3209 at-

1406 3246 1470 3278 que
1486 3246 1526 3269 ex
1551 3236 1686 3269 infinitis
1712 3235 1944 3269 mutationibus
1959 3235 1999 3266 ad
2019 3236 2140 3266 certam
2158 3234 2343 3275 finitamque
2363 3234 2450 3267 redi·

1407 3306 1501 3336 gere,
1531 3300 1567 3328 ut
1597 3305 1767 3337 corporum
1798 3294 1983 3327 discrimina
2013 3296 2086 3334 apte
2118 3293 2346 3334 responderent
2370 3302 2452 3325 neve

1407 3357 1528 3387 temere
1544 3355 1808 3387 conversionibus
1824 3353 1967 3386 obnoxia
1986 3354 2100 3385 esseut.
2146 3353 2240 3383 nunc
2259 3360 2336 3392 ergo
2355 3361 2449 3384 mun-

1407 3414 1483 3445 dum
1512 3423 1552 3446 ex
1577 3415 1665 3446 omni
1696 3413 1829 3446 materia
1857 3413 2034 3454 procreavit
2062 3411 2142 3443 deus
2176 3420 2315 3451 eumque
2343 3419 2450 3443 rerum

1410 3477 1533 3505 naturae
1554 3473 1724 3510 terminum
1746 3473 1912 3505 constituit
1933 3472 2098 3514 propterea
2113 3469 2199 3511 quod
2213 3474 2327 3503 caetera
2342 3469 2450 3502 omnia

1360 3540 1408 3571 38
