2638 3840
294 277 367 312 ¹⁴8

293 370 371 405 ret,
398 357 562 403 addidit,
596 356 715 395 solam
747 366 824 393 esse
857 365 942 403 quae
970 364 1030 390 res
1061 347 1323 401 impossibiles

292 418 482 467 redigeret
513 416 559 454 ad
591 413 817 467 possibilem
853 410 1087 448 facilitatem.
1121 408 1319 447 Praeclare.

293 476 395 523 Quid
421 477 523 513 ¹enim
546 485 767 524 generosam
789 468 1140 519 magnanimitatem
1167 466 1228 504 vel
1258 479 1323 516 ag·

297 534 403 583 gredi
434 534 583 585 pigeat,
606 531 666 568 vel
697 538 863 580 coeptum
896 526 1046 575 fatiget,
1078 534 1120 563 ut
1143 533 1322 576 tanquam

292 594 391 631 victa
414 589 704 630 difficultatibus
735 594 917 637 temperet
947 598 968 622 a
999 584 1157 622 labore?
1184 583 1322 621 Eadem

293 660 372 696 est,
394 651 551 702 opinor,
574 649 634 686 vis
654 646 830 684 amicitia?
850 657 996 696 parque
1021 642 1322 693 impossibilium

292 723 398 761 paene
427 722 554 746 rerum
589 705 813 750 extricatio,
845 716 963 753 quum
995 702 1090 739 alter
1116 714 1164 739 ex
1192 701 1325 739 amicis

287 768 450 819 jubendi
475 766 682 814 religione,
707 763 802 800 alter
829 760 991 813 parendi
1021 769 1133 807 voto,
1156 760 1324 811 compla-

293 828 358 865 citi
379 827 508 877 operis
527 824 853 862 adminiculentur
872 821 1064 860 effectum.
1085 820 1326 870 Conceperas

292 886 420 923 animo
445 885 601 921 florente
618 880 800 918 omnibus
823 880 964 917 studiis
982 878 1240 917 humanitatis
1260 891 1322 915 ex·

292 938 519 987 cellentique
548 935 705 984 ingenio
726 941 791 970 tuo
816 945 921 983 spem
949 932 1105 982 dignam
1132 940 1325 983 proventu

291 996 421 1046 operis
440 994 485 1031 ad
506 994 577 1030 hoc
598 1002 747 1043 tempus
767 991 943 1029 intentati
960 1020 969 1037 ‚
990 990 1151 1041 ejusque
1171 1003 1279 1028 usum
1305 1003 1326 1027 a

292 1054 438 1091 Graecis
464 1052 572 1089 Latio
606 1050 858 1102 mutuandum
891 1058 1091 1087 statueras.
1116 1048 1161 1086 Et
1190 1061 1325 1099 quam-

291 1126 403 1162 quam
439 1112 521 1162 ipse
549 1111 622 1148 hoc
655 1123 740 1147 cum
771 1109 940 1154 facilius,
974 1117 1052 1146 tum
1083 1108 1325 1147 commodius

293 1172 415 1207 facere
435 1182 589 1220 posses,
609 1168 726 1206 credo
746 1177 906 1219 propter
927 1166 1194 1205 admirabilem
1215 1180 1327 1205 vere-

291 1230 493 1277 cundiam,
513 1230 547 1266 ei
568 1229 698 1280 potius
716 1227 886 1264 maluisti
907 1226 1131 1276 injungere,
1157 1239 1271 1277 quem
1293 1235 1328 1265 te

291 1300 373 1325 esse
389 1287 547 1324 alterum
560 1286 770 1337 judicares.
788 1285 1000 1322 'possemne
1012 1314 1022 1332 ‚
1040 1298 1110 1323 oro
1126 1294 1176 1331 te,
1193 1298 1326 1336 quam·

291 1344 351 1382 vis
382 1357 442 1382 res
472 1352 572 1382 esset
605 1344 751 1392 ardua,
779 1351 883 1381 tanto
921 1342 1068 1380 honore
1091 1341 1250 1390 habito,
1281 1343 1329 1382 de

291 1417 369 1455 quo
385 1402 439 1441 ita
456 1415 650 1454 senseras,
671 1402 887 1453 injunctum
903 1413 1090 1439 excusare
1108 1401 1274 1440 munus?
1292 1409 1330 1439 et

1155 260 1224 300 DE
1253 257 1547 322 anqumo.

1385 347 1453 399 qui
1478 359 1680 398 nunquam
1693 375 1704 394 ,
1728 359 1777 385 ne
1792 346 1835 385 in
1853 346 2081 387 solennibus
2096 347 2254 399 quidem
2273 356 2312 387 et
2338 345 2423 388 usi·

1385 406 1475 444 tatis
1503 404 1774 444 voluntatibus
1806 405 1929 444 ullum
1963 406 2135 445 officium
2166 419 2422 454 recusassem,

1385 464 1477 502 huic
1502 473 1609 502 tanto
1639 473 1794 516 tamque
1819 465 1983 504 honesto
2011 465 2204 504 desiderio
2228 465 2423 504 contradi-

1386 524 1502 561 cere?
1524 523 1568 561 ln
1594 536 1673 574 quo
1699 522 1907 562 declinatio
1923 524 2088 575 speciosi
2109 526 2282 563 muneris
2308 537 2424 563 excu-

1386 581 1535 619 satione
1552 581 1806 632 ignorationis
1824 582 1965 621 callida
1986 591 2086 621 esset
2104 583 2276 622 scientiae
2293 583 2422 622 sutura

1387 640 1602 681 simulatio.
1639 640 1775 692 ltaque
1801 641 1938 693 parui,
1966 650 2113 690 certus,
2147 655 2223 680 non
2253 642 2337 680 sine
2365 641 2424 681 di-

1387 698 1480 735 vino
1514 698 1699 738 instinctu
1734 698 1775 737 id
1807 699 1902 738 mihi
1935 712 1958 738 a
1994 708 2030 739 te
2066 713 2206 739 munus
2253 699 2423 751 injungi.

1386 755 1672 808 Propter-eaque
1704 757 1873 796 alaciore
1899 766 2025 796 mente
2054 771 2199 810 speque
2218 758 2427 797 confirma-

1388 815 1486 854 tiore
1513 818 1658 866 primas
1686 825 1816 868 partes
1836 817 1870 855 T
1874 818 1976 856 imaei
1998 818 2172 857 Platonis
2198 829 2424 868 aggressus,

1388 887 1465 912 non
1500 875 1623 914 solum
1646 877 1846 924 transtuli,
1876 877 1942 915 sed
1961 877 2077 915 etiam
2102 877 2225 928 partis
2252 876 2426 928 ejusdem

1388 934 1707 973 commentarium
1730 935 1801 973 feci
1822 950 1831 973 ε
1849 944 1988 987 putans
2007 936 2217 974 reconditae
2234 935 2291 973 rei
2307 934 2428 985 simu-

1387 993 1531 1030 lacrum
1568 993 1652 1031 sine
1683 994 2020 1044 interpretationis
2051 994 2324 1046 explanatione
2358 987 2428 1031 ali-

1387 1060 1532 1102 quanto
1552 1050 1757 1090 obscurius
1777 1053 1863 1103 ipso
1890 1053 2070 1104 exemplo
2098 1053 2283 1091 futurum.
2304 1051 2430 1091 Causa

1387 1123 1483 1148 vero
1503 1110 1543 1148 in
1572 1119 1700 1161 partes
1731 1110 1934 1149 dividendi
1964 1111 2058 1149 libri
2087 1111 2218 1163 operis
2240 1111 2313 1149 suit
2331 1123 2427 1162 pro-

1387 1169 1541 1216 lixitas,
1561 1169 1757 1219 simulque
1787 1169 1893 1220 quod
1915 1170 2068 1208 c'autius
2091 1169 2300 1208 videbatur
2317 1182 2402 1208 esse
2417 1201 2427 1217 ,

1389 1228 1422 1265 si
1458 1236 1640 1278 tanquam
1676 1227 1847 1266 libamen
1876 1228 2034 1278 aliquod
2071 1228 2118 1267 ad
2147 1228 2429 1278 degustandum

1388 1285 1550 1324 auribus
1570 1294 1685 1337 atque
1706 1287 1837 1324 animo
1857 1295 1924 1325 tuo
1942 1287 2132 1325 mitterem
2145 1316 2156 1336 ,
2173 1285 2279 1338 quod
2300 1285 2334 1326 si
2350 1299 2429 1324 non

1388 1344 1635 1396 displicuisse
1660 1345 1955 1394 rescriberetur,
1977 1347 2120 1383 faceret
2145 1344 2315 1386 audendi
2349 1357 2430 1383 ma-

1388 1401 1478 1453 jora
1504 1403 1699 1443 fiduciam.
