2638 3840
0 2853 9 2898 ὲ

0 2898 10 2985 22³

293 816 300 822 ,
314 784 333 807 ‹
336 769 428 808 odd.
462 770 574 806 αὐτων
596 765 793 818 μερέων.

314 276 360 306 zo
1156 261 1620 302 PYTHAGOREORUM

311 354 425 393 νίοντα
442 361 504 398 τᾶς
523 353 674 396 κτάσιος.
748 355 812 392 Τῶ
833 351 868 390 δὲ
898 353 1089 402 συγγενικῶ
1110 349 1170 388 καὶ
1199 352 1356 402 οἰκῃακῶ

312 413 432 466 μέρεος
450 416 499 452 τῶ
522 411 693 464 ἀνθρώπω
717 411 851 464 τριττὸν
872 411 911 450 τὸ
928 405 1026 454 εἶδος·
1048 408 1087 447 τὸ
1109 407 1172 459 μὲν
1193 409 1260 461 γάρ
1288 409 1358 447 ἐντι

311 472 431 525 ἄρχον,
451 472 491 511 τὸ
521 473 550 510 δ’
570 470 784 524 ἀρχόμενον,
806 470 845 509 τὸ
871 469 899 507 8'
923 469 1102 521 ἐπίκουρον
1124 470 1172 506 τῶ
1192 466 1276 505 οἴκω
1299 466 1359 505 καὶ

312 537 373 575 τᾶς
397 531 607 604 συγγενείας·
639 530 699 568 καὶ
721 530 827 603 ἄρχον
850 528 912 580 μὲν
930 531 947 566 6
969 527 1081 580 ἀνήρ,
1105 526 1300 580 ἀρχόμενον
1322 526 1351 565 δ’

314 591 336 628 ἆ
369 590 478 641 γυνά,
513 589 694 641 επίκουρον
725 590 759 627 δὲ
779 588 818 626 τὸ
837 586 999 638 γεννατὸν
1020 589 1059 626 ἐκ
1077 586 1222 626 τούτων.

391 649 587 710 (Stobaeus
617 649 719 686 1⁴10r.
762 647 948 697 LXXXV,
994 649 1055 686 16.
1101 645 1315 684 Emendavi
1347 661 1357 684 ι

313 709 395 748 ῧτὸν
418 708 480 759 μὲν
501 711 547 746 ὠν
564 711 675 755 οἰκονς
697 708 789 745 libri
809 722 848 744 το
869 706 931 757 μὲν
948 704 1070 746 ὅλονῆ)
1093 707 1187 744 αὐτῶ
1205 704 1358 758 μερέων;

834 767 947 813 αὐτῶ;
993 765 1107 804 codd.
1149 766 1256 808 αὐτᾶς
1296 766 1358 803 vel

314 825 472 866 οιύτῶνΆ1
505 826 739 878 πολυάριθμος
774 839 861 863 cum
896 825 1067 872 Orellio;
1090 824 1206 863 codd.
1243 823 1359 871 πολή-

316 891 434 939 ριθμος
475 886 535 924 vel
566 884 794 936 πολύριθμος.
818 889 833 907 ⁰
863 887 968 922 ποοῧν
1015 898 1102 922 cum
1143 884 1354 931 Meineki03

314 947 406 984 libri
453 947 557 984 ποιεῖ.
583 943 596 966 ¹
631 944 892 996 συμπλαρώσι;
937 944 1051 984 codd.
1093 943 1347 996 συμπλαρώσει

315 1010 331 1035 8
346 1005 571 1058 περικόπτεν;
592 1003 686 1042 libri
712 1002 946 1056 περικόπτειν.
966 1002 984 1026 ¹¹
1007 1004 1236 1057 περιτέμνεν;
1268 1003 1362 1041 libi-1

315 1063 569 1116 περιτέμνειν.)

371 1123 418 1175 β’.
439 1119 545 1174 ’Ἔχει
566 1122 600 1160 δὲ
621 1121 660 1159 τὸ
684 1120 780 1173 ἴχνος
799 1126 900 1161 τοῦτο
915 1128 976 1166 τᾶς
997 1120 1245 1172 διακοσμάσιος
1265 1127 1357 1172 πρᾶ,

316 1197 372 1221 τον
392 1181 452 1220 καὶ
474 1179 574 1225 αὐτὸς
591 1183 609 1219 6
640 1179 819 1231 ἄνθρωπος
840 1181 873 1219 ἐν
891 1186 936 1234 τᾷ
956 1180 1130 1233 διοιιρέσι*ι
1155 1186 1216 1224 τᾶς
1234 1181 1362 1232 ψυχᾶς·

316 1241 445 1284 ταύτας
476 1239 542 1292 γὰρ
557 1238 573 1262 b
594 1241 611 1277 6
642 1237 703 1288 μέν
728 1239 761 1277 τί
788 1241 859 1277 ἐντι
878 1239 1064 1291 λογισμός,
1097 1241 1114 1277 6
1134 1238 1170 1277 δὲ
1192 1239 1323 1288 θυμός,
1346 1240 1363 1275 6

316 1301 352 1339 δὲ
373 1298 552 1351 ἐπιθυμία.
622 1297 668 1337 ‘O
698 1297 770 1349 μὲν
782 1301 829 1337 ὠν
861 1298 1026 1350 λογισμὸς
1052 1297 1280 1337 οἷκοδεσπότα
1305 1297 1365 1335 καὶ

317 1359 459 1411 ἄρχοντι
477 1358 696 1410 ποτεμφερής
719 1360 812 1406 ἐντι,
833 1357 1065 1411 πρεσὸύτερός
1087 1373 1124 1396 τε
1143 1357 1211 1409 γάρ
1231 1358 1302 1396 ἐντι
1321 1363 1365 1410 τᾷ

317 1417 422 1472 <poetic
455 1418 515 1457 καὶ
540 1424 585 1470 τᾷ
609 1418 741 1469 γενέσι,
761 1417 1072 1465 διανοητικώτατος
1107 1418 1167 1455 καὶ
1196 1417 1366 1468 διακριτι-

321 1477 486 1521 κώτατος·
517 1478 539 1516 ἆ
559 1478 588 1515 δ’
610 1477 800 1528 ἐπιθυμία,
834 1480 920 1516 θᾶλυ
942 1478 1002 1516 καὶ
1023 1476 1146 1529 νεαρὸν
1172 1477 1232 1515 καὶ
1262 1476 1364 1527 ὑγρὸν

317 1537 425 1580 πάθος
443 1537 643 1590 ὑπάρχοισα
673 1539 771 1589 ψυχᾷ
791 1543 835 1590 τᾷ
857 1537 995 1588 γυναικὶ
1023 1534 1210 1589 ποτιφερής
1240 1535 1322 1572 ἐντι·
1349 1536 1367 1572 6

318 1595 355 1634 δὲ
370 1594 498 1646 θυμός,
518 1598 627 1648 δρμᾶς
647 1595 706 1633 καὶ
726 1595 836 1639 ζέσιος
851 1595 976 1646 μεστὸς
998 1593 1062 1632 ἐὼν
1082 1594 1142 1633 καὶ
1165 1593 1365 1631 συνακούων

317 1656 377 1695 καὶ
393 1657 634 1695 ἐπακολουθῶν
655 1655 824 1699 πολλάκις
847 1658 896 1708 τῷ
915 1656 1074 1707 λογισμῷ
1094 1653 1180 1706 ἢτῷ
1194 1655 1242 1706 νῷ
1254 1682 1264 1702 ,
1286 1668 1366 1690 νεα-

317 1714 400 1768 νίοιι(1
423 1715 687 1766 ποθωμοίωται.
763 1714 800 1753 ‘A
819 1714 880 1765 μὲν
900 1713 967 1766 γὰρ
994 1713 1100 1764 μονάς
1120 1714 1190 1751 ἐντι
1215 1713 1255 1752 τὸ
1280 1728 1366 1764 γεν-

340 1777 362 1785 ‘⁹
452 1774 461 1790 λ
531 1774 538 1787 Ι
650 1774 661 1789 C
710 1775 716 1788 l
745 1775 759 1787 ἢ
787 1773 796 1789 ἲ
869 1774 877 1786 ἲ
1021 1773 1029 1785 3
1122 1773 1130 1785 ἲ
1240 1771 1248 1784 Ι
1357 1775 1385 1795 .ο

317 1790 385 1813 νων
406 1790 465 1813 και
486 1777 596 1827 ὁριζον
613 1805 624 1823 ,
644 1791 665 1812 α
686 1775 721 1811 δε
742 1788 824 1817 ουας
846 1789 885 1812 το
922 1776 1056 1826 ὁριστον
1076 1788 1135 1811 και
1156 1774 1352 1824 ὃριζομενον

318 1834 378 1872 καὶ
394 1833 433 1872 τὸ
454 1833 515 1885 μὲν
531 1832 690 1885 περιττὸν
711 1834 829 1880 ε’κιτᾶς
844 1834 922 1870 καθ’
940 1830 1024 1870 αὑτὸ
1037 1830 1173 1884 φύσιος,
1189 1830 1228 1868 τὸ
1248 1829 1282 1868 δὲ
1301 1830 1362 1883 ἄρ·

318 1908 389 1932 τιον
410 1894 449 1931 ἐκ
468 1899 529 1936 τᾶς
549 1892 634 1945 πρός
655 1907 700 1931 τι·
721 1893 807 1930 διότι
826 1891 865 1930 τὸ
883 1891 945 1942 μὲν
963 1892 1002 1929 ἐκ
1018 1897 1080 1934 τᾶς
1101 1891 1178 1928 καθ’
1199 1889 1282 1927 αὑτὸ
1303 1890 1365 1942 φύ-

319 1967 390 1996 σιος
412 1951 587 2004 περαίνει,
606 1951 646 1990 τὸ
666 1950 702 1989 δὲ
728 1951 844 2004 ἄρτιον
867 1954 904 1990 ἐκ
922 1957 983 1994 τᾶς
1002 1949 1086 2002 πρός
1113 1965 1162 1989 τι.
1248 1948 1308 1987 καὶ
1328 1948 1366 1987 τὸ

320 2011 381 2063 μὲν
400 2011 490 2051 κατὰ
508 2010 674 2063 περισσὰς
691 2009 808 2063 χώρας
829 2010 1021 2049 συντάσσον
1050 2008 1242 2059 ἐξομοιάζει
1260 2010 1366 2060 αὑτῷ,

319 2071 358 2109 τὸ
376 2070 411 2108 δὲ
440 2070 541 2122 μόνον
570 2067 690 2122 ὥσπερ
727 2069 792 2107 ὅλα
823 2067 1063 2118 ὑποκείμενον.
1123 2066 1168 2106 ‘O
1195 2067 1230 2104 δὲ
1266 2067 1367 2110 αὐτὸς

320 2129 418 2181 λόγος
437 2129 496 2167 καὶ
518 2128 574 2167 ἐπὶ
589 2134 651 2166 τᾶν
668 2133 835 2180 γραμμᾶν
851 2127 910 2166 καὶ
930 2126 1083 2180 χωρίων.
1155 2126 1193 2165 τὸ
1212 2125 1276 2177 μὲν
1299 2125 1366 2176 γὰρ

320 2188 534 2241 τετράγωνον
558 2187 662 2241 ὁρίζει
685 2187 743 2225 καὶ
780 2187 965 2226 συντάσσει
979 2216 988 2234 ,
1021 2186 1059 2224 τὸ
1094 2187 1123 2224 δ’
1158 2186 1368 2238 ἑτερόμακες

324 2249 442 2301 ὥσπερ
465 2247 530 2286 ὕλα
552 2247 765 2299 ὑποκειμένα
786 2248 936 2300 ὁρίζεται
954 2247 1012 2285 καὶ
1033 2246 1289 2294 συντάσσεται,
1312 2262 1367 2284 τε-

322 2364 447 2403 oportet
461 2371 515 2403 per
528 2361 768 2401 legumlatorem
783 2368 1017 2401 supervacanea
1032 2358 1163 2390 resecari
1180 2367 1217 2390 ae
1231 2358 1368 2390 circum-

322 2422 383 2454 cidi
403 2424 439 2454 ut
458 2431 475 2453 a
497 2421 581 2453 bono
601 2420 735 2461 agricola
755 2419 883 2451 frondes
904 2419 1116 2451 luxuriantes.
1137 2418 1269 2458 Cognati
1291 2426 1366 2449 vero

323 2491 359 2513 ac
378 2480 544 2513 domestici
568 2479 736 2512 hominum
751 2479 871 2511 ordinis
898 2482 963 2510 tres
989 2479 1064 2510 sunt
1089 2478 1209 2518 species
1237 2486 1244 2508 ι
1268 2476 1369 2518 prima

323 2541 406 2573 enim
428 2540 582 2581 imperat,
597 2540 695 2571 altera
718 2541 819 2579 paret,
838 2538 928 2570 tertia
950 2537 1114 2569 auxiliaris
1129 2540 1175 2568 est
1194 2536 1321 2568 familiae
1339 2539 1371 2567 et

324 2599 503 2640 cognationi
519 2611 526 2631 ε
542 2600 573 2631 et
586 2599 719 2639 imperat
736 2597 865 2638 quidem
883 2597 1017 2629 maritus
1030 2621 1038 2636 ‚
1058 2599 1148 2637 paret
1161 2605 1256 2636 uxor,
1277 2595 1370 2627 auxi-

324 2664 422 2696 liatur
444 2672 519 2695 vero
534 2663 619 2703 quod
633 2672 671 2695 ex
692 2666 828 2704 utroque
842 2661 1042 2703 progenitum
1060 2662 1121 2693 est.

368 2724 407 2754 ll.
433 2721 536 2754 Habet
554 2722 638 2753 euim
665 2721 726 2753 hoc
759 2721 898 2762 primum
928 2720 1048 2753 ordinis
1079 2719 1250 2760 vestigium
1276 2719 1372 2751 etiam

327 2782 392 2822 ipse
408 2781 505 2812 homo
525 2781 554 2811 in
575 2780 672 2812 animi
690 2780 737 2812 sui
761 2780 911 2820 partibus.
957 2781 1038 2812 Sunt
1053 2779 1137 2811 enim
1155 2779 1255 2811 animi
1270 2782 1375 2820 partes

330 2841 431 2879 ratio,
458 2839 640 2879 iracundia,
664 2839 833 2880 cupiditas.
879 2839 971 2871 Ratio
998 2839 1128 2880 quidem
1157 2838 1375 2880 patrifamilias

331 2902 364 2932 ct
381 2899 514 2941 principi
531 2898 641 2930 similis
658 2900 726 2937 est,
748 2900 857 2939 utpote
875 2902 987 2930 natura
1004 2899 1109 2930 senior
1122 2901 1154 2931 et
1173 2899 1376 2939 generatione

332 2968 390 2991 sua
403 2958 442 2990 ad
464 2958 669 2998 cogitandum
687 2957 990 2999 dijudicandumque
1008 2959 1147 2990 maxime
1167 2959 1240 2999 apta
1258 2968 1266 2990 ε
1285 2958 1376 2998 cupi-

329 3018 412 3050 ditas
438 3027 513 3049 vero
538 3026 639 3057 quum
659 3017 700 3049 sit
728 3017 911 3057 muliebris,
944 3020 1050 3049 tenera
1078 3026 1116 3048 ac
1145 3017 1250 3049 mollis
1276 3017 1375 3049 animi

330 3079 482 3117 arrectus,
500 3076 664 3108 mulierem
683 3077 892 3116 repraesentat
904 3088 912 3116 ;
926 3075 1090 3107 iracundia
1106 3080 1233 3115 autem,
1252 3076 1371 3116 impetu

332 3147 369 3169 ac
395 3138 519 3169 fervore
551 3136 643 3177 plena
666 3139 697 3167 et
715 3135 828 3167 rationi
849 3137 905 3167 aut
936 3136 1035 3166 menti
1062 3135 1182 3175 saepius
1204 3144 1317 3175 pareus
1347 3138 1376 3167 et

332 3197 530 3237 obsequens,
548 3196 697 3236 ,iuvenem
723 3195 830 3227 refert.
877 3194 1001 3234 Quippe
1017 3195 1118 3226 altera
1132 3195 1258 3225 illarum
1278 3193 1376 3225 animi

334 3255 472 3296 partium
483 3255 588 3287 unitas
597 3259 645 3287 est
659 3264 731 3295 quae
747 3255 876 3294 generat
892 3263 928 3285 ae
945 3253 1068 3293 definit,
1084 3254 1182 3285 altera
1197 3261 1271 3284 vero
1283 3253 1374 3284 bina-

335 3315 400 3346 rius
414 3323 565 3346 numerus
581 3323 653 3354 quae
665 3313 772 3350 linitur
788 3321 824 3344 ac
838 3312 1046 3344 terminatur:
1067 3311 1119 3342 illa
1138 3311 1248 3351 suapte
1263 3312 1379 3342 natura

335 3374 437 3415 impar
453 3375 517 3414 est,
535 3374 605 3405 liaeo
629 3382 706 3405 vero
733 3381 787 3413 par
810 3373 840 3404 et
857 3371 984 3403 aliunde
1010 3370 1151 3411 pendens
1177 3383 1183 3402 :
1213 3371 1378 3410 propterea

335 3434 423 3474 quod
441 3434 493 3466 illa
516 3443 570 3475 per
586 3442 619 3465 se
638 3431 811 3474 perficitur,
826 3431 895 3463 lime
912 3430 950 3462 ab
970 3430 1043 3462 alio.
1090 3431 1130 3462 Et
1146 3428 1197 3460 illa
1221 3437 1275 3469 per
1293 3429 1379 3460 locos

337 3493 473 3535 impares
490 3493 664 3535 disponens
679 3501 728 3525 res
748 3491 809 3524 sibi
832 3490 1002 3531 assimilat,
1021 3490 1090 3522 lioec
1114 3488 1256 3521 materia:
1277 3487 1380 3519 solum

1418 350 1712 404 τραγωνιζόμενον
1734 350 1794 390 καὶ
1814 349 2046 401 ἐξισούμενον.
2080 355 2142 391 Δεῖ
2172 352 2206 390 δὲ
2232 351 2290 390 τὸν
2311 350 2465 403 μωσικὸν

1419 410 1604 460 μιμέεσθαι
1623 410 1680 448 τὸν
1701 409 1786 448 ἴδιον
1810 410 1907 449 τόνον
1929 417 1990 453 τᾶς
2023 417 2136 463 φωνᾶς
2157 410 2354 461 ἐκμαθόντα
2375 409 2465 450 οὕτω

1418 474 1603 519 πειρᾶσθαι
1623 468 1687 507 τὰν
1711 469 1821 520 μέσαν
1854 469 2085 519 καθιστάμεν,
2101 474 2116 492 ‘²
2150 469 2238 514 ὅκως
2258 469 2318 508 καὶ
2338 469 2395 510 ἐπὶ
2414 467 2461 508 τὰ

1420 527 1530 579 βαρέα
1556 529 1616 567 καὶ
1645 529 1702 567 ἐπὶ
1722 530 1765 567 τὰ
1784 528 1863 573 ὀξέα
1883 528 2065 583 διαρκέσαι
2093 528 2238 575 δύνηται
2254 528 2267 552 ¹
2296 545 2357 568 και
2376 528 2467 580 μήτε

1420 586 1504 639 ρήξῃ
1521 587 1602 635 μήτ’
1621 587 1776 640 ἀπολίπῃ
1793 587 1855 635 τὴν
1877 588 1990 627 τάσιν.
2009 596 2027 620 ἕ
2043 582 2209 632 Οὕτωςγ
2183 605 2232 628 ων
2253 589 2305 627 δεῖ
2323 588 2383 628 καὶ
2401 589 2466 640 γά-

1421 661 1484 696 μον
1508 647 1784 699 συναρμόζεσθαι
1809 648 1891 686 ποτὶ
1917 647 1975 685 τὸν
2003 647 2088 686 ἴδιον
2121 647 2216 687 τόνον
2241 654 2302 692 τᾶς
2328 650 2466 701 ψυχᾶς,

1419 704 1508 751 ὅκως
1529 707 1577 756 μὴ
1601 707 1702 758 μόνον
1723 708 1757 745 ἐν
1776 707 1954 759 εὐτυχίαις
1971 709 2199 759 συνεκτρέχεν
2219 707 2384 751 ἀλλάλοις
2402 707 2468 745 δυ-

1419 765 1517 803 νατοὶ
1533 759 1639 817 ὦντι,
1656 765 1746 805 ἀλλὰ
1763 766 1823 804 καὶ
1846 769 1879 805 ἐν
1903 766 2117 819 δυστυχίαις.
2139 765 2157 789 ¹¹
2176 765 2236 804 καὶ
2256 765 2324 819 γὰρ
2354 763 2469 810 αὗλὼς

1421 825 1438 860 6
1461 822 1614 868 αὖλατὰς
1635 824 1713 862 ποτὶ
1735 824 1794 862 τὸν
1813 825 1899 863 ἴδιον
1931 824 2029 864 τόνον
2056 825 2238 877 διαρκέσαι
2268 824 2470 876 δυναμένοις

1419 884 1610 935 λαμὸάνει,
1632 883 1692 922 καὶ
1711 883 1867 922 παδάλια
1889 885 1907 921 ὁ
1927 883 2142 936 κυὸερνάτας
2161 883 2242 922 ποτὶ
2263 883 2303 922 τὸ
2324 883 2467 937 μέγεθος

1422 960 1484 988 τας
1498 959 1587 987 ναος.
2342 979 2347 982 .

1478 1003 1677 1056 (Stobaeus
1707 1002 1806 1041 Flor.
1829 1002 1939 1049 LXX,
1979 1017 1992 1040 1
2006 1018 2039 1041 1.
2059 1003 2206 1056 Scripsi
2233 1018 2242 1041 ι
2264 1012 2278 1032 ³
2297 1002 2468 1056 διαιρέσι;

1423 1063 1537 1103 codd.
1576 1061 1756 1114 διαιρέσει.
1777 1060 1793 1084 ¹‘
1833 1061 1900 1113 γὰρ
1940 1075 2027 1099 cum
2071 1062 2250 1109 Ilalmio;
2285 1062 2392 1101 deest
2428 1062 2471 1101 in

1424 1121 1676 1160 membranis.
1698 1126 1712 1143 ⁶
1745 1119 1848 1170 φύσι;
1881 1121 1976 1158 libri
2006 1119 2121 1172 φύσει.
2153 1119 2170 1144 ‘¹
2205 1120 2347 1174 νεανίας
2373 1120 2471 1160 libri

1424 1181 1487 1219 καὶ
1517 1180 1651 1233 νεανίᾳ.
1673 1183 1687 1202 ⁰
1721 1179 1962 1231 καθιστάμεν;
1985 1180 2079 1219 libri
2101 1181 2335 1220 καθιστάνειν.
2357 1181 2470 1220 Cons.

1423 1240 1530 1280 Stob.
1561 1240 1662 1281 Flor.
1686 1239 1868 1287 LXXXV,
1906 1239 2004 1281 16.ῐ
2009 1240 2199 1320 ιιὃύνϊ,ται;
2229 1241 2341 1281 codd.
2372 1241 2475 1279 δύνα-

1423 1315 1495 1338 ται.
1515 1303 1532 1327 3
1564 1298 1682 1346 τάσιν;
1721 1299 1814 1336 libri
1848 1298 1986 1337 στάσιν.
2009 1297 2151 1338 ι’ἀλλὰ
2181 1299 2242 1338 καὶ
2270 1300 2306 1338 ἐν
2348 1300 2473 1339 δυστυ·

1424 1358 1519 1410 γίαις
1539 1373 1627 1397 cum
1647 1358 1857 1409 Spondano
1887 1371 1908 1395 e
1946 1358 2085 1408 fr.agm
2115 1359 2314 1410 sequenti;
2334 1358 2475 1398 desunt

1426 1419 1533 1456 haec
1524 1432 1564 1455 1n
1582 1417 1724 1467 codd.)

1478 1477 1522 1529 γ’.
1558 1476 1859 1529 Γαμησῄοντα“
1841 1476 1876 1516 οὲ
1897 1477 1950 1515 δεῖ
1974 1493 2086 1529 γαμεν
2106 1481 2187 1516 ποτὶ
2211 1478 2274 1517 τὰν
2294 1480 2389 1517 αὑτῶ
2412 1478 2475 1518 τύ-

1425 1551 1492 1589 χαν
1506 1566 1515 1584 ,
1534 1535 1593 1574 ἵνα
1616 1535 1705 1586 μήτε
1727 1534 1813 1588 ὑπὲρ
1832 1534 1894 1573 τὰν
1919 1534 2063 1585 δύναμιν
2084 1535 2173 1586 μήτε
2195 1535 2311 1588 μῇονα
2326 1543 2390 1581 τᾶς
2411 1538 2474 1575 δυ-

1425 1595 1547 1645 νάμιος
1567 1595 1625 1634 τὸν
1644 1595 1758 1646 γάμον
1775 1595 1951 1643 ἐπάγηται
1962 1626 1970 1641 ,
1989 1594 2080 1633 ἀλλὰ
2094 1595 2175 1633 ποτὶ
2189 1595 2291 1646 λόγον
2309 1601 2370 1640 τᾶς
2387 1595 2477 1641 ἰδίας

1427 1655 1605 1705 δυνάμιος.
1664 1656 1694 1692 οἱ
1726 1653 1787 1705 μὲν
1816 1653 1883 1707 γὰρ
1915 1654 2000 1706 ὑπὲρ
2022 1653 2084 1691 τὰν
2113 1654 2258 1705 δύναμιν
2287 1655 2476 1707 ἐπάγοντες

1427 1715 1648 1758 στασιάζοντι
1669 1713 1725 1751 διὰ
1740 1714 1803 1751 τὰν
1825 1712 2027 1764 ἁγεμονίαν.
2055 1713 2077 1751 ἆ
2097 1712 2159 1764 μὲν
2192 1713 2260 1767 γὰρ
2291 1715 2343 1767 τῷ
2363 1712 2475 1753 πλού-

1426 1788 1476 1825 τῳ
1495 1771 1556 1810 καὶ
1575 1775 1625 1824 τῷ
1645 1771 1734 1822 γένει
1751 1772 2030 1823 καθυπερέχοισα
2049 1773 2194 1825 τάνδρὸς
2217 1773 2339 1826 ἄρχειν
2354 1787 2476 1827 προαι-

1429 1833 1592 1882 ρεῒται,ὃ
1614 1830 1648 1870 δὲ
1671 1831 1806 1876 ἀνάξιον
1832 1832 1966 1882 ἁγεῖται
1994 1830 2054 1868 καὶ
2075 1830 2173 1884 παρὰ
2202 1830 2303 1884 φύσιν
2335 1848 2475 1885 συγχω·

1429 1888 1496 1941 ρέν.
1543 1891 1573 1928 οἵ
1603 1889 1639 1928 δὲ
1674 1888 1788 1942 μῇονα
1822 1895 1883 1933 τᾶς
1918 1889 2079 1939 δυνάμιος
2106 1891 2145 1928 τὸ
2180 1887 2318 1940 ἀξίωμα
2348 1890 2408 1929 καὶ
2438 1890 2477 1928 τὸ

1430 1950 1573 2000 μέγεθος
1603 1952 1652 1988 τῶ
1681 1949 1766 1988 οἴκω
1795 1952 2029 2002 συναιροῦντι.
2087 1951 2150 1987 Δεῖ
2178 1949 2215 1988 δὲ
2243 1949 2303 1988 τὸν
2323 1949 2477 1999 μωσικὸν

1428 2012 1630 2058 μιμεῖσθαι,
1647 2008 1681 2052 ὃς
1695 2008 1752 2047 τὸν
1771 2008 1855 2046 ἴδιον
1876 2008 1972 2046 τόνον
1988 2014 2047 2052 τᾶς
2062 2014 2177 2061 φωνᾶς
2192 2008 2353 2058 ἐκμαθὼν
2371 2008 2478 2053 οὕτως

1430 2075 1594 2120 πειρᾶται
1609 2067 1670 2106 τὰν
1685 2069 1795 2118 μέσαν
1818 2067 2049 2118 καθιστάμεν,
2072 2067 2164 2112 ὅπως
2176 2068 2236 2107 καὶ
2256 2069 2314 2107 ἐπὶ
2336 2068 2381 2108 τὰ
2400 2068 2478 2114 ὀξέα

1428 2144 1486 2166 και
1509 2143 1565 2165 επι
1584 2126 1629 2165 τὰ
1647 2128 1757 2181 βαρέα
1785 2127 1964 2179 διαρκέσαι
1987 2126 2129 2175 δύνηται
2144 2128 2181 2176 ¹³,
2195 2127 2257 2166 καὶ
2277 2127 2365 2179 μήτε
2388 2128 2474 2182 ῥήξῃ

1430 2187 1519 2236 μήτε
1536 2186 1692 2239 ἀπολίπῃ
1708 2185 1770 2225 τὰν
1794 2187 1908 2226 τάσιν.
1972 2185 2131 2230 Οὕτως
2110 2202 2158 2224 ων
2181 2187 2235 2225 δεῖ
2250 2201 2311 2225 και
2330 2186 2387 2225 τὸν
2408 2188 2479 2238 γά·

1431 2262 1494 2297 μον
1517 2247 1792 2298 συναρμόζεσθαι
1824 2246 1903 2283 ποτὶ
1932 2244 1990 2283 τὸν
2022 2245 2107 2284 ἴδιον
2127 2245 2224 2284 τόνον
2245 2252 2308 2289 τᾶς
2341 2249 2478 2300 ψυχας)

1433 2360 1465 2390 et
1486 2358 1618 2399 subjecti
1642 2358 1708 2390 vice
1732 2358 1885 2398 fungitur.
1930 2357 2052 2389 Eadem
2070 2366 2146 2389 vero
2161 2357 2259 2390 etiam
2275 2357 2432 2391 linearum
2449 2360 2482 2392 et

1433 2417 1609 2458 spatiorum
1626 2417 1706 2449 ratio
1720 2418 1780 2448 est.
1826 2417 1940 2456 Figura
1955 2416 2111 2457 quadrata
2129 2416 2196 2448 finit
2214 2425 2251 2449 ae
2267 2415 2480 2451 determinat:

1434 2485 1507 2517 quae
1522 2485 1597 2508 vero
1615 2477 1645 2507 in
1661 2476 1793 2507 alteram
1807 2476 1926 2515 partem
1941 2475 2063 2516 longior
2079 2477 2140 2516 est,
2158 2475 2302 2508 materiae
2321 2476 2479 2518 subjectae

1434 2535 1531 2568 instar
1549 2535 1748 2575 terminatur,
1774 2534 2006 2574 conformatur,
2023 2534 2063 2566 ad
2081 2535 2217 2575 figuram
2240 2535 2432 2576 quadratam
2450 2537 2484 2569 et

1433 2592 1650 2633 aequalitatem
1671 2591 1833 2632 redigitur.
1893 2592 2028 2631 Oportet
2046 2592 2155 2623 autem
2174 2591 2292 2623 imitari
2323 2592 2482 2625 musicum

1435 2651 1490 2693 qui
1509 2653 1679 2693 postquam
1699 2651 1863 2692 proprium
1879 2651 1966 2682 vocis
1986 2651 2100 2682 tonum
2117 2649 2248 2692 didicit,
2265 2652 2335 2684 tum
2349 2651 2481 2684 demum

1435 2714 1569 2743 conatur
1597 2709 1735 2742 mediam
1765 2710 1958 2742 constituere
1982 2718 2117 2749 vocem,
2145 2711 2182 2742 ut
2211 2711 2244 2743 et
2273 2710 2424 2751 gravibus
2450 2712 2484 2744 et

1436 2771 1541 2802 acutis
1568 2770 1713 2802 sufficere
1740 2769 1840 2810 possit
1880 2768 2056 2801 intentione
2081 2777 2186 2810 neque
2212 2769 2349 2811 abrupta
2378 2779 2484 2812 neque

1437 2831 1553 2862 laxata.
1596 2829 1717 2861 Eodem
1743 2828 1837 2860 modo
1855 2829 1975 2869 nuptiae
1999 2827 2171 2868 jungendae
2205 2830 2281 2861 sunt
2296 2829 2391 2870 Juxta
2413 2838 2485 2870 pro-

1438 2890 1544 2931 prium
1559 2889 1657 2921 animi
1672 2892 1811 2922 tenorem
1827 2911 1837 2927 ,
1858 2891 1894 2919 ut
1914 2896 1979 2919 non
1995 2886 2099 2918 sulum
2117 2897 2223 2921 rerum
2246 2897 2482 2930 prosperarum,

1438 2949 1494 2981 sed
1510 2950 1606 2981 etiam
1620 2947 1829 2981 adversarum
1847 2947 2014 2988 participes
2029 2957 2097 2980 esse
2120 2947 2255 2988 possint.
2295 2949 2379 2981 Nam
2396 2949 2430 2980 et
2442 2947 2482 2980 ti-

1439 3009 1531 3041 bicen
1554 3007 1661 3049 deligit
1673 3007 1765 3039 tibias
1783 3015 1856 3048 quae
1873 3006 1912 3038 ad
1927 3007 2090 3048 proprium
2107 3008 2251 3039 tenorem
2268 3006 2440 3047 sufficiant,
2453 3010 2486 3040 et

1439 3070 1633 3110 gubernator
1649 3068 1777 3100 clavum
1798 3076 1855 3108 pro
1874 3067 2093 3107 magnitudine
2111 3067 2215 3098 navis.

1482 3133 1539 3164 lli.
1563 3130 1625 3169 Qui
1649 3138 1781 3161 uxorem
1799 3128 1914 3160 ducere
1939 3128 2048 3168 cupit,
2075 3127 2174 3159 ducat
2199 3129 2410 3168 eamoportet
2428 3137 2486 3169 pro

1442 3191 1670 3231 facultatibus,
1701 3191 1735 3222 ut
1751 3198 1854 3230 neque
1880 3189 2007 3221 fortuna
2035 3197 2094 3219 sua
2121 3188 2224 3227 maius
2251 3197 2354 3228 neque
2380 3188 2487 3221 minus

1443 3250 1682 3282 matrimonium
1702 3249 1889 3287 contrahat,
1911 3247 1965 3279 sed
1984 3256 2041 3287 pro
2066 3245 2226 3278 facultatis
2244 3248 2275 3278 et
2296 3246 2487 3278 conditionis

1441 3319 1508 3341 suae
1526 3310 1658 3341 ratione.

1443 3369 1629 3409 conficiunt,
1662 3367 1724 3400 iilis
1741 3367 1782 3399 de
1807 3365 1984 3407 principatu
2015 3363 2168 3396 dissensio
2200 3363 2354 3395 nascitur.
2405 3366 2487 3396 Nam

1444 3436 1525 3459 uxor
1553 3427 1672 3467 opibus
1699 3427 1731 3458 et
1757 3433 1871 3465 genere
1894 3422 2038 3464 superior
2060 3421 2213 3453 maritum
2240 3430 2347 3462 regere
2378 3421 2488 3454 animo

1445 3485 1600 3526 intendit,
1619 3485 1671 3517 ille
1691 3493 1767 3517 vero
1793 3483 1959 3524 indignum
1989 3480 2113 3521 judicat
2134 3482 2313 3521 praeterque
2341 3481 2488 3513 naturam

1703 3308 1766 3346 Qui
1790 3307 1873 3339 enim
1899 3315 1995 3346 supra
2023 3314 2115 3337 suam
2144 3305 2330 3337 facultatem
2359 3306 2488 3346 nuptias
2515 3316 2519 3318 ’

2606 1438 2629 1529 1910&ss
2617 1419 2625 1428 .—
2618 1392 2621 1403 η

2606 1686 2633 1914 οων-Ξκμζωὶΰλῳῤ
2615 1669 2621 1679 ⁴
2614 1639 2629 1663 ⁴22
2610 1578 2627 1632 καις*
2622 1536 2629 1550 Ψ
