2638 3840
0 56 28 139 ..ql

311 1134 341 1174 (ὃ

285 2502 313 2532 C

369 214 441 248 180

363 297 476 335 silem,
500 294 557 326 soli
579 293 694 326 mentis
718 291 903 331 intentioni,
918 289 1272 331 aiiimadversioniqne,
1286 291 1408 332 perspi.

364 363 470 386 cuam.
522 356 620 386 Porro
641 352 726 393 quod
743 351 783 383 ab
803 352 865 383 lioc
882 349 1058 382 secundum
1076 350 1135 390 est,
1157 348 1316 389 nativum,
1333 358 1408 382 sen-

362 413 467 453 sibile,
486 411 709 451 sustentabile,
730 411 908 443 consistens
931 409 1037 449 aliquo
1057 409 1088 439 in
1118 408 1207 448 loco,
1225 409 1256 440 et
1277 417 1406 442 rursum

363 482 436 505 cum
462 472 683 504 immutatione
700 474 732 503 et
749 471 875 502 interitu
902 468 1052 501 recedens
1077 480 1084 500 ε
1106 468 1266 508 sensibus,
1287 470 1319 502 et
1335 470 1406 511 opi-

362 533 477 573 nione,
497 532 704 565 noscendum.
747 530 891 563 Tertium
908 537 1009 568 genus
1034 529 1083 559 est
1105 527 1178 567 loci,
1193 528 1281 569 quod
1301 537 1341 562 ne
1366 529 1406 563 ad

362 591 527 624 interitum
548 590 675 631 quidem
693 589 842 630 pertinet;
861 587 969 619 sedem
992 595 1087 627 porro
1110 586 1232 627 praebet
1253 587 1308 627 iis,
1333 597 1407 629 quae

363 651 553 689 generantur
570 662 577 682 :
593 649 647 681 sed
666 649 768 689 ipsum
786 647 852 678 siue
869 654 963 678 sensu
981 646 1139 687 tangentis
1152 646 1303 687 tangitur,
1318 646 1407 678 adul·

362 709 463 740 terina
488 707 625 749 qiiadam
658 707 778 738 ratione
806 704 976 745 opinabile.
1020 704 1186 746 Denique,
1218 713 1293 736 cum
1322 705 1405 738 idem

363 767 470 798 animo
496 766 668 803 intuemur,
700 765 836 804 patimur
863 763 950 804 quod
981 762 1193 795 somniantes.
1248 764 1407 796 Putamus

362 824 447 858 enim
460 832 588 855 necesse
605 831 674 854 esse
686 844 695 860 ,
716 823 751 853 ut
767 830 880 862 omne,
901 821 987 863 quod
1003 825 1070 863 est,
1094 821 1126 853 in
1147 821 1254 863 aliquo
1280 824 1320 854 sit
1337 823 1407 855 loco

363 882 511 921 positum,
526 880 748 921 regionemque
761 880 902 912 obtineat
916 880 1027 913 ullam.
1074 882 1187 919 Porro,
1203 881 1288 921 quod
1304 890 1407 922 neque

360 941 391 971 in
409 942 491 972 terra
503 964 511 980 ‚
532 948 634 980 neque
649 939 680 971 in
699 939 780 971 coelo
802 939 866 979 sit,
884 939 1015 971 minime
1034 939 1201 979 exsistere.
1246 939 1297 972 Ob
1309 949 1405 981 quam

360 1000 635 1041 depravationem,
665 999 806 1039 itemque
826 998 904 1030 alias
926 998 1197 1039 consanguineas,
1215 1007 1274 1031 nec
1294 989 1334 1031 'in
1359 1009 1405 1031 re·

362 1060 526 1100 putatione
542 1058 670 1099 quidem
685 1082 693 1097 ‚
711 1061 743 1090 et
759 1046 1031 1099 consideratione,
1052 1066 1127 1090 vere
1143 1058 1330 1090 exsistentis
1351 1067 1405 1091 ve-

360 1127 457 1158 reque
479 1117 638 1158 pervigilis
666 1117 790 1149 naturae
816 1118 923 1149 mente
949 1116 1176 1157 consistimus,
1195 1118 1326 1157 propter
1348 1117 1407 1148 liu-

356 1176 498 1216 Jusmodi
523 1175 665 1217 somnia;
686 1185 760 1208 cum
787 1185 827 1208 ne
848 1175 1011 1216 imaginari
1033 1175 1162 1215 quidem
1185 1175 1282 1207 ullam
1312 1175 1407 1216 liujus

358 1235 490 1266 lubricae
506 1235 657 1276 speciem,
675 1234 888 1275 formamque,
902 1235 1080 1266 valeamus.
1106 1233 1271 1273 Propriam
1287 1234 1407 1275 quippe

358 1293 476 1325 nuliam
498 1293 613 1333 babet,
633 1295 666 1325 et
688 1293 804 1333 babere
829 1302 942 1325 omnes
965 1292 1104 1333 videtur,
1122 1301 1197 1325 cum
1225 1293 1309 1325 intra
1336 1301 1407 1333 gre-

358 1354 458 1385 mium
482 1352 550 1393 ejus
574 1353 784 1385 conversione
810 1353 849 1384 ad
870 1352 957 1385 aliud
986 1362 1023 1385 ex
1044 1353 1106 1384 alio
1133 1352 1246 1384 formae
1278 1352 1406 1384 transli-

356 1414 520 1452 gurantur.
564 1411 720 1452 Idemque
740 1411 800 1443 boc
816 1410 896 1442 inter
911 1410 1044 1443 alteram
1057 1409 1210 1451 aliquam,
1224 1411 1256 1442 et
1271 1409 1405 1452 nullam,

357 1471 571 1503 substantiam
591 1470 731 1511 positum
752 1470 936 1511 invenitur;
951 1478 1043 1501 suam
1064 1469 1184 1501 nullam
1209 1469 1323 1510 habet,
1348 1478 1407 1502 nec

357 1534 467 1564 tamen
477 1531 556 1563 nibil
569 1532 628 1564 est.
673 1532 715 1563 At
727 1531 812 1564 enim
828 1539 903 1563 vere
915 1530 1138 1563 exsistentium
1150 1539 1258 1563 rerum
1273 1530 1407 1563 assertio

359 1589 528 1631 perspicua
554 1589 686 1622 rationis
714 1589 784 1622 luce
807 1590 965 1630 firmatur,
983 1589 1159 1622 dicendum
1187 1588 1318 1630 quidem
1344 1588 1406 1621 hoc

356 1649 417 1682 erit
435 1649 539 1688 aliud,
558 1649 699 1690 itemque
717 1648 794 1681 illud
825 1648 931 1689 aliud3
949 1649 1101 1694 neutrum
1128 1647 1161 1680 in
1187 1647 1287 1680 altero
1312 1656 1406 1688 posse

357 1706 530 1739 consistere
547 1719 556 1739 ι
575 1715 632 1739 nec
651 1706 748 1739 simul
768 1706 854 1739 idem
877 1696 978 1739 unum
998 1708 1030 1739 et
1046 1706 1111 1739 duo
1134 1706 1214 1740 lieri.

357 1843 393 1882 δὲ
424 1843 610 1896 ὁμώνυμον
645 1843 761 1895 ὅμοιόν
797 1859 836 1882 τε
870 1843 990 1898 ἐκείνῳ
1023 1843 1194 1898 δεύτερον,
1225 1844 1403 1894 αἰσθητόν,

356 1903 531 1955 γεννητόν,
543 1904 783 1958 πεφορημένον
801 1903 874 1951 ἀεί,
891 1903 1092 1955 γιγνόμενόν
1110 1919 1148 1942 τε
1168 1903 1203 1942 ἔν
1221 1919 1288 1943 τινι
1308 1904 1405 1957 τόπῳ

355 1962 416 2001 καὶ
445 1962 551 2000 πάλιν
576 1964 705 2001 ἐκεῖθεν
736 1962 992 2014 ἀπολλύμενον,
1015 1962 1094 2014 δόξῃ
1119 1964 1195 2013 μετ’
1212 1963 1407 2010 αἰσθήσεως

355 2021 583 2074 περιληπτόν·
602 2021 716 2075 τρίτον
735 2020 771 2060 δὲ
791 2015 837 2059 αῧ
856 2021 952 2074 γένος
970 2021 1007 2060 ὂν
1029 2022 1068 2061 τὸ
1096 2025 1158 2070 τ’ῆς
1187 2022 1307 2076 χώρας
1327 2022 1404 2071 ἀεί,

356 2080 483 2151 φθορὰν
505 2083 543 2119 οὗ
565 2079 863 2154 προσδεχόμενον,
876 2081 980 2133 ἕδραν
1001 2081 1038 2120 δὲ
1058 2081 1216 2134 παρέχον
1236 2081 1302 2120 ὅσα
1331 2081 1406 2135 ἔχει

355 2138 488 2191 γένεσιν
504 2144 628 2187 πᾶσιν,
640 2138 723 2177 αὐτὸ
736 2138 771 2193 δὲ
787 2140 863 2190 μετ’
879 2139 1140 2187 ἀναισθησίαςε
1123 2140 1232 2179 απτὸν
1245 2142 1404 2193 λογισμῶ

355 2197 422 2235 τινὶ
441 2196 542 2250 νόθῳ,
563 2196 662 2270 μόγις
680 2196 818 2245 πιστόν,
837 2197 923 2250 πρὸς
941 2196 960 2236 ὃ
980 2198 1020 2244 δὴ
1039 2198 1099 2237 καὶ
1118 2200 1404 2252 ὀνειροπολοῧμεν

348 2253 545 2307 ,βλέποντες
566 2256 626 2295 καί
648 2272 762 2310 φαμεν
784 2258 974 2308 ἀναγκαῖον
997 2251 1086 2296 εἷναί
1105 2274 1172 2297 που
1191 2258 1231 2297 τὸ
1251 2258 1288 2297 ὂν
1310 2258 1404 2299 ἅπαν

357 2315 392 2352 ἔν
412 2331 479 2354 τινι
500 2316 597 2369 τόπῳ
618 2316 678 2354 καὶ
698 2315 847 2369 κατέχον
876 2316 996 2369 χώραν
1028 2317 1119 2365 τινά,
1141 2317 1180 2356 τὸ
1202 2318 1238 2358 δὲ
1261 2318 1349 2369 μήτε
1370 2321 1404 2358 ἓν

357 2376 402 2426 γῇ
438 2376 527 2424 μήτε
559 2390 626 2413 που
656 2375 735 2414 κατ’
755 2376 898 2427 οὐρανὸν
928 2376 1024 2414 οὐδὲν
1052 2371 1152 2417 εἶναι.
1211 2379 1334 2417 Ταῦτα
1364 2378 1405 2425 δὴ

356 2434 471 2471 πάντα
497 2433 557 2472 καὶ
581 2433 713 2472 τούτων
743 2434 820 2473 ἄλλ’
846 2435 979 2488 ἀδελφὰ
1005 2435 1066 2474 καὶ
1086 2435 1166 2488 περὶ
1188 2435 1251 2483 τὴν
1275 2438 1405 2477 ἄϋπνον

357 2492 418 2532 καὶ
443 2494 578 2540 ἀληθῶς
599 2492 700 2546 φύσιν
720 2493 948 2546 ὑπάρχουσαν
979 2495 1047 2533 ὑπὸ
1074 2495 1205 2543 ταύτης
1229 2499 1291 2544 τῆς
1316 2499 1404 2537 ὄνει-

322 2540 493 2602 χρώξεως
516 2553 553 2590 οὗ
579 2551 721 2591 δυνατοι
744 2553 938 2625 γιγνόμεθα
965 2554 1156 2607 ἐγερθέντες
1181 2555 1405 2608 διοριζόμενοι

356 2609 503 2655 τάληθὲς
519 2609 646 2662 λέγειν,
660 2613 706 2654 ὡς
726 2611 831 2650 εἰκόνι
851 2611 928 2662 μέν,
946 2613 1089 2666 ἐπείπερ
1107 2615 1179 2652 οὐδ’
1199 2615 1281 2653 αὐτὸ
1305 2619 1406 2655 τοῦτο

357 2668 412 2719 ἐφ’
426 2671 457 2720 ᾧ
473 2667 612 2719 γέγονεν
631 2671 786 2715 ἑαυτης
771 2682 877 2716 εστιν,
892 2671 1010 2723 ἑτέρου
1027 2673 1066 2710 δέ
1083 2688 1175 2717 τινος
1192 2673 1246 2712 ἀεὶ
1262 2673 1406 2728 φέρεται

357 2723 568 2776 φάντασμα,
589 2726 646 2764 διὰ
666 2742 778 2764 ταυτα
800 2729 835 2765 ἐν
858 2729 965 2782 ἑτέρω
993 2731 1163 2783 προσήκει
1199 2732 1265 2783 τινὶ
1290 2733 1404 2784 γίγνε-

359 2786 460 2832 σθαι,
481 2783 598 2827 οὐσίας
617 2785 714 2833 ἁμως
744 2785 783 2836 γέ
809 2801 883 2830 πως
914 2789 1147 2862 ἀντεχομέννην
1154 2820 1164 2838 ,
1183 2789 1205 2837 ἢ
1231 2791 1339 2841 μηδὲν
1367 2793 1406 2831 τὸ

360 2842 529 2894 παράπαν
557 2842 670 2890 αυτὴν
701 2837 820 2893 εἶναι,
821 2847 871 2897 τῷ
901 2846 985 2884 δὲ”
965 2863 1069 2891 οντως
1091 2848 1164 2887 ὄντι
1185 2850 1338 2901 βοηθὸς
1325 2865 1342 2889 ο
1362 2852 1406 2890 δι’

362 2900 543 2952 ἀκριὸείας
560 2901 692 2949 ἀληθὴς
709 2902 864 2956 λόγος,“
845 2920 891 2948 ως
908 2904 972 2948 ἓως
989 2906 1030 2943 ἄν
1050 2923 1083 2944 τι
1106 2907 1145 2946 τὸ
1171 2908 1233 2957 μὲν
1254 2910 1338 2948 ἄλλο
1357 2914 1378 2963 ᾐ
1393 2941 1404 2963 ,

358 2959 398 2998 τὸ
417 2959 454 2997 δὲ
481 2959 586 3008 ἄλλο,
608 2959 786 3012 οὐδέτερον
820 2963 854 2999 ἐν
883 2963 1051 3017 οὐδετέρῳ
1071 2964 1155 3003 ποτὲ
1176 2969 1405 3018 γεγενημένον

359 3017 396 3056 ἓν
418 3017 492 3068 ἅμα
508 3018 634 3056 ταύτὸν
655 3018 750 3057 καὶ
732 3019 802 3058 ούο
792 3020 1030 3090 γενήσεσθον.

414 3072 436 3122 5
457 3078 522 3110 27
545 3065 659 3115 Ουτος
684 3072 748 3123 μὲν
776 3067 835 3112 ουν
858 3073 899 3120 δὴ
919 3075 1016 3127 παρὰ
1031 3078 1092 3123 τῆς
1097 3077 1197 3148 ''gp-q<
1217 3078 1331 3132 ψήφου
1347 3083 1405 3120 λο.

361 3129 489 3180 γισθεὶς
510 3131 544 3168 ἐν
576 3131 756 3191 κεφαλαίῳ
777 3132 928 3172 δεδόσθω
952 3133 1113 3184 λόγος,”
1092 3151 1129 3173 ον
1149 3152 1185 3174 τε
1206 3137 1265 3175 καὶ
1288 3136 1407 3194 χώραν

361 3189 419 3226 καὶ
438 3189 572 3239 γένεσιν
595 3192 703 3237 εἶναι,
726 3190 807 3242 τρία
829 3194 951 3244 τριχῇ,
970 3192 1030 3231 και
1048 3193 1128 3245 πριν
1149 3196 1290 3247 οὐρανὸν
1310 3200 1406 3248 γενέ-

363 3250 463 3284 σθαι·
483 3247 546 3295 τὴν
573 3246 609 3286 δὲ
634 3247 800 3299 γενέσεως
818 3249 959 3298 τιθήνην
981 3251 1229 3304 ὑγραινομένην
1255 3270 1314 3293 και
1335 3271 1407 3294 πυ-

364 3304 531 3356 ρουμένην
547 3306 607 3345 καὶ
627 3307 690 3351 τὰς
710 3310 774 3359 γ’ῆς
798 3323 836 3346 τε
855 3308 916 3348 και
936 3308 1033 3361 ἀέρος
1054 3311 1222 3363 μορφὰς
1203 3324 1328 3364 οεχομε
1322 3315 1406 3364 ’νην,

363 3378 423 3402 και
458 3363 523 3402 ὅσα
553 3364 687 3410 τούτοις
721 3366 811 3406 ἄλλα
845 3367 941 3416 πάθη
976 3367 1155 3413 ξυνέπεται
1186 3371 1404 3423 πάσχουσαν,

365 3422 618 3475 παντοδαπὴν
611 3424 673 3463 μὲν
690 3425 774 3463 ἰδεῖν
789 3426 984 3479 φαίνεσθαι,
1000 3427 1057 3468 διὰ
1073 3427 1108 3466 δὲ
1126 3428 1165 3468 τὸ
1182 3430 1264 3480 μήθ’
1279 3433 1406 3482 ὁμοίων

1305 203 1573 243 CHALCIDII

1513 291 1532 334 §
1555 293 1708 326 27.11oec
1730 295 1777 325 est
1802 301 1883 326 mem
1903 293 2033 335 quidem
2052 294 2221 328 sententiae
2237 304 2348 329 mens:
2366 304 2463 341 esse,
2479 247 2581 357 κύ
2609 309 2610 312 ’
2629 311 2631 314 ⁴

1469 353 1545 384 ante
1560 351 1671 384 mundi
1683 361 1814 393 quoque
1831 352 1958 385 sensilis
1971 354 2213 387 exornationem
2227 354 2339 395 fuisse,
2352 355 2414 389 tria
2424 335 2522 405 m}
2610 341 2612 349 A

1468 410 1637 450 exsistens,
1652 410 1771 452 locum,
1786 412 2034 452 generationem.
2079 413 2177 454 igitur
2186 414 2401 455 generationis
2410 404 2516 452 aad·

1469 470 1575 502 culam
1595 470 1811 503 liumectatam
1831 470 1946 511 modo,
1962 470 2056 503 modo
2075 470 2226 513 ignitam,
2246 473 2405 515 terroeque
2421 473 2517 518 nen,

1467 531 1499 563 et
1533 530 1635 572 aeris,
1670 531 1788 564 formas
1818 531 2060 573 suscipientem;
2088 533 2284 574 caeterasque
2310 532 2518 576 pedissequas
2535 525 2540 530 ”

1469 588 1631 629 passiones
1656 590 1904 631 perpetientem,
1931 590 2116 623 omniformi
2143 590 2214 623 visu
2242 590 2357 625 videri.
2419 592 2518 632 Quod

1469 649 1578 680 tamen
1596 648 1742 689 privatim
1764 658 1868 690 neque
1888 649 2049 682 similibus
2064 649 2185 683 viribus
2197 674 2206 690 ,
2225 658 2330 692 neque
2340 651 2518 694 exaequatio

1471 708 1639 756 potentiis,
1654 708 1844 748 instruatur,
1863 708 1940 740 nibil
1960 717 2030 740 esse
2047 709 2116 749 eins
2134 708 2277 750 aequale,
2299 709 2357 743 sed
2374 709 2518 752 undique

1469 768 1653 806 vergentem
1665 790 1674 807 ,
1689 766 1768 798 etin
1783 775 1922 807 pronum
1933 790 1941 806 ,
1956 767 2005 799 vel
2018 766 2189 808 absonum,
2207 767 2514 810 praeponderantem.

1468 825 1584 864 Agitari
1601 825 1731 866 quidem
1749 825 1892 857 materiis
1908 825 2121 866 agitantibus,
2137 826 2339 869 invicemque
2355 827 2518 870 reciproco

1468 881 1608 922 impulsu
1625 881 1752 922 pulsare
1765 905 1775 922 ,
1792 884 1889 922 atque
1907 884 2036 924 agitare,
2055 885 2220 922 materias.
2268 884 2316 918 Ex'
2338 894 2402 928 quo
2418 885 2518 921 fluctu

1468 940 1610 972 turbatas
1642 941 1793 972 materias
1815 941 1848 972 in
1874 940 2000 973 diversa
2030 942 2168 984 raptari,
2186 940 2387 986 discernique
2409 952 2429 976 a
2450 953 2486 978 se
2505 954 2516 978 ε

1469 997 1616 1039 perinde,
1640 1000 1676 1031 ut
1702 1007 1775 1039 quae
1791 999 1823 1030 in
1842 998 1991 1032 frumenti
2020 1001 2208 1041 purgatione
2234 1002 2372 1043 pistoriis
2396 1002 2517 1047 instru-

1468 1056 1583 1089 mentis
1614 1061 1724 1097 motu‚
1747 1060 1780 1089 et
1806 1058 2013 1098 excussione,
2041 1058 2178 1091 discerni
2203 1059 2351 1093 videmus
2373 1071 2382 1094 :
2407 1061 2518 1103 gravi·

1467 1114 1610 1156 quidem,
1623 1117 1655 1147 et
1673 1115 1788 1156 solida,
1805 1115 1955 1148 deorsum
1968 1128 1977 1157 ;
1992 1117 2100 1149 tenuia
2115 1126 2203 1159 vero,
2220 1120 2251 1151 et
2267 1118 2364 1160 levia,
2378 1119 2411 1152 in
2423 1120 2517 1154 aliam

1468 1175 1602 1214 partem.
1623 1173 1676 1207 Sic
1686 1173 1740 1206 illa
1754 1175 1893 1215 quatuor
1904 1175 2004 1207 veluti
2013 1175 2047 1208 in
2059 1176 2179 1218 Euripo
2195 1176 2370 1212 fluctuante
2379 1178 2514 1220 jactari:

1467 1232 1518 1264 vel
1535 1232 1684 1265 machina
1700 1233 1841 1274 quadam
1862 1234 1945 1266 facta
1964 1234 2005 1266 ad
2025 1238 2131 1267 motus
2154 1235 2285 1269 ciendos
2303 1236 2518 1272 dissimillimn

1467 1300 1604 1332 quaeque
1619 1300 1637 1323 a
1653 1291 1872 1325 dissimillimis
1887 1293 2086 1335 plurimum,
2100 1294 2208 1335 aliqua
2222 1304 2299 1329 vero
2310 1295 2519 1332 similitudine

1467 1350 1587 1382 sociata
1602 1342 1806 1392 nequaquam
1823 1350 1978 1392 disparari
1999 1364 2007 1384 :
2028 1354 2259 1395 proptereaque
2276 1354 2406 1388 sedibus
2419 1354 2518 1390 fuisso

1469 1409 1584 1449 divisa,
1597 1410 1671 1442 ante
1686 1409 1934 1443 mundiscilieet
1948 1411 2201 1445 exornationem.
2244 1414 2335 1446 Attu
2386 1449 2397 1460 4
2435 1414 2443 1422 ’
2518 1447 2523 1455 ,

1467 1471 1536 1502 erat
1556 1469 1739 1510 hujusmodi
1758 1470 1889 1503 rationis
1907 1479 2023 1512 expers
2038 1480 2147 1504 rerum
2160 1472 2340 1507 inordinata
2387 1460 2469 1480 ¹
2522 1459 2527 1465 ἓ
2542 1468 2578 1504 J
2621 1480 2625 1483 “

1467 1528 1529 1561 Sed
1548 1528 1602 1560 ubi
1627 1533 1745 1561 cuncta
1767 1529 1866 1570 redigi
1887 1529 1928 1561 ad
1951 1529 2086 1562 modum
2106 1530 2242 1573 placuit,
2266 1531 2363 1575 igne·
2379 1526 2555 1572 ³

1467 1589 1604 1627 terram,
1624 1589 1657 1620 et
1671 1596 1765 1628 aera,
1782 1590 1878 1630 atque
1891 1597 2028 1630 aquam,
2044 1590 2250 1624 concinnavit
2271 1580 2375 1634 opud
2388 1584 2404 1611 ἕ
2419 1591 2446 1601 “’

1467 1655 1532 1680 non
1550 1647 1626 1680 talia
1646 1649 1682 1679 ut
1698 1656 1784 1680 nunc
1801 1651 1895 1688 sunt,
1912 1648 1968 1681 sed
1988 1657 2063 1689 quae
2083 1650 2271 1690 praeferrent
2287 1650 2518 1686 elementorum

1467 1706 1621 1747 vestigia,
1638 1706 1669 1738 in
1690 1715 1730 1739 eo
1752 1706 1919 1747 squalore,
1932 1715 1970 1739 ac
1985 1706 2206 1750 deformitate,
2221 1717 2295 1750 quae
2332 1711 2465 1752 apparet
2485 1710 2520 1745 iu

1470 1843 1650 1894 δυνάμεων
1685 1843 1769 1894 μήτ’
1800 1840 1996 1897 ἷσοῤῥόπων
2034 1844 2281 1896 ἐμπίπλασθαι
2316 1842 2396 1887 κατ’
2421 1847 2520 1887 οὐδὲν

1468 1904 1574 1950 αυτ-ἥς
1604 1903 1815 1956 ἷσοῤῥοπεῖν,
1846 1904 1925 1941 ἀλλ’
1947 1904 2143 1953 ἀνωμάλως
2175 1904 2293 1959 πάντῃ
2326 1906 2520 1946 raam-tou-

1469 1961 1577 2012 μένην
1607 1960 1762 1999 σείεσθαι
1783 1961 1847 2012 μὲν
1877 1961 1935 1999 ὑπ’
1956 1961 2097 2001 ἐκείνων
2123 1962 2246 2012 αὐτήν,
2266 1962 2520 2016 κινούμένηνὲ

1468 2036 1511 2058 αυ
1533 2020 1675 2058 πάλιν
1660 2025 1775 2059 εκεῖνα
1795 2020 1914 2058 σείειψ
1934 2020 1980 2058 τὰ
2003 2021 2040 2060 δὲ
2033 2021 2249 2095 “xtvmssgaeva
2269 2022 2363 2062 ἄλλα
2392 2023 2520 2062 ἄλλοσε

1468 2079 1522 2118 ἀει
1548 2079 1713 2132 φέρεσθαι
1734 2078 2004 2131 διακρινόμενα,
2026 2079 2073 2124 ὥς
2095 2095 2162 2132 περ
2190 2080 2269 2119 τδιξ
2255 2081 2323 2120 υπὸ
2341 2083 2418 2120 τῶν
2431 2082 2521 2120 πλο-

1467 2138 1583 2176 κάνων
1599 2153 1636 2176 τε
1653 2138 1711 2176 καὶ
1733 2138 1890 2190 ὀργάνων
1906 2140 1975 2176 τῶν
1989 2138 2070 2192 περὶ
2082 2140 2146 2187 τὴν
2164 2134 2225 2179 ‘rob'
2241 2139 2338 2179 σίτου
2350 2139 2520 2193 κάθαρσιν

1469 2196 1633 2248 σειόμενα
1648 2196 1709 2235 καὶ
1729 2196 1998 2247 ἀναλικνώμενα
2019 2196 2065 2235 τὰ
2086 2196 2149 2248 μὲν
2179 2197 2296 2238 πυκνὰ
2318 2198 2379 2237 καὶ
2408 2198 2520 2254 βαρέα

1468 2255 1558 2309 ἄλλῃ
1572 2284 1583 2304 ,
1607 2255 1651 2294 τὰ
1669 2255 1704 2294 δὲ
1724 2255 1819 2306 μανὰ
1839 2256 1899 2294 καὶ
1918 2259 2031 2309 κοῦφα
2050 2257 2097 2300 εἷς
2117 2255 2240 2310 ἑτέραν
2255 2256 2322 2304 ἵζει
2342 2257 2518 2312 φερόμενα
2563 2296 2566 2299 ,

1468 2314 1581 2368 ἕδραν·
1602 2315 1680 2354 τότε
1710 2314 1801 2354 οὕτω
1827 2314 1871 2353 τὰ
1899 2315 2049 2368 τέτταρα
2070 2315 2153 2367 γένη
2179 2316 2342 2369 σειόμενα
2367 2317 2435 2356 υπὸ
2457 2320 2520 2365 τῆς

1468 2373 1678 2447 δεξαμενῆς,
1713 2374 1918 2425 κινουμένης
1951 2375 2060 2421 αὐτῆς
2093 2378 2165 2415 οἷον
2197 2375 2346 2430 ὀργάνου
2370 2376 2520 2428 σεισμὸν

1467 2433 1704 2486 παρέχοντος,
1721 2433 1767 2472 τὰ
1795 2433 1858 2483 μὲν
1891 2435 2126 2483 ἀνομοιότατα
2144 2437 2307 2475 πλεῖστον
2340 2436 2431 2476 αὐτὰ
2454 2439 2516 2491 ἀφ’

1471 2496 1584 2532 αὑτῶν
1619 2493 1755 2546 ὁρίζειν,
1774 2493 1818 2532 τὰ
1849 2494 1879 2531 δ’
1900 2493 2091 2543 ὁμοιότατα
2125 2495 2281 2546 μάλιστα
2310 2497 2360 2541 εἷς
2390 2497 2498 2536 ταύτὸ

1468 2551 1643 2601 ξυνωθείν,
1667 2551 1719 2590 διὸ
1739 2551 1780 2598 δὴ
1801 2552 1859 2603 καζι
1880 2552 2001 2604 χώραν
2021 2557 2133 2592 ταῦτα
2153 2554 2246 2594 ἄλλα
2265 2554 2376 2604 ἄλλην
2393 2554 2506 2608 ἴσχειν
2531 2565 2536 2570 ’

1467 2610 1548 2663 πρὶν
1580 2611 1639 2649 καὶ
1673 2610 1712 2649 τὸ
1744 2616 1814 2649 πᾶν
1845 2610 1881 2655 ἐξ
1921 2613 2037 2650 αὐτῶν
2074 2613 2313 2664 διακοσμηθὲν
2345 2612 2519 2666 γενέσθαι.

1468 2669 1540 2708 Καὶ
1556 2670 1597 2709 τὸ
1618 2669 1681 2719 μὲν
1699 2669 1740 2716 δὴ
1766 2669 1835 2723 πρὸ
1859 2671 1980 2709 τούτου
2001 2670 2117 2709 πάντα
2146 2673 2246 2711 ταῦτ’
2267 2671 2360 2726 ἔχειν
2381 2671 2537 2726 ἀλόγως

1467 2728 1527 2767 καὶ
1547 2729 1729 2781 ἀμέτρως·
1749 2727 1806 2767 ὅτε
1828 2729 1866 2767 δ’
1887 2730 2102 2781 ἐπεχειρεῖτο
2130 2734 2340 2782 κοσμεῖσθαι
2366 2731 2408 2771 τὸ
2427 2738 2515 2783 παν,

1467 2805 1537 2842 πυρ
1566 2790 1705 2842 πρῶτον
1737 2804 1798 2828 και
1826 2788 1918 2842 ὕδωρ
1955 2789 2015 2828 καὶ
2034 2792 2099 2841 γῆν
2131 2806 2191 2830 και
2218 2790 2330 2844 ἀέρα,
2349 2790 2431 2844 ἴχνη
2438 2789 2516 2867 μὲν

1467 2847 1593 2901 ἔχοντα
1625 2850 1736 2887 αὑτῶν
1772 2847 1884 2899 ἄττα,
1905 2848 2112 2888 παντάπασι
2143 2849 2215 2900 μὴν
2244 2845 2494 2902 διακείμενασ
2468 2866 2517 2895 ως

1466 2920 1533 2957 περ
1554 2906 1644 2952 εἰκὸς
1675 2906 1769 2960 ἔχειν
1803 2906 1897 2946 ἅπαν
1933 2906 2017 2945 ὅταν
2040 2908 2115 2961 ἀπῇ
2135 2923 2226 2952 τινος
2246 2907 2341 2961 θεός,
2361 2908 2454 2949 οὕτω
2471 2909 2515 2959 δὴ

1466 2964 1543 3004 τότε
1568 2965 1746 3019 πεφυκότα
1770 2969 1882 3004 ταῦτα
1914 2969 2052 3019 πρῶτον
2075 2968 2378 3020 διεσχηματίσατο
2409 2955 2517 3009 εἴδεα-ί

1466 3039 1504 3061 τε
1539 3025 1600 3063 καὶ
1633 3023 1803 3077 ἀριθμοῖς.
1859 3019 1912 3065 'lb
1947 3025 1982 3064 δὲ
2017 3030 2039 3078 ᾗ
2072 3026 2216 3066 δυνατὸν
2254 3029 2302 3072 ως
2341 3027 2515 3068 κάλλιστα

1467 3078 1592 3133 ἄριστά
1611 3098 1649 3122 τε
1670 3082 1703 3128 ἐξ
1723 3085 1788 3137 οὐχ
1811 3084 1920 3128 οὕτως
1941 3083 2093 3137 ἐχόντων
2111 3087 2169 3124 τὸν
2199 3086 2274 3126 θεὸν
2302 3086 2394 3126 aaz&
2422 3086 2515 3132 ξυνι-

1467 3142 1614 3191 στάναι,
1650 3143 1747 3195 παρὰ
1775 3144 1892 3183 πάντα
1923 3147 2009 3196 ἡμῖν
2035 3146 2081 3188 ὡς
2110 3145 2164 3183 ἀεὶ
2194 3161 2297 3185 τουτο
2324 3146 2512 3198 λεγόμενον

1467 3202 1671 3255 ὑπαρχέτω.
1703 3205 1816 3243 Νῦν
1797 3205 1827 3242 ο’
1851 3219 1909 3242 ουν
1928 3204 1991 3251 τὴν
2015 3204 2170 3250 διάταξιν
2190 3207 2305 3245 αὐτῶν
2331 3206 2511 3258 ἐπιχειρη-

1468 3260 1544 3300 τέον
1562 3263 1718 3301 ἑκάστων
1739 3263 1800 3302 καὶ
1829 3264 1965 3315 γένεσιν
1999 3264 2100 3311 ἀήθει
2123 3263 2217 3319 λόγῳ
2235 3273 2319 3316 πρὸς
2340 3266 2430 3314 apa<
2447 3265 2557 3312 Eri-0

1466 3318 1563 3357 λοῧν.
1622 3320 1727 3360 Ἀλλὰ
1755 3321 1822 3374 γὰρ
1854 3323 1929 3361 ἔπει
1963 3338 2130 3376 μετέχετε
2157 3325 2225 3362 τῶν
2254 3322 2345 3361 κατὰ
2369 3324 2511 3363 παίδευ-

1467 3392 1522 3416 σιν
1543 3379 1654 3425 ὁδῶν,
1685 3381 1728 3419 δι’
1752 3375 1800 3420 ων
1822 3383 1856 3420 ἐν
1878 3382 2074 3430 δείκνυσθαι
2095 3382 2140 3421 τὰ
2159 3382 2331 3435 λεγόμενα
2352 3383 2510 3437 ἀνάγκη,

1468 3434 1587 3489 ξυνέψε
1574 3441 1664 3478 σθε.
2367 3457 2377 3463 ·
2633 3461 2638 3475 =
