2638 3840
343 311 354 343 ι
366 309 416 342 06
1164 291 1595 333 PYTHAGOREORU
1604 292 1643 333 Μ

329 389 524 442 sapientiae
543 387 671 426 studio
699 386 978 424 delectarentur
998 381 1207 420 amicitiam
1233 392 1366 430 gerere

328 461 454 500 posse,
481 448 528 485 de
548 447 621 484 hoc
647 445 823 483 humanae
858 442 945 479 vita:
965 441 1122 478 vinculo
1152 439 1308 491 copiose
1331 448 1370 477 et

329 507 531 557 magnifice
567 505 763 555 disputare
794 500 979 538 solebant.
1018 499 1076 537 Cf.
1116 498 1273 535 Arrian.
1319 498 1361 535 in

328 566 490 617 Epictet.
513 564 584 610 ΙΙΙ,
609 577 671 601 22.
695 558 952 606 Quamobrem
969 557 1098 608 plures
1115 556 1200 606 ejus
1220 556 1368 607 species

329 625 391 662 hic
420 630 705 662 enumerantur.
742 640 793 648 —
831 616 880 638 ⁴¹⁷
902 616 1049 666 Scripsi
1078 613 1216 667 γήρως;
1253 615 1365 654 codd·

330 686 433 735 γῆρα.
455 706 505 714 -
524 680 572 703 ¹¹⁸
590 678 738 717 Inserui
758 675 875 713 verba
894 674 1026 721 ληπτὸν
1048 673 1083 712 δὲ
1104 674 1142 712 τὸ
1157 673 1256 719 ἀξίαν
1270 674 1365 725 ἔχον,

329 755 414 792 quae
448 741 489 778 in
518 737 749 777 membranis
768 733 1046 772 desiderantur.
1070 755 1107 761 —-
1143 732 1192 755 ¹¹⁰
1222 733 1367 783 Dioge-

329 813 443 850 genes
473 797 646 836 Laertius
668 793 747 838 Vll,
778 794 824 839 87
862 806 871 829 :
895 791 1013 843 διόπερ
1043 793 1180 845 πρῶτος
1196 795 1221 831 ’ὁ
1244 791 1365 838 Ζήνων

331 859 364 896 ἐν
385 860 434 910 τῷ
450 855 528 909 περὶ
550 853 729 906 ἀνθρώπου
750 851 884 904 φύσεως
904 849 1000 893 τέλος
1019 843 1095 888 εἶπε
1121 850 1159 888 τὸ
1179 851 1368 902 ὁμολογου-

330 916 439 967 μένως
465 919 508 968 τῇ
528 914 627 967 φύσει
656 914 733 958 ζῆν.
754 911 839 949 Vid.
860 910 1038 962 Lipsium
1060 910 1217 950 Manud.
1251 910 1369 949 StoiC.

331 976 383 1022 Il,
421 979 480 1018 xl..
505 995 558 1001 -—
585 971 635 994 ⁴2⁰
666 971 786 1008 Plena
809 970 1047 1008 constructio
1071 978 1128 1007 est
1161 972 1231 1008 τῶν
1254 984 1367 1021 μαχο-

327 1033 437 1084 μένων
475 1034 608 1074 ἑαυτοῖς
638 1028 751 1082 ζῴων,
800 1028 867 1067 sed
909 1042 1126 1080 pronomen
1164 1028 1369 1067 brevitatis

327 1105 439 1131 causa
459 1089 716 1142 philosophus
743 1087 887 1127 omisit.
907 1086 1018 1117 -⁴2¹
1041 1087 1154 1125 Edidi
1173 1087 1369 1140 διαρθροῦν-

328 1166 400 1198 τες;
434 1149 545 1187 codd.
572 1148 914 1200 προσδιαρθροῦντες.
938 1168 990 1176 —
1013 1145 1061 1168 ⁸²²
1088 1146 1148 1185 Cf.
1173 1147 1364 1196 Diogenes

326 1209 502 1248 Laertius
519 1207 604 1254 Vll,
636 1208 698 1254 87,
721 1207 790 1257 qui
804 1205 1025 1243 Cleanthem
1048 1205 1138 1243 citat
1155 1206 1189 1243 ἓν
1211 1208 1261 1258 τῷ
1289 1204 1369 1257 περὶ

323 1270 459 1315 ἡδονῆς.
480 1291 533 1298 -—
554 1264 603 1290 ¹²³
625 1267 816 1316 Diogenes
846 1265 1022 1304 Laertius
1049 1265 1138 1313 Vll,
1163 1266 1210 1313 87
1232 1280 1241 1303 :
1261 1264 1368 1302 πάλιν

326 1328 353 1365 δ’
370 1326 444 1366 ἴσον
461 1325 534 1365 ἐστὶ
553 1324 591 1364 τὸ
605 1324 681 1363 κατ’
705 1322 831 1376 ἀρετὴν
851 1325 911 1370 ζῆν
932 1324 983 1376 τῷ
1000 1322 1076 1361 κατ’
1097 1322 1282 1374 ἐμπειρίαν
1299 1325 1368 1360 τῶν

325 1386 425 1438 φύσει
444 1383 706 1436 συμὸαινόντων
738 1385 819 1430 ζῆν,
847 1381 891 1425 ὥς
914 1397 999 1434 φησι
1022 1381 1229 1434 Χρύσιππος
1257 1385 1291 1421 ἐν
1319 1383 1369 1435 τῷ

325 1444 453 1497 πρώτῳ
479 1442 558 1495 περὶ
577 1443 700 1480 τελῶν·
717 1441 807 1492 μέρη
826 1441 892 1493 γάρ
907 1443 991 1479 εἰσιν
1011 1442 1046 1478 αἱ
1066 1440 1235 1492 ἡμέτεραι
1253 1440 1370 1493 φύσεις

323 1507 384 1550 τῆς
405 1507 466 1542 τοῦ
487 1503 582 1542 ὅλου.
601 1524 648 1531 --
670 1500 717 1523 ¹2⁴
749 1501 941 1549 Diogenes
961 1499 1138 1538 Laertius
1153 1500 1239 1548 Vll,
1259 1501 1307 1538 88
1326 1515 1334 1538 :
1352 1502 1370 1538 ὁ

326 1561 388 1613 μὲν
408 1557 465 1600 οὖν
481 1559 646 1611 Διογένης
662 1558 758 1602 τέλος
775 1558 859 1611 φησὶ
880 1560 1014 1611 ῥητῶς,
1041 1557 1080 1596 τὸ
1101 1559 1311 1609 εὐλογιστεῖν
1333 1559 1367 1596 ἐν

324 1623 368 1672 τῇ
403 1623 470 1658 τῶν
497 1619 588 1658 κατὰ
624 1617 723 1671 φύσιν
747 1618 887 1669 ἐκλογῇ.
915 1639 969 1645 -
1000 1615 1050 1638 ¹²5
1089 1617 1145 1656 Cf.
1176 1617 1369 1667 Diogenes

325 1680 499 1718 Laertius
530 1677 625 1724 Vll,
658 1678 721 1714 88.
767 1698 820 1705 —
855 1673 905 1698 ¹2⁶
935 1674 1098 1725 Vulgavi
1127 1677 1206 1713 καθ’
1245 1674 1367 1722 αὐτὸν;

325 1739 434 1776 codd.
469 1736 545 1775 κατ’
576 1735 677 1775 αὐτὸν
707 1735 767 1773 vel
796 1735 872 1772 κατ’
894 1732 1017 1780 αὐτὴν.
1054 1755 1108 1763 —
1138 1733 1188 1755 ¹²⁷
1223 1733 1370 1784 Scripsi

326 1811 410 1834 cum
433 1794 733 1847 Wyttenbacliio
754 1793 801 1831 ad
824 1793 932 1831 Bakii
950 1792 1204 1830 Posidonium
1223 1806 1262 1843 p.
1293 1797 1369 1836 2²4

325 1857 385 1901 τῆς
402 1852 622 1903 εὐδαιμονίας
639 1849 937 1903 στοχαζομένους;
958 1848 1052 1886 libri
1074 1851 1134 1895 τῆς
1147 1848 1368 1900 εὐδαιμονίας
1400 1885 1402 1892 ,

324 1911 574 1962 σκεπτομένους
589 1940 599 1960 ,
622 1909 733 1961 cujus
747 1909 832 1947 loco
847 1909 1060 1946 Heerenius
1080 1908 1202 1946 edidit
1217 1907 1371 1960 περὶτῆς
1400 1926 1402 1939 v

324 1968 544 2020 εὐδαιμονίας
574 1968 842 2018 σκεπτομένους.
864 1989 918 1997 -
938 1966 988 1989 ¹²⁸
1023 1967 1118 2012 Quae
1147 1966 1371 2018 subjiciun-

325 2037 387 2067 tur
413 2027 532 2066 verba
555 2027 614 2066 καὶ
641 2030 708 2066 τῶν
730 2040 852 2078 usque
875 2027 923 2077 ad
942 2025 1176 2079 παραπλήσια
1194 2040 1269 2076 pro
1302 2040 1371 2077 pa-

324 2087 491 2126 renthesi
510 2085 646 2124 haberi
673 2094 838 2138 oportet.
857 2085 970 2124 Hisce
993 2086 1096 2123 enim
1125 2086 1369 2137 interpositis

325 2147 540 2184 annectitur
549 2146 701 2183 demum
710 2145 920 2196 explicatio
931 2147 989 2181 τοῦ
1002 2142 1132 2195 τέλους,
1143 2143 1370 2182 discrimine
1400 2157 1402 2166 ⁵

1101 2201 1151 2224 ⁴²²³
1174 2202 1370 2254 Rescripsi
1400 2219 1402 2232 ι

329 2208 458 2243 σκοποῦ
483 2213 519 2242 et
545 2203 662 2248 τέλους
684 2205 780 2242 sacto
813 2203 994 2252 flagitata.
1019 2225 1071 2232 —

326 2264 390 2311 ἔτι,
422 2265 467 2307 ὥς
485 2263 607 2303 ταυτὸν
624 2263 684 2311 ὄν;
708 2263 821 2302 codd.
848 2261 906 2299 ἔτί
926 2265 987 2300 τοῦ
1007 2261 1116 2305 ὄντος.
1137 2283 1190 2290 -
1206 2260 1256 2283 ¹3⁰
1276 2262 1369 2299 Dio·

326 2335 439 2372 genes
458 2322 633 2361 Laertius
645 2321 730 2370 Vll,
754 2323 802 2359 28
818 2337 827 2360 ι
844 2316 932 2360 εἶναι
947 2322 976 2359 δ’
999 2319 1083 2358 αὐτὸ
1096 2324 1197 2359 τοῦτο
1216 2319 1278 2367 τὴν
1308 2324 1368 2359 τοῦ

326 2381 520 2431 εὐδαίμονος
558 2381 704 2434 ἀρετήν,
750 2380 810 2419 καὶ
842 2380 977 2432 εὔροιαν
1008 2379 1102 2432 βίου,
1130 2379 1214 2418 ὅταν
1253 2379 1368 2418 πάντα

325 2440 520 2491 πράττηται
539 2440 630 2479 κατὰ
653 2439 715 2486 τὴν
737 2439 939 2492 συμφωνίαν
954 2442 1015 2478 τοῦ
1036 2438 1122 2491 παρ’
1144 2439 1280 2492 ἑκάστῳ
1294 2439 1370 2478 δαί-

316 2514 426 2548 -μονος
444 2498 528 2551 πρὸς
547 2499 609 2546 τὴν
630 2502 689 2536 τοῦ
707 2497 786 2537 ὅλου
808 2500 982 2546 διοικητοῦ
1002 2496 1182 2550 βούλησιν,
1197 2497 1266 2536 ubi
1284 2500 1365 2537 vid.

327 2557 475 2606 Menag.
509 2580 559 2589 -—
596 2555 640 2579 ¹³¹
664 2556 776 2594 Edidi
802 2557 934 2606 μᾶλλον
965 2554 1001 2593 δὲ
1023 2554 1116 2607 ἔχειν
1140 2555 1224 2594 αὐτὸ
1258 2556 1371 2609 αἱρού-

327 2617 436 2663 μεθα;
460 2614 552 2652 libri
587 2614 707 2663 ἀλλ’ἢ
745 2615 812 2666 ἄρα
838 2614 931 2666 ἔχειν
963 2613 1048 2652 αὐτὸ
1081 2615 1284 2667 αἱρούμεθα.
1317 2638 1371 2645 -

328 2671 376 2695 ¹32
397 2674 553 2711 Transit
588 2674 754 2724 scriptor
782 2674 829 2711 ad
861 2675 986 2712 locum
1023 2688 1044 2712 a
1069 2674 1209 2713 Stoicis
1239 2675 1370 2726 philo-

327 2733 458 2783 sophis
490 2734 655 2770 maxime
685 2743 913 2771 exornatum
948 2735 996 2772 de
1027 2734 1369 2781 indifferentibus,

326 2805 438 2841 quem
457 2792 570 2828 etiam
595 2792 785 2841 Diogenes
800 2794 978 2831 Laertius
1001 2793 1067 2832 lib.
1090 2793 1177 2843 Vll,
1201 2799 1271 2838 104
1289 2807 1369 2845 seq.

326 2850 465 2898 attigit.
497 2872 549 2878 —
583 2850 630 2872 ¹³³
671 2852 790 2889 Posui
822 2850 953 2898 ἔνεστι;
986 2852 1079 2890 libri
1118 2852 1281 2904 πάρεστι.
1320 2875 1372 2882 -

329 2905 376 2933 434

328 3025 416 3074 μήτε
435 3027 544 3075 ὁρμῆς
564 3024 652 3074 μήτε
675 3028 832 3078 ἀφορμῆς
849 3027 1023 3074 κινητικά·
1044 3030 1089 3071 ὡς
1105 3028 1177 3080 ἔχει
1195 3029 1236 3067 τὸ
1250 3030 1370 3083 ἀρτίας

327 3082 417 3135 ἔχειν
433 3082 489 3120 ἐπὶ
503 3085 563 3129 τῆς
573 3085 725 3134 κεφαλῆς
740 3083 891 3137 τρίχαςῆ
909 3086 1085 3138 περιττάς,
1104 3085 1126 3132 ἢ
1149 3089 1297 3126 ἐκτεῖναι
1311 3088 1368 3126 τὸν
1401 3079 1402 3086 ¹

327 3141 493 3179 δάκτυλον
517 3141 540 3187 ἢ
575 3143 767 3181 συστεῖλαι.
806 3165 860 3171 -—
887 3142 937 3167 ¹3⁶
970 3145 1161 3193 Diogenes
1190 3147 1370 3189 Laertius

326 3199 410 3246 Vll,
433 3200 505 3243 148
521 3214 530 3237 :
545 3198 619 3237 ἔστι
639 3199 673 3236 δὲ
695 3200 794 3251 φύσις
807 3200 872 3245 ἕξις
889 3202 923 3246 ἐξ
944 3204 1049 3248 αὐτῆς
1068 3203 1253 3253 κινουμένη
1279 3204 1369 3242 κατὰ
1401 3223 1402 3226 ’

327 3255 582 3309 σπερματικοὺς
600 3258 732 3309 λόγους,
747 3259 963 3298 ἀποτελοῦσά
981 3276 1018 3297 τε
1038 3259 1097 3297 καὶ
1117 3260 1308 3312 συνέχουσα
1329 3261 1370 3300 τὰ
1401 3262 1402 3267 ’

1400 3319 1401 3362 J
1432 3323 1472 3359 id
1491 3332 1551 3360 est
1581 3322 1772 3374 producta
1794 3320 2060 3359 nominentur.
2086 3335 2102 3351 n
2124 3316 2218 3354 Esse
2237 3323 2363 3352 autem
2381 3312 2481 3350 hanc

327 3314 361 3358 ἐξ
385 3316 491 3361 αὐτῆς
517 3316 550 3353 ἐν
573 3315 777 3368 ὡρισμένοις
804 3316 961 3368 χρόνοις,
990 3317 1049 3355 καὶ
1078 3321 1222 3370 τοιαῦτα
1254 3320 1371 3371 δρῶσα

329 3373 385 3423 ἀφ’
422 3373 503 3412 οἵων
542 3375 726 3428 ἀπεκρίθη.
762 3377 862 3414 Huic
893 3376 1112 3415 Stoicorum
1149 3378 1369 3417 definitioni

328 3441 581 3471 consentanea
599 3442 690 3471 sunt
707 3434 906 3472 Ciceronis
925 3434 1047 3472 verba
1068 3435 1139 3473 lib.
1163 3435 1199 3472 ll
1217 3436 1264 3473 de
1276 3436 1358 3474 Nat.

402 2907 510 2944 Edidi
529 2907 727 2956 συνουσίαν;
748 2909 861 2948 codd.
886 2925 937 2953 τις
958 2909 1014 2949 ἄν.
1037 2932 1090 2939 -
1109 2910 1157 2934 '²³⁵
1180 2912 1372 2961 Diogenes
1401 2929 1402 2934 ¹

327 2967 503 3004 Laertius
518 2966 600 3013 Vll,
621 2974 688 3012 104
712 2982 719 3004 :
742 2969 853 3011 ἄλλως
876 2967 910 3005 δὲ
947 2968 1088 3020 λέγεται
1120 2970 1292 3023 ἀδιάφορα
1324 2970 1369 3009 τὰ
1400 3002 1403 3022 5

1426 388 1556 431 partes
1571 379 1664 430 agit.
1690 396 1707 414 «
1728 377 1901 430 Namque
1916 377 1982 417 alii
1995 408 2006 429 ,
2020 378 2148 429 inquit
2160 406 2171 425 ‚
2193 386 2368 416 naturam
2387 389 2470 418 esee

1429 447 1584 478 censent
1603 439 1682 477 vim
1708 438 1900 490 quandam
1918 438 2002 476 sine
2018 437 2169 476 ratione
2188 437 2350 475 cientem
2380 449 2470 475 mo-

1429 506 1489 536 tus
1520 499 1561 536 in
1585 496 1816 549 corporibus
1841 496 2101 544 necessarios;
2134 496 2202 534 alii
2226 504 2351 533 autem
2380 494 2462 534 vim

1428 557 1657 609 participem
1677 556 1840 595 rationis
1863 564 1977 607 atque
2004 554 2156 593 ordinis
2171 583 2181 602 ,
2198 562 2381 605 tanquam
2401 553 2470 592 via

1429 615 1739 668 progredientem
1774 615 2130 664 declarantemque,
2158 612 2254 664 quid
2281 612 2471 663 cujusque

1430 675 1488 713 rei
1513 687 1627 713 causa
1645 673 1810 720 efficiat,
1844 673 1941 724 quid
1962 680 2170 723 sequatur3
2193 670 2304 722 cujus
2328 668 2471 709 soller-

1429 734 1521 772 tiam
1548 732 1655 771 nulla
1676 745 1761 779 ars,
1783 731 1891 770 nulla
1909 743 2045 769 manus
2059 759 2069 777 ,
2097 742 2210 767 nemo
2232 728 2364 780 opifex
2377 739 2476 766 con·-

1429 793 1538 843 scqui
1570 792 1695 843 possit
1724 789 1912 829 imitando
1935 804 1944 827 :
1968 789 2127 828 seminis
2153 788 2258 826 enim
2281 786 2359 825 vim
2389 798 2475 826 esse

1429 859 1586 897 tantam,
1599 859 1641 888 ut
1660 849 1713 896 id,
1726 861 1958 900 quamquam
1973 848 2024 886 sit
2037 847 2307 899 perexiguum,
2328 853 2472 894 tamen,

1429 910 1462 948 si
1484 908 1665 947 inciderit
1685 908 1727 946 in
1749 907 2031 958 concipientem
2065 903 2476 957 comprehendentem-

1429 981 1504 1019 que
1521 976 1693 1006 naturam
1707 975 1938 1016 nactumque
1952 965 2003 1003 sit
2015 965 2231 1012 materiam,
2245 975 2323 1014 qua
2335 962 2389 1000 ati
2408 975 2476 1001 au-

1430 1027 1589 1078 gerique
1608 1026 1754 1078 possit,
1775 1026 1828 1063 ita
1850 1025 1969 1073 fingat
1994 1031 2031 1060 et
2049 1022 2194 1060 efficiat
2213 1022 2256 1060 in
2275 1033 2348 1060 suo
2361 1020 2478 1072 quid·

1430 1098 1507 1136 que
1526 1097 1686 1134 genere,
1707 1085 1848 1135 partim
1875 1090 1918 1120 ut
1944 1080 2211 1119 tantummodo
2237 1092 2306 1132 per
2336 1079 2477 1131 stirpes

1430 1144 1583 1181 alantur
1603 1155 1705 1191 suas,
1724 1143 1867 1195 partim
1886 1149 1930 1179 ut
1957 1140 2108 1178 moveri
2137 1139 2254 1178 etiam
2273 1146 2312 1176 et
2332 1138 2475 1177 sentire

1400 1231 1401 1234 η
1430 1211 1467 1240 et
1489 1211 1670 1254 appetere
1702 1202 1854 1254 possint
1883 1209 1922 1238 et
1955 1213 2004 1238 ex
2028 1211 2111 1238 sese
2141 1199 2203 1237 sui
2232 1196 2378 1236 similia
2406 1197 2476 1247 gi-

1431 1273 1561 1310 gnere.
1583 1278 1599 1295 »
1629 1283 1683 1290 —
1705 1259 1756 1284 ¹³⁷
1775 1259 1942 1309 Vulgavi
1961 1257 2272 1310 παρατρεπτικῶςς
2299 1255 2393 1294 libri
2414 1255 2475 1294 καὶ

1430 1321 1726 1371 κατατρεπτικῶς.
1743 1340 1797 1348 —-
1825 1315 1875 1340 ¹³⁸
1904 1317 2051 1368 Scripsi
2068 1315 2359 1369 παρατρεπτικῶς
2387 1326 2476 1353 cum

1431 1378 1634 1417 codicibus
1672 1381 1898 1428 Augustano
1933 1384 1971 1414 et
2006 1374 2212 1422 Vatican03
2243 1373 2287 1412 in
2312 1372 2478 1424 reliquis

1430 1446 1487 1475 est
1522 1438 1821 1489 κατατρεπτικῶς.
1868 1458 1922 1464 -
1957 1430 2009 1456 ⁴³⁰
2045 1433 2188 1471 Addidi
2219 1431 2366 1484 διάφορα
2394 1429 2478 1482 γένη

1430 1490 1541 1544 εἶναις
1558 1509 1647 1534 nam
1663 1504 1752 1546 post
1769 1494 1933 1542 ἀλήπτων
1951 1494 2072 1530 verba
2086 1491 2275 1530 nonnulla
2287 1489 2477 1530 excidisse

1431 1565 1606 1608 apertum
1633 1563 1703 1594 est.
1731 1576 1784 1583 —
1817 1552 1866 1575 ¹⁴⁰
1885 1553 1982 1590 Cum
2013 1551 2087 1588 hoc
2123 1551 2212 1588 loco
2240 1547 2475 1588 conferenda

1432 1625 1522 1654 suut
1537 1629 1623 1667 quae
1643 1614 1780 1653 iisdem
1797 1603 1847 1651 de
1859 1611 1974 1650 rebus
1992 1611 2185 1662 Diogenes
2199 1607 2375 1647 Laertius
2388 1606 2437 1644 Vl
2442 1606 2475 1654 1,

1435 1677 1507 1714 105
1526 1675 1657 1714 tradit.
1681 1672 1852 1724 Uterque
1871 1672 1973 1710 enim
1994 1671 2036 1708 in
2053 1677 2159 1707 tanta
2177 1669 2333 1707 testium
2352 1679 2475 1718 penu—

1434 1736 1493 1773 ria
1513 1733 1742 1773 audiendus.
1774 1731 1840 1769 Ait
1872 1730 2018 1780 igitur:
2044 1730 2112 1766 τῶν
2138 1726 2336 1780 ἀδιαφόρων
2354 1723 2476 1776 τὰμὲν

1432 1794 1571 1845 λέγουσι
1587 1789 1791 1845 προηγμένα
1803 1821 1814 1839 ,
1830 1788 1875 1828 τὰ
1892 1788 1929 1827 δὲ
1950 1785 2240 1840 ἀποπροηγμένα.
2261 1784 2478 1838 Προηγμένα

1432 1852 1508 1903 μέν,
1536 1851 1581 1891 τὰ
1602 1851 1727 1904 ἔχοντα
1754 1848 1866 1894 ἀξίαν·
1900 1846 2176 1899 ἀποπροηγμένα
2204 1843 2240 1883 δὲ
2259 1843 2304 1884 τὰ
2333 1843 2478 1889 ἀναξίαν

1431 1911 1570 1964 ἔχοντα.
1591 1908 1703 1954 Ἀξίαν
1736 1908 1791 1955 δέ,
1821 1906 1883 1954 τὴν
1910 1906 1971 1957 μέν
1999 1921 2076 1944 τινα
2114 1904 2255 1956 λέγουσι
2281 1901 2480 1953 σύμὸλησιν

1431 1970 1515 2023 πρὸς
1534 1969 1591 2007 τὸν
1611 1966 1886 2019 ὁμολογούμενον
1907 1965 1996 2018 βίον,
2015 1964 2090 2012 ἥτις
2110 1963 2184 2002 ἐστὶ
2203 1962 2284 2015 περὶ
2302 1967 2372 2000 πᾶν
2387 1963 2479 2013 ἄγα-

1431 2028 1500 2066 θόν·
1518 2026 1580 2074 τὴν
1603 2025 1639 2065 δὲ
1666 2020 1754 2064 εἶναι
1783 2024 1893 2075 μέσην
1919 2023 1997 2062 τινὰ
2023 2022 2169 2073 δύναμιν
2191 2021 2215 2068 ἢ
2239 2019 2361 2074 χρείαν
2385 2035 2480 2071 συμ-

1433 2084 1652 2136 ὃαλλομένην
1668 2084 1753 2136 πρὸς
1771 2083 1829 2122 τὸν
1849 2082 1941 2122 κατὰ
1963 2081 2062 2136 φύσιν
2080 2081 2172 2134 βίον,
2187 2073 2256 2119 οἷον
2276 2080 2425 2118 πλοῦτον
2444 2075 2470 2126 ἦ

1433 2145 1578 2197 ὑγίειαν·
1601 2143 1665 2191 τὴν
1685 2144 1715 2181 δ’
1746 2135 1834 2181 εἶναι
1854 2141 1968 2190 ἀξίαν,
1990 2139 2142 2191 ἀμοιὸὴν
2169 2139 2400 2190 δοκιμαστοῦ,
2427 2136 2472 2185 ἣν

1433 2206 1473 2244 ἂν
1500 2207 1518 2242 ὁ
1549 2203 1711 2256 ἔμπειρος
1739 2204 1808 2240 τῶν
1830 2199 2049 2254 πραγμάτων
2074 2198 2174 2250 τάξῃ·
2195 2196 2315 2249 ὅμοιον
2348 2197 2475 2245 εἰπεῖν,

1433 2263 1640 2313 ἀμείὸεσθαι
1660 2261 1788 2312 πυροὺς
1814 2260 1899 2312 πρὸς
1929 2259 1991 2304 τὰς
2019 2258 2080 2297 σὺν
2109 2256 2244 2310 ἡμιόνῳ
2266 2254 2402 2309 κριθάς.
2426 2277 2480 2286 -

1433 2323 1478 2346 ”’
1516 2322 1686 2375 Reposui
1720 2321 1783 2368 τήν
1815 2336 1852 2359 τε
1873 2319 1966 2359 δόσιν
1993 2319 2056 2365 τὴν
2085 2319 2163 2356 καθ’
2193 2315 2329 2365 mbr-tiu
2356 2314 2478 2354 codd.

1432 2382 1492 2430 τὴν
1511 2381 1546 2422 δὲ
1564 2382 1658 2421 δόσιν
1685 2381 1745 2420 καὶ
1772 2379 1836 2428 τὴν
1853 2379 1931 2418 καθ’
1953 2378 2048 2417 αὐτό.
2065 2399 2118 2407 —-
2149 2375 2200 2399 ⁴⁴²
2213 2374 2333 2414 'Edidi
2347 2371 2479 2427 περιεί-

1433 2444 1588 2491 ληπται;
1619 2440 1715 2478 libri
1738 2438 1992 2491 παρείληπται.
2023 2458 2076 2466 -
2099 2433 2150 2458 ”3
2170 2435 2318 2486 Scripsi
2354 2432 2413 2472 τὸν
2446 2433 2478 2471 δ’

1432 2501 1548 2550 ὅμοιον
1570 2499 1694 2550 λόγον;
1715 2497 1948 2536 membran-‘e
1963 2495 2020 2534 τὸν
2041 2495 2071 2533 δ’
2090 2494 2206 2545 ὅμοιον
2227 2493 2411 2544 ἀνάλογον.
2426 2512 2480 2522 --

1441 2559 1487 2581 ””·
1525 2558 1690 2607 Vulgavi
1715 2557 1788 2595 οὐδὲ
1820 2555 1887 2609 γὰρ
1917 2556 1951 2593 ἓν
1979 2555 2069 2604 αὐλῇ
2089 2556 2158 2591 τῶν
2177 2551 2408 2606 προηγμένων
2432 2543 2483 2589 εἷ-

1431 2633 1489 2656 ναι
1509 2617 1565 2656 τὸν
1588 2615 1751 2668 βασιλέα,
1770 2614 1860 2653 ἀλλὰ
1880 2613 1958 2656 τοὺς
1986 2615 2063 2663 μετ’
2093 2611 2196 2651 αὐτὸν
2223 2609 2479 2662 τεταγμένουςς

1433 2690 1505 2728 pro
1526 2680 1709 2726 corrupta
1728 2673 1904 2712 codicum
1923 2673 2118 2724 scriptura
2137 2670 2234 2709 οὐδὲν
2261 2668 2330 2721 γὰρ
2351 2667 2395 2706 ἂν
2415 2668 2479 2706 αὖ·

1433 2737 1547 2783 λητῶν
1582 2732 1820 2785 προαγόμενον
1849 2726 1936 2770 εἶναι
1955 2731 2013 2768 τὸν
2036 2728 2193 2782 βασιλέα,
2217 2726 2309 2767 ἀλλὰ
2327 2731 2390 2766 τοῦ
2413 2724 2477 2777 μὲν

1433 2792 1556 2832 ταυτὸν
1572 2793 1582 2844 (
1598 2793 1659 2831 vel
1677 2790 1751 2843 μετ’
1769 2789 1894 2842 αὐτὸν)
1909 2788 2135 2839 τεταγμένου,
2149 2795 2304 2826 secutus
2321 2785 2478 2824 Cicero-

1435 2866 1520 2891 nem
1541 2852 1588 2889 de
1606 2851 1632 2888 F
1637 2854 1690 2891 in.
1709 2850 1781 2895 111,
1811 2850 1855 2886 16
1875 2848 1996 2887 Stoici
2024 2845 2249 2899 philosophi
2275 2843 2397 2883 verba
2424 2843 2483 2882 sic

1437 2913 1753 2962 interpretantem
1778 2924 1787 2946 ι
1820 2925 1838 2942 σι
1855 2909 1909 2946 Ut
1925 2907 2027 2945 enim
2042 2935 2054 2956 ,
2075 2906 2216 2956 inquit,
2233 2917 2347 2942 nemo
2369 2902 2479 2948 dicit,

1436 2972 1475 3009 in
1496 2970 1601 3019 regia
1620 2982 1747 3019 regem
1780 2969 1908 3018 ipsum
1937 2966 2048 3017 quasi
2075 2964 2308 3016 productum
2329 2974 2414 3000 esse
2432 2960 2482 2999 ad

1435 3029 1685 3079 dignitatem,
1719 3027 1782 3077 (id
1801 3027 1904 3064 enim
1936 3034 1993 3063 cst
2023 3022 2286 3077 προηγμένον,)
2314 3021 2382 3060 sed
2413 3034 2480 3060 eos

1436 3089 1503 3140 qui
1527 3088 1568 3125 in
1583 3088 1715 3138 aliquo
1734 3087 1884 3124 honore
1899 3085 1991 3132 sint,
2007 3095 2174 3135 quorum
2187 3082 2284 3120 ordo
2301 3081 2484 3132 proxime

1439 3146 1586 3184 accedit
1597 3177 1608 3195 ,
1626 3154 1668 3184 ut
1682 3144 1872 3183 secundus
1889 3144 1940 3182 sit
1955 3144 2002 3180 ad
2020 3142 2168 3191 regium
2187 3139 2449 3192 principatum
2469 3151 2480 3175 z

1439 3206 1551 3243 sicin
1567 3205 1648 3242 vita
1673 3217 1751 3241 non
1768 3216 1827 3250 ea,
1851 3215 1937 3253 quae
1957 3201 2145 3252 primario
2171 3199 2258 3236 loco
2278 3204 2392 3242 sunt,
2413 3194 2483 3233 sed

1434 3277 1478 3301 ea
1499 3277 1585 3314 quae
1619 3261 1833 3301 secundum
1864 3260 1993 3298 lecum
2025 3257 2227 3306 obtinent,
2248 3251 2480 3305 προηγμένα,

1432 3380 1600 3418 Zenonis
1625 3380 1853 3418 sententiani
1883 3377 2020 3416 Cicero
2049 3383 2220 3413 testatur.
2239 3394 2295 3402 —
2315 3370 2365 3394 ’ὓ
2385 3369 2481 3408 Ver-

1399 3435 1402 3478 }
1432 3437 1479 3475 ba
1510 3443 1684 3490 συνεργεῖν
1717 3453 1751 3476 τι
1779 3437 1865 3489 πρὸς
1894 3435 2001 3482 αὐτὴν
2034 3446 2152 3485 quum
2183 3430 2480 3483 explicationem

333 3489 444 3530 Deor.
470 3504 554 3543 cap.
572 3493 637 3540 32,
659 3491 728 3531 ubi
748 3492 820 3531 sub
838 3493 947 3531 Balbi
964 3506 1132 3544 persona
1151 3495 1367 3532 Stoicorum
1399 3483 1401 3525 i
1433 3495 1960 3547 contineantpraecedentium
1972 3492 2054 3545 πρὸς
2069 3491 2289 3541 εὐδαιμονίαν
2299 3489 2374 3527 τινὰ
2390 3504 2475 3539 συμ·

2618 3471 2628 3487 -“
2616 3430 2638 3465 ,ἑο
2618 3409 2638 3419 ³,
2615 3378 2632 3402 *r
2611 3054 2638 3374 rwflfflmwu
2616 3016 2638 3036 -j-
