<?xml version="1.0" encoding="UTF-8"?>
<!DOCTYPE html PUBLIC "-//W3C//DTD XHTML 1.0 Transitional//EN"
    "http://www.w3.org/TR/xhtml1/DTD/xhtml1-transitional.dtd">
<html xmlns="http://www.w3.org/1999/xhtml" xml:lang="en" lang="en">
 <head>
  <title>
</title>
<meta http-equiv="Content-Type" content="text/html;charset=utf-8" />
  <meta name='ocr-system' content='tesseract 3.04.00' />
  <meta name='ocr-capabilities' content='ocr_page ocr_carea ocr_par ocr_line ocrx_word'/>
</head>
<body>
  <div class='ocr_page' id='page_1' title='image "./fragmentaphiloso02mulluoft_0200.png"; bbox 0 0 2638 3840; ppageno 0'>
   <div class='ocr_carea' id='block_1_1' title="bbox 0 2439 37 3840">
    <p class='ocr_par' dir='ltr' id='par_1_1' title="bbox 0 2439 37 3840">
     <span class='ocr_line' id='line_1_1' title="bbox 0 2439 37 3840; baseline 0 0"><span class='ocrx_word' id='word_1_1' title='bbox 0 2439 37 3840; x_wconf 95' lang='lat' dir='ltr'> </span> 
     </span>
    </p>
   </div>
   <div class='ocr_carea' id='block_1_2' title="bbox 336 280 1641 332">
    <p class='ocr_par' dir='ltr' id='par_1_2' title="bbox 336 280 1641 332">
     <span class='ocr_line' id='line_1_2' title="bbox 336 280 1641 332; baseline -0.007 -2"><span class='ocrx_word' id='word_1_2' title='bbox 336 297 385 332; x_wconf 77' lang='grc'>92</span> <span class='ocrx_word' id='word_1_3' title='bbox 1167 280 1641 322; x_wconf 80' lang='lat' dir='ltr'><strong>PYTHAGOREORUM</strong></span> 
     </span>
    </p>
   </div>
   <div class='ocr_carea' id='block_1_3' title="bbox 332 364 1380 1425">
    <p class='ocr_par' dir='ltr' id='par_1_3' title="bbox 332 364 1374 541">
     <span class='ocr_line' id='line_1_3' title="bbox 334 364 1368 431; baseline -0.012 -13"><span class='ocrx_word' id='word_1_4' title='bbox 334 377 624 431; x_wconf 81' lang='grc' dir='ltr'>συμπληρωτικὸν</span> <span class='ocrx_word' id='word_1_5' title='bbox 653 368 740 416; x_wconf 66' lang='grc' dir='ltr'>εἶναι</span> <span class='ocrx_word' id='word_1_6' title='bbox 767 378 826 413; x_wconf 78' lang='grc' dir='ltr'>τοῦ</span> <span class='ocrx_word' id='word_1_7' title='bbox 857 373 960 423; x_wconf 84' lang='grc' dir='ltr'>ὅλου,</span> <span class='ocrx_word' id='word_1_8' title='bbox 986 370 1029 410; x_wconf 79' lang='grc' dir='ltr'>τὰ</span> <span class='ocrx_word' id='word_1_9' title='bbox 1049 370 1077 409; x_wconf 82' lang='grc' dir='ltr'>δ’</span> <span class='ocrx_word' id='word_1_10' title='bbox 1102 364 1150 409; x_wconf 71' lang='grc' dir='ltr'>ὧν</span> <span class='ocrx_word' id='word_1_11' title='bbox 1170 371 1233 408; x_wconf 83' lang='grc' dir='ltr'>οὔκ</span> <span class='ocrx_word' id='word_1_12' title='bbox 1265 368 1368 418; x_wconf 84' lang='grc' dir='ltr'>ἄνευ,</span> 
     </span>
     <span class='ocr_line' id='line_1_4' title="bbox 333 428 1374 487; baseline -0.011 -10"><span class='ocrx_word' id='word_1_13' title='bbox 333 438 423 477; x_wconf 79' lang='grc' dir='ltr'>κατὰ</span> <span class='ocrx_word' id='word_1_14' title='bbox 451 439 490 476; x_wconf 84' lang='grc' dir='ltr'>τὸ</span> <span class='ocrx_word' id='word_1_15' title='bbox 522 436 724 485; x_wconf 87' lang='grc' dir='ltr'>ποιητικόν,</span> <span class='ocrx_word' id='word_1_16' title='bbox 761 436 810 487; x_wconf 81' lang='grc' dir='ltr'>τῷ</span> <span class='ocrx_word' id='word_1_17' title='bbox 841 433 953 486; x_wconf 80' lang='grc' dir='ltr'>φέρειν</span> <span class='ocrx_word' id='word_1_18' title='bbox 982 430 1041 470; x_wconf 82' lang='grc' dir='ltr'>καὶ</span> <span class='ocrx_word' id='word_1_19' title='bbox 1071 434 1244 482; x_wconf 79' lang='grc' dir='ltr'>συνεργεῖν</span> <span class='ocrx_word' id='word_1_20' title='bbox 1266 430 1314 473; x_wconf 82' lang='grc' dir='ltr'>εἷς</span> <span class='ocrx_word' id='word_1_21' title='bbox 1333 428 1374 468; x_wconf 89' lang='grc' dir='ltr'>τὸ</span> 
     </span>
     <span class='ocr_line' id='line_1_5' title="bbox 332 497 441 541; baseline 0 -6"><span class='ocrx_word' id='word_1_22' title='bbox 332 497 441 541; x_wconf 86' lang='grc' dir='ltr'>τέλος.</span> 
     </span>
    </p>

    <p class='ocr_par' dir='ltr' id='par_1_4' title="bbox 332 546 1380 1425">
     <span class='ocr_line' id='line_1_6' title="bbox 386 546 1375 608; baseline -0.009 -13"><span class='ocrx_word' id='word_1_23' title='bbox 386 558 600 608; x_wconf 86' lang='grc' dir='ltr'>Διαιρεῖσθαι</span> <span class='ocrx_word' id='word_1_24' title='bbox 621 554 670 577; x_wconf 59' lang='lat'>²⁴⁴⁵</span> <span class='ocrx_word' id='word_1_25' title='bbox 693 553 725 591; x_wconf 84' lang='grc' dir='ltr'>δὲ</span> <span class='ocrx_word' id='word_1_26' title='bbox 749 550 896 602; x_wconf 76' lang='grc' dir='ltr'>τάγαθὸν</span> <span class='ocrx_word' id='word_1_27' title='bbox 925 548 970 591; x_wconf 86' lang='grc' dir='ltr'>εἴς</span> <span class='ocrx_word' id='word_1_28' title='bbox 995 564 1032 587; x_wconf 92' lang='grc' dir='ltr'>τε</span> <span class='ocrx_word' id='word_1_29' title='bbox 1052 547 1093 587; x_wconf 85' lang='grc' dir='ltr'>τὸ</span> <span class='ocrx_word' id='word_1_30' title='bbox 1112 546 1219 586; x_wconf 81' lang='grc' dir='ltr'>καλὸν</span> <span class='ocrx_word' id='word_1_31' title='bbox 1246 546 1306 586; x_wconf 77' lang='grc' dir='ltr'>καὶ</span> <span class='ocrx_word' id='word_1_32' title='bbox 1329 548 1375 592; x_wconf 84' lang='grc' dir='ltr'>εἷς</span> 
     </span>
     <span class='ocr_line' id='line_1_7' title="bbox 333 604 1377 667; baseline -0.009 -14"><span class='ocrx_word' id='word_1_33' title='bbox 333 615 371 653; x_wconf 81' lang='grc' dir='ltr'>τὸ</span> <span class='ocrx_word' id='word_1_34' title='bbox 391 615 562 667; x_wconf 80' lang='grc' dir='ltr'>συμφέρον</span> <span class='ocrx_word' id='word_1_35' title='bbox 581 613 639 652; x_wconf 82' lang='grc' dir='ltr'>καὶ</span> <span class='ocrx_word' id='word_1_36' title='bbox 660 613 705 655; x_wconf 89' lang='grc' dir='ltr'>εἷς</span> <span class='ocrx_word' id='word_1_37' title='bbox 731 610 771 649; x_wconf 82' lang='grc' dir='ltr'>τὸ</span> <span class='ocrx_word' id='word_1_38' title='bbox 789 609 866 655; x_wconf 82' lang='grc' dir='ltr'>ἡδύ·</span> <span class='ocrx_word' id='word_1_39' title='bbox 886 608 945 646; x_wconf 82' lang='grc' dir='ltr'>καὶ</span> <span class='ocrx_word' id='word_1_40' title='bbox 967 609 1035 645; x_wconf 88' lang='grc' dir='ltr'>τῶν</span> <span class='ocrx_word' id='word_1_41' title='bbox 1063 605 1126 656; x_wconf 81' lang='grc' dir='ltr'>μὲν</span> <span class='ocrx_word' id='word_1_42' title='bbox 1153 606 1243 645; x_wconf 76' lang='grc' dir='ltr'>κατὰ</span> <span class='ocrx_word' id='word_1_43' title='bbox 1272 604 1377 660; x_wconf 85' lang='grc' dir='ltr'>μέρος</span> 
     </span>
     <span class='ocr_line' id='line_1_8' title="bbox 333 663 1375 728; baseline -0.009 -17"><span class='ocrx_word' id='word_1_44' title='bbox 333 673 489 725; x_wconf 74' lang='grc' dir='ltr'>πράξεων</span> <span class='ocrx_word' id='word_1_45' title='bbox 503 671 639 713; x_wconf 82' lang='grc' dir='ltr'>τούτους</span> <span class='ocrx_word' id='word_1_46' title='bbox 654 663 740 708; x_wconf 70' lang='grc' dir='ltr'>εἶναι</span> <span class='ocrx_word' id='word_1_47' title='bbox 759 666 978 728; x_wconf 49' lang='grc' dir='ltr'>σκοπούς·”τὸ</span> <span class='ocrx_word' id='word_1_48' title='bbox 995 667 1024 704; x_wconf 87' lang='grc' dir='ltr'>δ’</span> <span class='ocrx_word' id='word_1_49' title='bbox 1040 667 1078 704; x_wconf 82' lang='grc' dir='ltr'>ἐκ</span> <span class='ocrx_word' id='word_1_50' title='bbox 1091 665 1230 704; x_wconf 84' lang='grc' dir='ltr'>πάντων</span> <span class='ocrx_word' id='word_1_51' title='bbox 1246 666 1375 714; x_wconf 79' lang='grc' dir='ltr'>αὐτῶν,</span> 
     </span>
     <span class='ocr_line' id='line_1_9' title="bbox 334 726 1375 780; baseline -0.006 -11"><span class='ocrx_word' id='word_1_52' title='bbox 334 730 565 780; x_wconf 82' lang='grc' dir='ltr'>εὐδαιμονίαν.</span> <span class='ocrx_word' id='word_1_53' title='bbox 595 728 826 778; x_wconf 80' lang='grc' dir='ltr'>Εὐδαιμονίαν</span> <span class='ocrx_word' id='word_1_54' title='bbox 855 726 883 763; x_wconf 86' lang='grc' dir='ltr'>δ’</span> <span class='ocrx_word' id='word_1_55' title='bbox 910 729 1000 764; x_wconf 87' lang='grc' dir='ltr'>εἰναι</span> <span class='ocrx_word' id='word_1_56' title='bbox 1019 727 1146 778; x_wconf 81' lang='grc' dir='ltr'>χρῆσιν</span> <span class='ocrx_word' id='word_1_57' title='bbox 1174 726 1300 777; x_wconf 76' lang='grc' dir='ltr'>ἀρετῆς</span> <span class='ocrx_word' id='word_1_58' title='bbox 1318 740 1375 763; x_wconf 88' lang='grc' dir='ltr'>τε·</span> 
     </span>
     <span class='ocr_line' id='line_1_10' title="bbox 333 783 1378 841; baseline -0.006 -14"><span class='ocrx_word' id='word_1_59' title='bbox 333 790 425 832; x_wconf 83' lang='grc' dir='ltr'>λείας</span> <span class='ocrx_word' id='word_1_60' title='bbox 451 790 484 826; x_wconf 83' lang='grc' dir='ltr'>ἐν</span> <span class='ocrx_word' id='word_1_61' title='bbox 513 789 577 841; x_wconf 81' lang='grc' dir='ltr'>βίῳ</span> <span class='ocrx_word' id='word_1_62' title='bbox 602 786 721 839; x_wconf 81' lang='grc' dir='ltr'>τελείῳ</span> <span class='ocrx_word' id='word_1_63' title='bbox 753 785 1039 838; x_wconf 79' lang='grc' dir='ltr'>προηγουμένην,</span> <span class='ocrx_word' id='word_1_64' title='bbox 1070 783 1093 831; x_wconf 81' lang='grc' dir='ltr'>ἢ</span> <span class='ocrx_word' id='word_1_65' title='bbox 1127 786 1217 831; x_wconf 83' lang='grc' dir='ltr'>ζωῆς</span> <span class='ocrx_word' id='word_1_66' title='bbox 1243 783 1378 828; x_wconf 77' lang='grc' dir='ltr'>τελείας</span> 
     </span>
     <span class='ocr_line' id='line_1_11' title="bbox 334 842 1377 899; baseline -0.004 -14"><span class='ocrx_word' id='word_1_67' title='bbox 334 844 506 899; x_wconf 81' lang='grc' dir='ltr'>ἐνέργειαν</span> <span class='ocrx_word' id='word_1_68' title='bbox 527 848 604 885; x_wconf 89' lang='grc' dir='ltr'>κατ’</span> <span class='ocrx_word' id='word_1_69' title='bbox 629 845 768 898; x_wconf 82' lang='grc' dir='ltr'>ἀρετήν,</span> <span class='ocrx_word' id='word_1_70' title='bbox 793 844 814 890; x_wconf 83' lang='grc' dir='ltr'>ἢ</span> <span class='ocrx_word' id='word_1_71' title='bbox 835 847 960 895; x_wconf 66' lang='grc' dir='ltr'>χρῆσιν</span> <span class='ocrx_word' id='word_1_72' title='bbox 982 844 1108 895; x_wconf 76' lang='grc' dir='ltr'>ἀρετῆς</span> <span class='ocrx_word' id='word_1_73' title='bbox 1135 844 1170 881; x_wconf 84' lang='grc' dir='ltr'>ἐν</span> <span class='ocrx_word' id='word_1_74' title='bbox 1197 847 1267 886; x_wconf 85' lang='grc' dir='ltr'>τοῖς</span> <span class='ocrx_word' id='word_1_75' title='bbox 1285 842 1377 882; x_wconf 81' lang='grc' dir='ltr'>κατὰ</span> 
     </span>
     <span class='ocr_line' id='line_1_12' title="bbox 335 900 1379 957; baseline -0.005 -13"><span class='ocrx_word' id='word_1_76' title='bbox 335 906 434 957; x_wconf 82' lang='grc' dir='ltr'>φύσιν</span> <span class='ocrx_word' id='word_1_77' title='bbox 451 905 715 954; x_wconf 77' lang='grc' dir='ltr'>ἀνεμπόδιστον.</span> <span class='ocrx_word' id='word_1_78' title='bbox 732 902 783 942; x_wconf 80' lang='grc' dir='ltr'>Τὸ</span> <span class='ocrx_word' id='word_1_79' title='bbox 801 902 830 940; x_wconf 84' lang='grc' dir='ltr'>δ’</span> <span class='ocrx_word' id='word_1_80' title='bbox 846 902 930 941; x_wconf 82' lang='grc' dir='ltr'>αὐτὸ</span> <span class='ocrx_word' id='word_1_81' title='bbox 945 902 1005 940; x_wconf 86' lang='grc' dir='ltr'>καὶ</span> <span class='ocrx_word' id='word_1_82' title='bbox 1020 902 1116 945; x_wconf 84' lang='grc' dir='ltr'>τέλος</span> <span class='ocrx_word' id='word_1_83' title='bbox 1135 900 1318 953; x_wconf 79' lang='grc' dir='ltr'>ὑπάρχειν.</span> <span class='ocrx_word' id='word_1_84' title='bbox 1334 902 1379 941; x_wconf 74' lang='grc' dir='ltr'>Εἰ</span> 
     </span>
     <span class='ocr_line' id='line_1_13' title="bbox 334 959 1377 1013; baseline -0.003 -12"><span class='ocrx_word' id='word_1_85' title='bbox 334 964 368 1002; x_wconf 78' lang='grc' dir='ltr'>δὲ</span> <span class='ocrx_word' id='word_1_86' title='bbox 390 966 427 1001; x_wconf 85' lang='grc' dir='ltr'>τὸ</span> <span class='ocrx_word' id='word_1_87' title='bbox 449 967 510 1013; x_wconf 80' lang='grc' dir='ltr'>μὲν</span> <span class='ocrx_word' id='word_1_88' title='bbox 528 963 741 1013; x_wconf 80' lang='grc' dir='ltr'>εὐδαιμονεῖν</span> <span class='ocrx_word' id='word_1_89' title='bbox 773 961 887 1009; x_wconf 84' lang='grc' dir='ltr'>τέλος,</span> <span class='ocrx_word' id='word_1_90' title='bbox 908 963 929 1007; x_wconf 86' lang='grc' dir='ltr'>ἡ</span> <span class='ocrx_word' id='word_1_91' title='bbox 952 961 981 998; x_wconf 89' lang='grc' dir='ltr'>δ’</span> <span class='ocrx_word' id='word_1_92' title='bbox 1014 960 1217 1011; x_wconf 79' lang='grc' dir='ltr'>εὐδαιμονία</span> <span class='ocrx_word' id='word_1_93' title='bbox 1237 959 1377 1011; x_wconf 82' lang='grc' dir='ltr'>λέγεται</span> 
     </span>
     <span class='ocr_line' id='line_1_14' title="bbox 334 1018 1378 1071; baseline -0.004 -11"><span class='ocrx_word' id='word_1_94' title='bbox 334 1022 480 1071; x_wconf 77' lang='grc' dir='ltr'>σκοπός,</span> <span class='ocrx_word' id='word_1_95' title='bbox 505 1021 564 1059; x_wconf 87' lang='grc' dir='ltr'>καὶ</span> <span class='ocrx_word' id='word_1_96' title='bbox 591 1024 608 1059; x_wconf 87' lang='grc' dir='ltr'>ὃ</span> <span class='ocrx_word' id='word_1_97' title='bbox 630 1021 690 1071; x_wconf 79' lang='grc' dir='ltr'>μὲν</span> <span class='ocrx_word' id='word_1_98' title='bbox 717 1022 864 1062; x_wconf 80' lang='grc' dir='ltr'>πλοῦτος</span> <span class='ocrx_word' id='word_1_99' title='bbox 891 1019 1043 1070; x_wconf 81' lang='grc' dir='ltr'>ἀγαθόν,</span> <span class='ocrx_word' id='word_1_100' title='bbox 1071 1018 1165 1057; x_wconf 78' lang='grc' dir='ltr'>τὸδὲ</span> <span class='ocrx_word' id='word_1_101' title='bbox 1196 1019 1378 1067; x_wconf 83' lang='grc' dir='ltr'>πλουτεῖν,</span> 
     </span>
     <span class='ocr_line' id='line_1_15' title="bbox 332 1077 1376 1132; baseline -0.003 -13"><span class='ocrx_word' id='word_1_102' title='bbox 332 1077 378 1120; x_wconf 72' lang='grc' dir='ltr'>ὧν</span> <span class='ocrx_word' id='word_1_103' title='bbox 415 1081 483 1132; x_wconf 78' lang='grc' dir='ltr'>χρή</span> <span class='ocrx_word' id='word_1_104' title='bbox 500 1110 510 1130; x_wconf 89' lang='grc'>,</span> <span class='ocrx_word' id='word_1_105' title='bbox 549 1085 618 1124; x_wconf 87' lang='grc' dir='ltr'>τοῖς</span> <span class='ocrx_word' id='word_1_106' title='bbox 651 1080 713 1129; x_wconf 78' lang='grc' dir='ltr'>μὲν</span> <span class='ocrx_word' id='word_1_107' title='bbox 749 1078 839 1117; x_wconf 81' lang='grc' dir='ltr'>οὕτω</span> <span class='ocrx_word' id='word_1_108' title='bbox 877 1077 1064 1130; x_wconf 78' lang='grc' dir='ltr'>διορίζουσι</span> <span class='ocrx_word' id='word_1_109' title='bbox 1098 1080 1160 1124; x_wconf 80' lang='grc' dir='ltr'>τῆς</span> <span class='ocrx_word' id='word_1_110' title='bbox 1195 1077 1376 1130; x_wconf 69' lang='grc' dir='ltr'>ἀκριὸείας</span> 
     </span>
     <span class='ocr_line' id='line_1_16' title="bbox 816 1136 1373 1189; baseline -0.002 -13"><span class='ocrx_word' id='word_1_111' title='bbox 816 1136 1086 1183; x_wconf 85' lang='grc' dir='ltr'>Ἀκολουθητέον</span> <span class='ocrx_word' id='word_1_112' title='bbox 1106 1138 1225 1187; x_wconf 88' lang='grc' dir='ltr'>μέντοι</span> <span class='ocrx_word' id='word_1_113' title='bbox 1242 1140 1285 1189; x_wconf 80' lang='grc' dir='ltr'>τῇ</span> <span class='ocrx_word' id='word_1_114' title='bbox 1304 1139 1373 1175; x_wconf 88' lang='grc' dir='ltr'>τῶν</span> 
     </span>
     <span class='ocr_line' id='line_1_17' title="bbox 333 1190 1378 1253; baseline -0.004 -15"><span class='ocrx_word' id='word_1_115' title='bbox 333 1199 488 1253; x_wconf 70' lang='grc' dir='ltr'>ἀρχαίων</span> <span class='ocrx_word' id='word_1_116' title='bbox 509 1198 692 1251; x_wconf 75' lang='grc' dir='ltr'>συνηθείᾳ,</span> <span class='ocrx_word' id='word_1_117' title='bbox 726 1198 785 1236; x_wconf 84' lang='grc' dir='ltr'>καὶ</span> <span class='ocrx_word' id='word_1_118' title='bbox 807 1196 946 1236; x_wconf 81' lang='grc' dir='ltr'>λεκτέον</span> <span class='ocrx_word' id='word_1_119' title='bbox 979 1196 1075 1240; x_wconf 87' lang='grc' dir='ltr'>τέλος</span> <span class='ocrx_word' id='word_1_120' title='bbox 1096 1190 1186 1235; x_wconf 69' lang='grc' dir='ltr'>εἶναι</span> <span class='ocrx_word' id='word_1_121' title='bbox 1215 1191 1253 1235; x_wconf 71' lang='grc' dir='ltr'>οῧ</span> <span class='ocrx_word' id='word_1_122' title='bbox 1275 1196 1378 1249; x_wconf 79' lang='grc' dir='ltr'>χάριν</span> 
     </span>
     <span class='ocr_line' id='line_1_18' title="bbox 336 1255 1379 1309; baseline -0.004 -12"><span class='ocrx_word' id='word_1_123' title='bbox 336 1260 447 1299; x_wconf 82' lang='grc' dir='ltr'>πάντα</span> <span class='ocrx_word' id='word_1_124' title='bbox 483 1257 705 1309; x_wconf 79' lang='grc' dir='ltr'>πράττομεν,</span> <span class='ocrx_word' id='word_1_125' title='bbox 742 1256 827 1300; x_wconf 78' lang='grc' dir='ltr'>αὐτὸ</span> <span class='ocrx_word' id='word_1_126' title='bbox 871 1255 906 1294; x_wconf 86' lang='grc' dir='ltr'>δὲ</span> <span class='ocrx_word' id='word_1_127' title='bbox 939 1256 1088 1303; x_wconf 80' lang='grc' dir='ltr'>οὐδενός,</span> <span class='ocrx_word' id='word_1_128' title='bbox 1114 1255 1136 1302; x_wconf 85' lang='grc' dir='ltr'>ἢ</span> <span class='ocrx_word' id='word_1_129' title='bbox 1163 1255 1201 1293; x_wconf 84' lang='grc' dir='ltr'>τὸ</span> <span class='ocrx_word' id='word_1_130' title='bbox 1230 1255 1379 1307; x_wconf 78' lang='grc' dir='ltr'>ἔσχατον</span> 
     </span>
     <span class='ocr_line' id='line_1_19' title="bbox 333 1313 1380 1369; baseline -0.004 -13"><span class='ocrx_word' id='word_1_131' title='bbox 333 1321 400 1357; x_wconf 89' lang='grc' dir='ltr'>τῶν</span> <span class='ocrx_word' id='word_1_132' title='bbox 421 1319 582 1369; x_wconf 86' lang='grc' dir='ltr'>ὀρεκτῶν,</span> <span class='ocrx_word' id='word_1_133' title='bbox 599 1316 620 1363; x_wconf 82' lang='grc' dir='ltr'>ἢ</span> <span class='ocrx_word' id='word_1_134' title='bbox 635 1318 674 1354; x_wconf 81' lang='grc' dir='ltr'>τὸ</span> <span class='ocrx_word' id='word_1_135' title='bbox 690 1316 767 1354; x_wconf 77' lang='grc' dir='ltr'>κατ’</span> <span class='ocrx_word' id='word_1_136' title='bbox 779 1313 905 1368; x_wconf 85' lang='grc' dir='ltr'>ἀρετὴν</span> <span class='ocrx_word' id='word_1_137' title='bbox 923 1316 984 1362; x_wconf 75' lang='grc' dir='ltr'>ζῆν</span> <span class='ocrx_word' id='word_1_138' title='bbox 1001 1316 1035 1352; x_wconf 79' lang='grc' dir='ltr'>ἐν</span> <span class='ocrx_word' id='word_1_139' title='bbox 1053 1317 1194 1365; x_wconf 79' lang='grc' dir='ltr'>ἀγαθοῖς</span> <span class='ocrx_word' id='word_1_140' title='bbox 1210 1317 1281 1358; x_wconf 81' lang='grc' dir='ltr'>τοῖς</span> <span class='ocrx_word' id='word_1_141' title='bbox 1300 1315 1380 1367; x_wconf 83' lang='grc' dir='ltr'>περὶ</span> 
     </span>
     <span class='ocr_line' id='line_1_20' title="bbox 335 1372 1379 1425; baseline -0.003 -11"><span class='ocrx_word' id='word_1_142' title='bbox 335 1377 374 1415; x_wconf 78' lang='grc' dir='ltr'>τὸ</span> <span class='ocrx_word' id='word_1_143' title='bbox 398 1378 502 1425; x_wconf 83' lang='grc' dir='ltr'>σῶμα</span> <span class='ocrx_word' id='word_1_144' title='bbox 525 1377 586 1414; x_wconf 82' lang='grc' dir='ltr'>καὶ</span> <span class='ocrx_word' id='word_1_145' title='bbox 613 1376 683 1418; x_wconf 80' lang='grc' dir='ltr'>τοῖς</span> <span class='ocrx_word' id='word_1_146' title='bbox 700 1374 823 1419; x_wconf 79' lang='grc' dir='ltr'>ἔξωθεν</span> <span class='ocrx_word' id='word_1_147' title='bbox 837 1404 847 1423; x_wconf 95' lang='grc'>,</span> <span class='ocrx_word' id='word_1_148' title='bbox 876 1372 898 1420; x_wconf 82' lang='grc' dir='ltr'>ἢ</span> <span class='ocrx_word' id='word_1_149' title='bbox 925 1379 1055 1422; x_wconf 84' lang='grc' dir='ltr'>πᾶσιν,</span> <span class='ocrx_word' id='word_1_150' title='bbox 1076 1373 1097 1420; x_wconf 85' lang='grc' dir='ltr'>ἢ</span> <span class='ocrx_word' id='word_1_151' title='bbox 1117 1379 1190 1417; x_wconf 80' lang='grc' dir='ltr'>τοῖς</span> <span class='ocrx_word' id='word_1_152' title='bbox 1205 1373 1379 1417; x_wconf 84' lang='grc' dir='ltr'>πλείστοις</span> 
     </span>
    </p>
   </div>
   <div class='ocr_carea' id='block_1_4' title="bbox 332 1139 736 1191">
    <p class='ocr_par' dir='ltr' id='par_1_5' title="bbox 332 1139 736 1191">
     <span class='ocr_line' id='line_1_21' title="bbox 332 1139 736 1191; baseline -0.005 -11"><span class='ocrx_word' id='word_1_153' title='bbox 332 1145 399 1180; x_wconf 78' lang='grc' dir='ltr'>τῶν</span> <span class='ocrx_word' id='word_1_154' title='bbox 421 1140 598 1189; x_wconf 81' lang='grc' dir='ltr'>ὀνομάτων</span> <span class='ocrx_word' id='word_1_155' title='bbox 615 1139 718 1191; x_wconf 76' lang='grc' dir='ltr'>χάριν</span> <span class='ocrx_word' id='word_1_156' title='bbox 727 1168 736 1178; x_wconf 93' lang='grc'><strong>.</strong></span> 
     </span>
    </p>
   </div>
   <div class='ocr_carea' id='block_1_5' title="bbox 334 1434 1381 1965">
    <p class='ocr_par' dir='ltr' id='par_1_6' title="bbox 334 1434 1381 1965">
     <span class='ocr_line' id='line_1_22' title="bbox 707 1434 1378 1486; baseline 0 -12"><span class='ocrx_word' id='word_1_157' title='bbox 707 1438 822 1475; x_wconf 79' lang='grc' dir='ltr'>Τοῦτο</span> <span class='ocrx_word' id='word_1_158' title='bbox 847 1434 882 1473; x_wconf 82' lang='grc' dir='ltr'>δὲ</span> <span class='ocrx_word' id='word_1_159' title='bbox 911 1435 1073 1486; x_wconf 82' lang='grc' dir='ltr'>μέγιστον</span> <span class='ocrx_word' id='word_1_160' title='bbox 1093 1434 1130 1472; x_wconf 84' lang='grc' dir='ltr'>ὂν</span> <span class='ocrx_word' id='word_1_161' title='bbox 1150 1437 1218 1472; x_wconf 86' lang='grc' dir='ltr'>τῶν</span> <span class='ocrx_word' id='word_1_162' title='bbox 1239 1437 1378 1485; x_wconf 85' lang='grc' dir='ltr'>ἀγαθῶν</span> 
     </span>
     <span class='ocr_line' id='line_1_23' title="bbox 334 1493 1379 1544; baseline -0.003 -9"><span class='ocrx_word' id='word_1_163' title='bbox 334 1497 393 1535; x_wconf 82' lang='grc' dir='ltr'>καὶ</span> <span class='ocrx_word' id='word_1_164' title='bbox 411 1495 639 1542; x_wconf 84' lang='grc' dir='ltr'>τελειότατον,</span> <span class='ocrx_word' id='word_1_165' title='bbox 655 1496 693 1532; x_wconf 84' lang='grc' dir='ltr'>ἐκ</span> <span class='ocrx_word' id='word_1_166' title='bbox 713 1497 781 1532; x_wconf 85' lang='grc' dir='ltr'>τῶν</span> <span class='ocrx_word' id='word_1_167' title='bbox 803 1494 918 1532; x_wconf 86' lang='grc' dir='ltr'>ἄλλων</span> <span class='ocrx_word' id='word_1_168' title='bbox 939 1493 1103 1531; x_wconf 85' lang='grc' dir='ltr'>ἁπάντων</span> <span class='ocrx_word' id='word_1_169' title='bbox 1117 1496 1379 1544; x_wconf 79' lang='grc' dir='ltr'>ὑπηρετεῖσθαι.</span> 
     </span>
     <span class='ocr_line' id='line_1_24' title="bbox 341 1551 1381 1606; baseline -0.004 -13"><span class='ocrx_word' id='word_1_170' title='bbox 341 1554 399 1594; x_wconf 81' lang='grc' dir='ltr'>Τὰ</span> <span class='ocrx_word' id='word_1_171' title='bbox 435 1555 496 1606; x_wconf 79' lang='grc' dir='ltr'>μὲν</span> <span class='ocrx_word' id='word_1_172' title='bbox 534 1553 601 1605; x_wconf 82' lang='grc' dir='ltr'>γὰρ</span> <span class='ocrx_word' id='word_1_173' title='bbox 637 1552 916 1602; x_wconf 69' lang='grc' dir='ltr'>συμὸαλλόμενα</span> <span class='ocrx_word' id='word_1_174' title='bbox 957 1551 1042 1604; x_wconf 81' lang='grc' dir='ltr'>πρὸς</span> <span class='ocrx_word' id='word_1_175' title='bbox 1076 1551 1160 1590; x_wconf 78' lang='grc' dir='ltr'>αὐτὸ</span> <span class='ocrx_word' id='word_1_176' title='bbox 1189 1554 1258 1590; x_wconf 83' lang='grc' dir='ltr'>τῶν</span> <span class='ocrx_word' id='word_1_177' title='bbox 1289 1555 1381 1603; x_wconf 85' lang='grc' dir='ltr'>ἀγα-</span> 
     </span>
     <span class='ocr_line' id='line_1_25' title="bbox 335 1610 1379 1665; baseline -0.003 -13"><span class='ocrx_word' id='word_1_178' title='bbox 335 1617 401 1652; x_wconf 81' lang='grc' dir='ltr'>θῶν</span> <span class='ocrx_word' id='word_1_179' title='bbox 433 1613 717 1665; x_wconf 79' lang='grc' dir='ltr'>ὁμολογουμένως</span> <span class='ocrx_word' id='word_1_180' title='bbox 736 1611 805 1664; x_wconf 73' lang='grc' dir='ltr'>χρὴ</span> <span class='ocrx_word' id='word_1_181' title='bbox 826 1611 962 1664; x_wconf 88' lang='grc' dir='ltr'>λέγειν,</span> <span class='ocrx_word' id='word_1_182' title='bbox 984 1611 1029 1649; x_wconf 82' lang='grc' dir='ltr'>τὰ</span> <span class='ocrx_word' id='word_1_183' title='bbox 1057 1611 1092 1650; x_wconf 80' lang='grc' dir='ltr'>δὲ</span> <span class='ocrx_word' id='word_1_184' title='bbox 1113 1610 1379 1661; x_wconf 82' lang='grc' dir='ltr'>ἐναντιούμενα,</span> 
     </span>
     <span class='ocr_line' id='line_1_26' title="bbox 336 1669 1376 1723; baseline -0.002 -12"><span class='ocrx_word' id='word_1_185' title='bbox 336 1676 404 1711; x_wconf 88' lang='grc' dir='ltr'>τῶν</span> <span class='ocrx_word' id='word_1_186' title='bbox 425 1673 494 1711; x_wconf 85' lang='grc' dir='ltr'>οὔτ’</span> <span class='ocrx_word' id='word_1_187' title='bbox 516 1674 651 1723; x_wconf 80' lang='grc' dir='ltr'>ἀγαθῶν</span> <span class='ocrx_word' id='word_1_188' title='bbox 683 1670 761 1709; x_wconf 83' lang='grc' dir='ltr'>οὔτε</span> <span class='ocrx_word' id='word_1_189' title='bbox 785 1673 923 1717; x_wconf 82' lang='grc' dir='ltr'>κακῶν,</span> <span class='ocrx_word' id='word_1_190' title='bbox 950 1670 1039 1708; x_wconf 83' lang='grc' dir='ltr'>ἀλλὰ</span> <span class='ocrx_word' id='word_1_191' title='bbox 1066 1671 1134 1707; x_wconf 89' lang='grc' dir='ltr'>τῶν</span> <span class='ocrx_word' id='word_1_192' title='bbox 1165 1669 1376 1723; x_wconf 71' lang='grc' dir='ltr'>ἀδιαφόρων.</span> 
     </span>
     <span class='ocr_line' id='line_1_27' title="bbox 335 1728 1379 1781; baseline -0.005 -10"><span class='ocrx_word' id='word_1_193' title='bbox 335 1734 390 1771; x_wconf 77' lang='grc' dir='ltr'>Οὐ</span> <span class='ocrx_word' id='word_1_194' title='bbox 423 1739 539 1771; x_wconf 76' lang='grc' dir='ltr'>πᾶσαν</span> <span class='ocrx_word' id='word_1_195' title='bbox 585 1730 619 1768; x_wconf 82' lang='grc' dir='ltr'>δὲ</span> <span class='ocrx_word' id='word_1_196' title='bbox 661 1730 772 1776; x_wconf 82' lang='grc' dir='ltr'>καλὴν</span> <span class='ocrx_word' id='word_1_197' title='bbox 817 1729 939 1781; x_wconf 83' lang='grc' dir='ltr'>πρᾶξιν</span> <span class='ocrx_word' id='word_1_198' title='bbox 973 1729 1218 1779; x_wconf 76' lang='grc' dir='ltr'>εὐδαιμονικὴν</span> <span class='ocrx_word' id='word_1_199' title='bbox 1267 1728 1379 1781; x_wconf 76' lang='grc' dir='ltr'>ὑπάρ-</span> 
     </span>
     <span class='ocr_line' id='line_1_28' title="bbox 335 1783 1380 1843; baseline -0.004 -14"><span class='ocrx_word' id='word_1_200' title='bbox 335 1807 424 1843; x_wconf 77' lang='grc' dir='ltr'>χειν.</span> <span class='ocrx_word' id='word_1_201' title='bbox 494 1790 641 1833; x_wconf 87' lang='grc' dir='ltr'>Τελείας</span> <span class='ocrx_word' id='word_1_202' title='bbox 661 1791 692 1828; x_wconf 86' lang='grc' dir='ltr'>δ’</span> <span class='ocrx_word' id='word_1_203' title='bbox 724 1783 819 1827; x_wconf 63' lang='grc' dir='ltr'>εἶπον</span> <span class='ocrx_word' id='word_1_204' title='bbox 834 1790 959 1840; x_wconf 80' lang='grc' dir='ltr'>ἀρετῆς</span> <span class='ocrx_word' id='word_1_205' title='bbox 978 1791 1103 1841; x_wconf 75' lang='grc' dir='ltr'>χρῆσιν</span> <span class='ocrx_word' id='word_1_206' title='bbox 1124 1788 1187 1834; x_wconf 85' lang='grc' dir='ltr'>τὴν</span> <span class='ocrx_word' id='word_1_207' title='bbox 1214 1789 1380 1838; x_wconf 79' lang='grc' dir='ltr'>εὔδαιμο-</span> 
     </span>
     <span class='ocr_line' id='line_1_29' title="bbox 337 1841 1378 1901; baseline -0.004 -13"><span class='ocrx_word' id='word_1_208' title='bbox 337 1851 434 1896; x_wconf 89' lang='grc' dir='ltr'>νίαν,</span> <span class='ocrx_word' id='word_1_209' title='bbox 475 1848 526 1888; x_wconf 77' lang='grc' dir='ltr'>ὅτι</span> <span class='ocrx_word' id='word_1_210' title='bbox 556 1851 623 1887; x_wconf 89' lang='grc' dir='ltr'>τῶν</span> <span class='ocrx_word' id='word_1_211' title='bbox 646 1850 777 1901; x_wconf 83' lang='grc' dir='ltr'>ἀρετῶν</span> <span class='ocrx_word' id='word_1_212' title='bbox 795 1848 857 1891; x_wconf 87' lang='grc' dir='ltr'>τὰς</span> <span class='ocrx_word' id='word_1_213' title='bbox 879 1847 940 1898; x_wconf 82' lang='grc' dir='ltr'>μὲν</span> <span class='ocrx_word' id='word_1_214' title='bbox 969 1847 1086 1899; x_wconf 87' lang='grc' dir='ltr'>ἔλεγον</span> <span class='ocrx_word' id='word_1_215' title='bbox 1117 1841 1204 1886; x_wconf 65' lang='grc' dir='ltr'>εἶναι</span> <span class='ocrx_word' id='word_1_216' title='bbox 1226 1846 1378 1895; x_wconf 85' lang='grc' dir='ltr'>τελείας,</span> 
     </span>
     <span class='ocr_line' id='line_1_30' title="bbox 336 1905 1379 1965; baseline -0.004 -19"><span class='ocrx_word' id='word_1_217' title='bbox 336 1909 449 1965; x_wconf 42' lang='lat' dir='ltr'>tenc-8¹</span> <span class='ocrx_word' id='word_1_218' title='bbox 481 1910 625 1951; x_wconf 85' lang='grc' dir='ltr'>ἀτελεῖς·</span> <span class='ocrx_word' id='word_1_219' title='bbox 648 1908 780 1952; x_wconf 86' lang='grc' dir='ltr'>τελείας</span> <span class='ocrx_word' id='word_1_220' title='bbox 800 1907 885 1958; x_wconf 87' lang='grc' dir='ltr'>μέν,</span> <span class='ocrx_word' id='word_1_221' title='bbox 913 1906 975 1954; x_wconf 81' lang='grc' dir='ltr'>τήν</span> <span class='ocrx_word' id='word_1_222' title='bbox 1002 1922 1040 1944; x_wconf 88' lang='grc' dir='ltr'>τε</span> <span class='ocrx_word' id='word_1_223' title='bbox 1067 1905 1288 1953; x_wconf 82' lang='grc' dir='ltr'>δικαιοσύνην</span> <span class='ocrx_word' id='word_1_224' title='bbox 1319 1905 1379 1944; x_wconf 83' lang='grc' dir='ltr'>καὶ</span> 
     </span>
    </p>
   </div>
   <div class='ocr_carea' id='block_1_6' title="bbox 334 1437 650 1490">
    <p class='ocr_par' dir='ltr' id='par_1_7' title="bbox 334 1437 650 1490">
     <span class='ocr_line' id='line_1_31' title="bbox 334 1437 650 1490; baseline 0 -14"><span class='ocrx_word' id='word_1_225' title='bbox 334 1438 392 1476; x_wconf 79' lang='grc' dir='ltr'>καὶ</span> <span class='ocrx_word' id='word_1_226' title='bbox 409 1437 650 1490; x_wconf 81' lang='grc' dir='ltr'>κυριωτάτοις.</span> 
     </span>
    </p>
   </div>
   <div class='ocr_carea' id='block_1_7' title="bbox 335 2038 1389 3539">
    <p class='ocr_par' dir='ltr' id='par_1_8' title="bbox 335 2038 1380 2138">
     <span class='ocr_line' id='line_1_32' title="bbox 335 2038 1380 2079; baseline -0.002 -9"><span class='ocrx_word' id='word_1_227' title='bbox 335 2039 423 2071; x_wconf 86' lang='lat' dir='ltr'>artis.</span> <span class='ocrx_word' id='word_1_228' title='bbox 478 2042 619 2079; x_wconf 84' lang='lat' dir='ltr'>Namque</span> <span class='ocrx_word' id='word_1_229' title='bbox 639 2048 674 2070; x_wconf 82' lang='lat' dir='ltr'>ea</span> <span class='ocrx_word' id='word_1_230' title='bbox 695 2039 763 2071; x_wconf 92' lang='lat' dir='ltr'>sine</span> <span class='ocrx_word' id='word_1_231' title='bbox 779 2039 896 2079; x_wconf 89' lang='lat' dir='ltr'>quibus</span> <span class='ocrx_word' id='word_1_232' title='bbox 914 2040 962 2079; x_wconf 84' lang='lat' dir='ltr'>agi</span> <span class='ocrx_word' id='word_1_233' title='bbox 991 2038 1156 2079; x_wconf 76' lang='lat' dir='ltr'>quidpiam</span> <span class='ocrx_word' id='word_1_234' title='bbox 1181 2046 1244 2069; x_wconf 91' lang='lat' dir='ltr'>non</span> <span class='ocrx_word' id='word_1_235' title='bbox 1266 2041 1380 2078; x_wconf 86' lang='lat' dir='ltr'>potest,</span> 
     </span>
     <span class='ocr_line' id='line_1_33' title="bbox 336 2098 975 2138; baseline 0 -10"><span class='ocrx_word' id='word_1_236' title='bbox 336 2099 440 2137; x_wconf 79' lang='lat' dir='ltr'>partes</span> <span class='ocrx_word' id='word_1_237' title='bbox 456 2098 560 2138; x_wconf 86' lang='lat' dir='ltr'>operis</span> <span class='ocrx_word' id='word_1_238' title='bbox 577 2107 639 2130; x_wconf 87' lang='lat' dir='ltr'>non</span> <span class='ocrx_word' id='word_1_239' title='bbox 658 2101 742 2130; x_wconf 87' lang='lat' dir='ltr'>recte</span> <span class='ocrx_word' id='word_1_240' title='bbox 759 2098 975 2129; x_wconf 79' lang='lat' dir='ltr'>nominantur.</span> 
     </span>
    </p>

    <p class='ocr_par' dir='ltr' id='par_1_9' title="bbox 336 2156 1389 3539">
     <span class='ocr_line' id='line_1_34' title="bbox 379 2156 1381 2197; baseline -0.001 -9"><span class='ocrx_word' id='word_1_241' title='bbox 379 2159 453 2188; x_wconf 82' lang='lat' dir='ltr'>Pars</span> <span class='ocrx_word' id='word_1_242' title='bbox 472 2158 555 2188; x_wconf 88' lang='lat' dir='ltr'>enim</span> <span class='ocrx_word' id='word_1_243' title='bbox 576 2157 809 2197; x_wconf 71' lang='lat' dir='ltr'>consideratur,</span> <span class='ocrx_word' id='word_1_244' title='bbox 839 2159 996 2197; x_wconf 85' lang='lat' dir='ltr'>quatenus</span> <span class='ocrx_word' id='word_1_245' title='bbox 1024 2157 1064 2188; x_wconf 88' lang='lat' dir='ltr'>ad</span> <span class='ocrx_word' id='word_1_246' title='bbox 1090 2158 1192 2188; x_wconf 84' lang='lat' dir='ltr'>totum</span> <span class='ocrx_word' id='word_1_247' title='bbox 1216 2156 1381 2196; x_wconf 79' lang='lat' dir='ltr'>complen-</span> 
     </span>
     <span class='ocr_line' id='line_1_35' title="bbox 336 2215 1380 2256; baseline -0.003 -7"><span class='ocrx_word' id='word_1_248' title='bbox 336 2218 413 2249; x_wconf 90' lang='lat' dir='ltr'>dum</span> <span class='ocrx_word' id='word_1_249' title='bbox 445 2217 518 2248; x_wconf 88' lang='lat' dir='ltr'>facit</span> <span class='ocrx_word' id='word_1_250' title='bbox 549 2218 690 2248; x_wconf 87' lang='lat' dir='ltr'>:contra</span> <span class='ocrx_word' id='word_1_251' title='bbox 712 2225 749 2248; x_wconf 85' lang='lat' dir='ltr'>ea</span> <span class='ocrx_word' id='word_1_252' title='bbox 768 2216 835 2247; x_wconf 86' lang='lat' dir='ltr'>sine</span> <span class='ocrx_word' id='word_1_253' title='bbox 861 2216 978 2256; x_wconf 85' lang='lat' dir='ltr'>quihus</span> <span class='ocrx_word' id='word_1_254' title='bbox 1007 2216 1126 2256; x_wconf 86' lang='lat' dir='ltr'>aliquid</span> <span class='ocrx_word' id='word_1_255' title='bbox 1162 2215 1230 2247; x_wconf 78' lang='lat' dir='ltr'>fieri</span> <span class='ocrx_word' id='word_1_256' title='bbox 1259 2216 1380 2255; x_wconf 87' lang='lat' dir='ltr'>nequit,</span> 
     </span>
     <span class='ocr_line' id='line_1_36' title="bbox 337 2274 1382 2317; baseline -0.003 -9"><span class='ocrx_word' id='word_1_257' title='bbox 337 2286 393 2317; x_wconf 81' lang='lat' dir='ltr'>pro</span> <span class='ocrx_word' id='word_1_258' title='bbox 415 2285 509 2307; x_wconf 84' lang='lat' dir='ltr'>causa</span> <span class='ocrx_word' id='word_1_259' title='bbox 531 2275 686 2307; x_wconf 76' lang='lat' dir='ltr'>efficiente</span> <span class='ocrx_word' id='word_1_260' title='bbox 708 2275 878 2312; x_wconf 85' lang='lat' dir='ltr'>hahentur,</span> <span class='ocrx_word' id='word_1_261' title='bbox 896 2274 933 2306; x_wconf 79' lang='lat' dir='ltr'>ut</span> <span class='ocrx_word' id='word_1_262' title='bbox 953 2283 1026 2315; x_wconf 78' lang='lat' dir='ltr'>quae</span> <span class='ocrx_word' id='word_1_263' title='bbox 1044 2274 1083 2306; x_wconf 90' lang='lat' dir='ltr'>ad</span> <span class='ocrx_word' id='word_1_264' title='bbox 1106 2274 1203 2306; x_wconf 84' lang='lat' dir='ltr'>finem</span> <span class='ocrx_word' id='word_1_265' title='bbox 1227 2274 1328 2305; x_wconf 86' lang='lat' dir='ltr'>ferant</span> <span class='ocrx_word' id='word_1_266' title='bbox 1344 2283 1382 2305; x_wconf 87' lang='lat' dir='ltr'>ac</span> 
     </span>
     <span class='ocr_line' id='line_1_37' title="bbox 337 2333 1382 2376; baseline -0.001 -10"><span class='ocrx_word' id='word_1_267' title='bbox 337 2335 468 2376; x_wconf 75' lang='lat' dir='ltr'>prosint.</span> <span class='ocrx_word' id='word_1_268' title='bbox 489 2351 528 2357; x_wconf 96' lang='lat'>—</span> <span class='ocrx_word' id='word_1_269' title='bbox 547 2333 653 2365; x_wconf 78' lang='lat' dir='ltr'>Dividi</span> <span class='ocrx_word' id='word_1_270' title='bbox 672 2335 781 2365; x_wconf 87' lang='lat' dir='ltr'>autem</span> <span class='ocrx_word' id='word_1_271' title='bbox 797 2333 917 2364; x_wconf 91' lang='lat' dir='ltr'>bonum</span> <span class='ocrx_word' id='word_1_272' title='bbox 939 2333 971 2364; x_wconf 92' lang='lat' dir='ltr'>in</span> <span class='ocrx_word' id='word_1_273' title='bbox 990 2334 1173 2374; x_wconf 88' lang='lat' dir='ltr'>honestum,</span> <span class='ocrx_word' id='word_1_274' title='bbox 1195 2334 1273 2365; x_wconf 89' lang='lat' dir='ltr'>utile</span> <span class='ocrx_word' id='word_1_275' title='bbox 1288 2333 1382 2373; x_wconf 86' lang='lat' dir='ltr'>etju-</span> 
     </span>
     <span class='ocr_line' id='line_1_38' title="bbox 337 2392 1382 2432; baseline 0 -8"><span class='ocrx_word' id='word_1_276' title='bbox 337 2393 476 2424; x_wconf 91' lang='lat' dir='ltr'>cundum</span> <span class='ocrx_word' id='word_1_277' title='bbox 495 2403 503 2424; x_wconf 79' lang='lat' dir='ltr'><em>z</em></span> <span class='ocrx_word' id='word_1_278' title='bbox 526 2402 562 2424; x_wconf 87' lang='lat' dir='ltr'>ac</span> <span class='ocrx_word' id='word_1_279' title='bbox 585 2392 779 2432; x_wconf 82' lang='lat' dir='ltr'>singularum</span> <span class='ocrx_word' id='word_1_280' title='bbox 803 2392 932 2432; x_wconf 81' lang='lat' dir='ltr'>quidem</span> <span class='ocrx_word' id='word_1_281' title='bbox 963 2392 1123 2423; x_wconf 86' lang='lat' dir='ltr'>actionum</span> <span class='ocrx_word' id='word_1_282' title='bbox 1142 2393 1201 2424; x_wconf 90' lang='lat' dir='ltr'>hos</span> <span class='ocrx_word' id='word_1_283' title='bbox 1229 2401 1299 2424; x_wconf 88' lang='lat' dir='ltr'>esse</span> <span class='ocrx_word' id='word_1_284' title='bbox 1313 2401 1382 2424; x_wconf 88' lang='lat' dir='ltr'>sco-</span> 
     </span>
     <span class='ocr_line' id='line_1_39' title="bbox 338 2450 1382 2492; baseline 0 -10"><span class='ocrx_word' id='word_1_285' title='bbox 338 2460 413 2492; x_wconf 88' lang='lat' dir='ltr'>pos,</span> <span class='ocrx_word' id='word_1_286' title='bbox 433 2460 469 2482; x_wconf 80' lang='lat' dir='ltr'>ex</span> <span class='ocrx_word' id='word_1_287' title='bbox 492 2450 641 2482; x_wconf 85' lang='lat' dir='ltr'>omnihus</span> <span class='ocrx_word' id='word_1_288' title='bbox 656 2458 730 2481; x_wconf 83' lang='lat' dir='ltr'>vero</span> <span class='ocrx_word' id='word_1_289' title='bbox 746 2450 814 2481; x_wconf 85' lang='lat' dir='ltr'>istis</span> <span class='ocrx_word' id='word_1_290' title='bbox 828 2450 901 2481; x_wconf 78' lang='lat' dir='ltr'>oriri</span> <span class='ocrx_word' id='word_1_291' title='bbox 921 2450 1161 2483; x_wconf 84' lang='lat' dir='ltr'>beatitudinem.</span> <span class='ocrx_word' id='word_1_292' title='bbox 1220 2452 1382 2484; x_wconf 78' lang='lat' dir='ltr'>Caeterum</span> 
     </span>
     <span class='ocr_line' id='line_1_40' title="bbox 337 2499 1383 2550; baseline 0.001 -10"><span class='ocrx_word' id='word_1_293' title='bbox 337 2508 564 2540; x_wconf 77' lang='lat' dir='ltr'>beatitudinem</span> <span class='ocrx_word' id='word_1_294' title='bbox 585 2517 651 2540; x_wconf 88' lang='lat' dir='ltr'>esse</span> <span class='ocrx_word' id='word_1_295' title='bbox 672 2508 863 2548; x_wconf 78' lang='lat' dir='ltr'>praecipuam</span> <span class='ocrx_word' id='word_1_296' title='bbox 881 2509 1008 2540; x_wconf 83' lang='lat' dir='ltr'>virtutis</span> <span class='ocrx_word' id='word_1_297' title='bbox 1024 2509 1170 2548; x_wconf 74' lang='lat' dir='ltr'>perfectae</span> <span class='ocrx_word' id='word_1_298' title='bbox 1187 2509 1217 2540; x_wconf 93' lang='lat' dir='ltr'>in</span> <span class='ocrx_word' id='word_1_299' title='bbox 1234 2499 1297 2541; x_wconf 85' lang='lat' dir='ltr'>vita</span> <span class='ocrx_word' id='word_1_300' title='bbox 1315 2518 1383 2550; x_wconf 90' lang='lat' dir='ltr'>per-</span> 
     </span>
     <span class='ocr_line' id='line_1_41' title="bbox 338 2566 1382 2607; baseline 0.001 -9"><span class='ocrx_word' id='word_1_301' title='bbox 338 2567 420 2598; x_wconf 88' lang='lat' dir='ltr'>fecta</span> <span class='ocrx_word' id='word_1_302' title='bbox 446 2566 723 2604; x_wconf 76' lang='lat' dir='ltr'>exercitationem,</span> <span class='ocrx_word' id='word_1_303' title='bbox 752 2567 800 2598; x_wconf 79' lang='lat' dir='ltr'>vel</span> <span class='ocrx_word' id='word_1_304' title='bbox 823 2566 988 2597; x_wconf 82' lang='lat' dir='ltr'>honestam</span> <span class='ocrx_word' id='word_1_305' title='bbox 1010 2568 1084 2598; x_wconf 80' lang='lat' dir='ltr'>vitae</span> <span class='ocrx_word' id='word_1_306' title='bbox 1108 2567 1255 2607; x_wconf 76' lang='lat' dir='ltr'>perfectae</span> <span class='ocrx_word' id='word_1_307' title='bbox 1285 2567 1382 2599; x_wconf 87' lang='lat' dir='ltr'>indu-</span> 
     </span>
     <span class='ocr_line' id='line_1_42' title="bbox 338 2624 1384 2662; baseline 0.002 -6"><span class='ocrx_word' id='word_1_308' title='bbox 338 2624 470 2662; x_wconf 85' lang='lat' dir='ltr'>striam,</span> <span class='ocrx_word' id='word_1_309' title='bbox 486 2624 535 2655; x_wconf 86' lang='lat' dir='ltr'>vel</span> <span class='ocrx_word' id='word_1_310' title='bbox 561 2632 655 2655; x_wconf 86' lang='lat' dir='ltr'>usum</span> <span class='ocrx_word' id='word_1_311' title='bbox 680 2624 806 2655; x_wconf 82' lang='lat' dir='ltr'>virtutis</span> <span class='ocrx_word' id='word_1_312' title='bbox 833 2624 864 2655; x_wconf 91' lang='lat' dir='ltr'>in</span> <span class='ocrx_word' id='word_1_313' title='bbox 890 2624 984 2656; x_wconf 82' lang='lat' dir='ltr'>rebus</span> <span class='ocrx_word' id='word_1_314' title='bbox 1012 2627 1136 2657; x_wconf 79' lang='lat' dir='ltr'>naturae</span> <span class='ocrx_word' id='word_1_315' title='bbox 1163 2626 1384 2658; x_wconf 82' lang='lat' dir='ltr'>consentaneis</span> 
     </span>
     <span class='ocr_line' id='line_1_43' title="bbox 339 2682 1382 2722; baseline 0.003 -8"><span class='ocrx_word' id='word_1_316' title='bbox 339 2683 471 2715; x_wconf 91' lang='lat' dir='ltr'>minime</span> <span class='ocrx_word' id='word_1_317' title='bbox 498 2682 699 2722; x_wconf 79' lang='lat' dir='ltr'>impeditum.</span> <span class='ocrx_word' id='word_1_318' title='bbox 741 2682 830 2714; x_wconf 90' lang='lat' dir='ltr'>ldern</span> <span class='ocrx_word' id='word_1_319' title='bbox 855 2683 951 2714; x_wconf 89' lang='lat' dir='ltr'>etiam</span> <span class='ocrx_word' id='word_1_320' title='bbox 972 2684 1066 2716; x_wconf 84' lang='lat' dir='ltr'>tinem</span> <span class='ocrx_word' id='word_1_321' title='bbox 1083 2694 1164 2717; x_wconf 82' lang='lat' dir='ltr'>esse.</span> <span class='ocrx_word' id='word_1_322' title='bbox 1210 2685 1262 2717; x_wconf 86' lang='lat' dir='ltr'>Sin</span> <span class='ocrx_word' id='word_1_323' title='bbox 1278 2687 1382 2718; x_wconf 89' lang='lat' dir='ltr'>autem</span> 
     </span>
     <span class='ocr_line' id='line_1_44' title="bbox 340 2740 1382 2785; baseline 0.004 -13"><span class='ocrx_word' id='word_1_324' title='bbox 340 2740 465 2772; x_wconf 84' lang='lat' dir='ltr'>felicem</span> <span class='ocrx_word' id='word_1_325' title='bbox 487 2748 556 2772; x_wconf 89' lang='lat' dir='ltr'>esse</span> <span class='ocrx_word' id='word_1_326' title='bbox 575 2740 667 2780; x_wconf 72' lang='lat' dir='ltr'>linis,</span> <span class='ocrx_word' id='word_1_327' title='bbox 692 2740 823 2772; x_wconf 76' lang='lat' dir='ltr'>felicitas</span> <span class='ocrx_word' id='word_1_328' title='bbox 853 2750 925 2772; x_wconf 91' lang='lat' dir='ltr'>vero</span> <span class='ocrx_word' id='word_1_329' title='bbox 951 2751 1069 2783; x_wconf 85' lang='lat' dir='ltr'>scopus</span> <span class='ocrx_word' id='word_1_330' title='bbox 1097 2744 1226 2783; x_wconf 86' lang='lat' dir='ltr'>dicitur,</span> <span class='ocrx_word' id='word_1_331' title='bbox 1256 2753 1311 2776; x_wconf 90' lang='lat' dir='ltr'>eos</span> <span class='ocrx_word' id='word_1_332' title='bbox 1329 2745 1382 2785; x_wconf 86' lang='lat' dir='ltr'>qui</span> 
     </span>
     <span class='ocr_line' id='line_1_45' title="bbox 339 2798 1383 2844; baseline 0.006 -15"><span class='ocrx_word' id='word_1_333' title='bbox 339 2798 591 2838; x_wconf 86' lang='lat' dir='ltr'>sicdistinguunt</span> <span class='ocrx_word' id='word_1_334' title='bbox 606 2798 771 2830; x_wconf 87' lang='lat' dir='ltr'>nominum</span> <span class='ocrx_word' id='word_1_335' title='bbox 791 2799 856 2830; x_wconf 83' lang='lat' dir='ltr'>vim</span> <span class='ocrx_word' id='word_1_336' title='bbox 872 2804 1039 2840; x_wconf 79' lang='lat' dir='ltr'>sequentes</span> <span class='ocrx_word' id='word_1_337' title='bbox 1060 2802 1186 2834; x_wconf 82' lang='lat' dir='ltr'>divitias</span> <span class='ocrx_word' id='word_1_338' title='bbox 1209 2812 1336 2844; x_wconf 86' lang='lat' dir='ltr'>quoque</span> <span class='ocrx_word' id='word_1_339' title='bbox 1353 2805 1383 2835; x_wconf 89' lang='lat' dir='ltr'>iu</span> 
     </span>
     <span class='ocr_line' id='line_1_46' title="bbox 340 2856 1383 2903; baseline 0.004 -14"><span class='ocrx_word' id='word_1_340' title='bbox 340 2856 435 2890; x_wconf 85' lang='lat' dir='ltr'>bonis</span> <span class='ocrx_word' id='word_1_341' title='bbox 452 2865 489 2887; x_wconf 87' lang='lat' dir='ltr'>ac</span> <span class='ocrx_word' id='word_1_342' title='bbox 509 2856 639 2888; x_wconf 86' lang='lat' dir='ltr'>divitem</span> <span class='ocrx_word' id='word_1_343' title='bbox 659 2865 728 2888; x_wconf 79' lang='lat' dir='ltr'>esse</span> <span class='ocrx_word' id='word_1_344' title='bbox 741 2857 773 2888; x_wconf 90' lang='lat' dir='ltr'>in</span> <span class='ocrx_word' id='word_1_345' title='bbox 795 2857 890 2888; x_wconf 88' lang='lat' dir='ltr'>rebus</span> <span class='ocrx_word' id='word_1_346' title='bbox 906 2860 1091 2891; x_wconf 87' lang='lat' dir='ltr'>necessariis</span> <span class='ocrx_word' id='word_1_347' title='bbox 1106 2869 1270 2894; x_wconf 83' lang='lat' dir='ltr'>numerare</span> <span class='ocrx_word' id='word_1_348' title='bbox 1289 2871 1383 2903; x_wconf 81' lang='lat' dir='ltr'>opor-</span> 
     </span>
     <span class='ocr_line' id='line_1_47' title="bbox 341 2916 1383 2960; baseline 0.005 -12"><span class='ocrx_word' id='word_1_349' title='bbox 341 2916 398 2948; x_wconf 81' lang='lat' dir='ltr'>tet.</span> <span class='ocrx_word' id='word_1_350' title='bbox 420 2916 638 2946; x_wconf 81' lang='lat' dir='ltr'>Veruntamen</span> <span class='ocrx_word' id='word_1_351' title='bbox 657 2916 800 2946; x_wconf 82' lang='lat' dir='ltr'>veterum</span> <span class='ocrx_word' id='word_1_352' title='bbox 814 2917 1008 2947; x_wconf 81' lang='lat' dir='ltr'>consuetudo</span> <span class='ocrx_word' id='word_1_353' title='bbox 1025 2919 1185 2958; x_wconf 84' lang='lat' dir='ltr'>sequenda</span> <span class='ocrx_word' id='word_1_354' title='bbox 1200 2921 1305 2960; x_wconf 83' lang='lat' dir='ltr'>potius</span> <span class='ocrx_word' id='word_1_355' title='bbox 1322 2923 1383 2960; x_wconf 89' lang='lat' dir='ltr'>est,</span> 
     </span>
     <span class='ocr_line' id='line_1_48' title="bbox 342 2972 1383 3019; baseline 0.006 -14"><span class='ocrx_word' id='word_1_356' title='bbox 342 2972 576 3013; x_wconf 85' lang='lat' dir='ltr'>dicendumque</span> <span class='ocrx_word' id='word_1_357' title='bbox 592 2972 684 3004; x_wconf 88' lang='lat' dir='ltr'>finem</span> <span class='ocrx_word' id='word_1_358' title='bbox 703 2982 770 3004; x_wconf 89' lang='lat' dir='ltr'>esse</span> <span class='ocrx_word' id='word_1_359' title='bbox 784 2974 875 3012; x_wconf 85' lang='lat' dir='ltr'>cujus</span> <span class='ocrx_word' id='word_1_360' title='bbox 889 2982 983 3006; x_wconf 81' lang='lat' dir='ltr'>causa</span> <span class='ocrx_word' id='word_1_361' title='bbox 997 2977 1103 3007; x_wconf 83' lang='lat' dir='ltr'>omnia</span> <span class='ocrx_word' id='word_1_362' title='bbox 1119 2977 1259 3018; x_wconf 82' lang='lat' dir='ltr'>facimus,</span> <span class='ocrx_word' id='word_1_363' title='bbox 1279 2979 1383 3019; x_wconf 85' lang='lat' dir='ltr'>ipsum</span> 
     </span>
     <span class='ocr_line' id='line_1_49' title="bbox 342 3031 1385 3077; baseline 0.007 -14"><span class='ocrx_word' id='word_1_364' title='bbox 342 3032 452 3064; x_wconf 86' lang='lat' dir='ltr'>autem</span> <span class='ocrx_word' id='word_1_365' title='bbox 478 3031 595 3062; x_wconf 88' lang='lat' dir='ltr'>nullius</span> <span class='ocrx_word' id='word_1_366' title='bbox 614 3040 727 3070; x_wconf 85' lang='lat' dir='ltr'>causa,</span> <span class='ocrx_word' id='word_1_367' title='bbox 758 3032 823 3063; x_wconf 89' lang='lat' dir='ltr'>sive</span> <span class='ocrx_word' id='word_1_368' title='bbox 847 3032 995 3064; x_wconf 88' lang='lat' dir='ltr'>ultimum</span> <span class='ocrx_word' id='word_1_369' title='bbox 1020 3036 1292 3077; x_wconf 80' lang='lat' dir='ltr'>expetendorum,</span> <span class='ocrx_word' id='word_1_370' title='bbox 1318 3039 1385 3070; x_wconf 84' lang='lat' dir='ltr'>sive</span> 
     </span>
     <span class='ocr_line' id='line_1_50' title="bbox 343 3089 1384 3130; baseline 0.007 -8"><span class='ocrx_word' id='word_1_371' title='bbox 343 3089 443 3123; x_wconf 78' lang='lat' dir='ltr'>vitam</span> <span class='ocrx_word' id='word_1_372' title='bbox 466 3089 498 3121; x_wconf 89' lang='lat' dir='ltr'>in</span> <span class='ocrx_word' id='word_1_373' title='bbox 521 3090 663 3128; x_wconf 78' lang='lat' dir='ltr'>corporis</span> <span class='ocrx_word' id='word_1_374' title='bbox 685 3093 955 3130; x_wconf 68' lang='lat' dir='ltr'>exter-notumque</span> <span class='ocrx_word' id='word_1_375' title='bbox 987 3091 1144 3124; x_wconf 83' lang='lat' dir='ltr'>bonorum</span> <span class='ocrx_word' id='word_1_376' title='bbox 1171 3095 1221 3126; x_wconf 85' lang='lat' dir='ltr'>vel</span> <span class='ocrx_word' id='word_1_377' title='bbox 1240 3097 1384 3129; x_wconf 90' lang='lat' dir='ltr'>omnium</span> 
     </span>
     <span class='ocr_line' id='line_1_51' title="bbox 342 3149 1384 3190; baseline 0.005 -8"><span class='ocrx_word' id='word_1_378' title='bbox 342 3149 395 3182; x_wconf 77' lang='lat' dir='ltr'>vei</span> <span class='ocrx_word' id='word_1_379' title='bbox 421 3149 645 3190; x_wconf 87' lang='lat' dir='ltr'>plerorumque</span> <span class='ocrx_word' id='word_1_380' title='bbox 666 3150 697 3180; x_wconf 89' lang='lat' dir='ltr'>et</span> <span class='ocrx_word' id='word_1_381' title='bbox 720 3149 954 3189; x_wconf 60' lang='lat' dir='ltr'>praecipuorum</span> <span class='ocrx_word' id='word_1_382' title='bbox 973 3150 1167 3183; x_wconf 89' lang='lat' dir='ltr'>abundantia</span> <span class='ocrx_word' id='word_1_383' title='bbox 1190 3153 1323 3187; x_wconf 80' lang='lat' dir='ltr'>honeste</span> <span class='ocrx_word' id='word_1_384' title='bbox 1348 3165 1384 3187; x_wconf 84' lang='lat' dir='ltr'>a-</span> 
     </span>
     <span class='ocr_line' id='line_1_52' title="bbox 343 3206 1382 3246; baseline 0.005 -7"><span class='ocrx_word' id='word_1_385' title='bbox 343 3207 441 3239; x_wconf 78' lang='lat' dir='ltr'>ctam.</span> <span class='ocrx_word' id='word_1_386' title='bbox 454 3206 491 3239; x_wconf 92' lang='lat' dir='ltr'>Id</span> <span class='ocrx_word' id='word_1_387' title='bbox 507 3209 613 3238; x_wconf 87' lang='lat' dir='ltr'>autem</span> <span class='ocrx_word' id='word_1_388' title='bbox 633 3215 733 3246; x_wconf 78' lang='lat' dir='ltr'>quum</span> <span class='ocrx_word' id='word_1_389' title='bbox 751 3207 928 3239; x_wconf 82' lang='lat' dir='ltr'>maximum</span> <span class='ocrx_word' id='word_1_390' title='bbox 948 3208 987 3239; x_wconf 87' lang='lat' dir='ltr'>sit</span> <span class='ocrx_word' id='word_1_391' title='bbox 1000 3209 1121 3241; x_wconf 90' lang='lat' dir='ltr'>bonum</span> <span class='ocrx_word' id='word_1_392' title='bbox 1137 3212 1169 3242; x_wconf 92' lang='lat' dir='ltr'>et</span> <span class='ocrx_word' id='word_1_393' title='bbox 1185 3211 1382 3245; x_wconf 84' lang='lat' dir='ltr'>absolutissi-</span> 
     </span>
     <span class='ocr_line' id='line_1_53' title="bbox 343 3265 1386 3310; baseline 0.005 -12"><span class='ocrx_word' id='word_1_394' title='bbox 343 3273 433 3298; x_wconf 86' lang='lat' dir='ltr'>mum</span> <span class='ocrx_word' id='word_1_395' title='bbox 446 3289 455 3304; x_wconf 94' lang='lat'><em>,</em></span> <span class='ocrx_word' id='word_1_396' title='bbox 474 3265 666 3305; x_wconf 79' lang='lat' dir='ltr'>reliquorum</span> <span class='ocrx_word' id='word_1_397' title='bbox 685 3266 783 3296; x_wconf 81' lang='lat' dir='ltr'>utitur</span> <span class='ocrx_word' id='word_1_398' title='bbox 801 3266 983 3298; x_wconf 89' lang='lat' dir='ltr'>ministerio.</span> <span class='ocrx_word' id='word_1_399' title='bbox 1004 3269 1046 3299; x_wconf 91' lang='lat' dir='ltr'>Ut</span> <span class='ocrx_word' id='word_1_400' title='bbox 1059 3268 1143 3300; x_wconf 91' lang='lat' dir='ltr'>enim</span> <span class='ocrx_word' id='word_1_401' title='bbox 1161 3279 1233 3310; x_wconf 85' lang='lat' dir='ltr'>quae</span> <span class='ocrx_word' id='word_1_402' title='bbox 1252 3271 1291 3302; x_wconf 89' lang='lat' dir='ltr'>ad</span> <span class='ocrx_word' id='word_1_403' title='bbox 1308 3272 1386 3304; x_wconf 90' lang='lat' dir='ltr'>illud</span> 
     </span>
     <span class='ocr_line' id='line_1_54' title="bbox 345 3322 1383 3361; baseline 0.006 -8"><span class='ocrx_word' id='word_1_404' title='bbox 345 3322 512 3354; x_wconf 88' lang='lat' dir='ltr'>conferunt</span> <span class='ocrx_word' id='word_1_405' title='bbox 534 3331 588 3361; x_wconf 79' lang='lat' dir='ltr'>pro</span> <span class='ocrx_word' id='word_1_406' title='bbox 609 3322 699 3353; x_wconf 90' lang='lat' dir='ltr'>bonis</span> <span class='ocrx_word' id='word_1_407' title='bbox 717 3322 860 3354; x_wconf 85' lang='lat' dir='ltr'>habenda</span> <span class='ocrx_word' id='word_1_408' title='bbox 878 3332 946 3355; x_wconf 89' lang='lat' dir='ltr'>esse</span> <span class='ocrx_word' id='word_1_409' title='bbox 962 3332 1072 3356; x_wconf 85' lang='lat' dir='ltr'>omnes</span> <span class='ocrx_word' id='word_1_410' title='bbox 1088 3326 1294 3358; x_wconf 76' lang='lat' dir='ltr'>concedimus</span> <span class='ocrx_word' id='word_1_411' title='bbox 1315 3336 1321 3355; x_wconf 76' lang='grc' dir='ltr'>ε</span> <span class='ocrx_word' id='word_1_412' title='bbox 1340 3330 1383 3359; x_wconf 88' lang='lat' dir='ltr'>ita</span> 
     </span>
     <span class='ocr_line' id='line_1_55' title="bbox 346 3380 1387 3422; baseline 0.005 -10"><span class='ocrx_word' id='word_1_413' title='bbox 346 3389 420 3421; x_wconf 85' lang='lat' dir='ltr'>quae</span> <span class='ocrx_word' id='word_1_414' title='bbox 437 3380 588 3412; x_wconf 86' lang='lat' dir='ltr'>resistunt</span> <span class='ocrx_word' id='word_1_415' title='bbox 605 3389 663 3412; x_wconf 89' lang='lat' dir='ltr'>nec</span> <span class='ocrx_word' id='word_1_416' title='bbox 673 3381 763 3412; x_wconf 90' lang='lat' dir='ltr'>bonis</span> <span class='ocrx_word' id='word_1_417' title='bbox 779 3390 837 3412; x_wconf 82' lang='lat' dir='ltr'>nec</span> <span class='ocrx_word' id='word_1_418' title='bbox 857 3382 948 3413; x_wconf 84' lang='lat' dir='ltr'>malis</span> <span class='ocrx_word' id='word_1_419' title='bbox 960 3406 969 3422; x_wconf 90' lang='lat'>‚</span> <span class='ocrx_word' id='word_1_420' title='bbox 987 3383 1042 3414; x_wconf 89' lang='lat' dir='ltr'>sed</span> <span class='ocrx_word' id='word_1_421' title='bbox 1062 3383 1317 3417; x_wconf 79' lang='lat' dir='ltr'>indifferentibus</span> <span class='ocrx_word' id='word_1_422' title='bbox 1336 3395 1387 3417; x_wconf 91' lang='lat' dir='ltr'>an-</span> 
     </span>
     <span class='ocr_line' id='line_1_56' title="bbox 348 3440 1385 3476; baseline 0.005 -5"><span class='ocrx_word' id='word_1_423' title='bbox 348 3440 508 3471; x_wconf 84' lang='lat' dir='ltr'>numerari</span> <span class='ocrx_word' id='word_1_424' title='bbox 525 3441 685 3471; x_wconf 82' lang='lat' dir='ltr'>convenit.</span> <span class='ocrx_word' id='word_1_425' title='bbox 708 3442 748 3471; x_wconf 75' lang='lat' dir='ltr'>At</span> <span class='ocrx_word' id='word_1_426' title='bbox 764 3449 827 3471; x_wconf 93' lang='lat' dir='ltr'>non</span> <span class='ocrx_word' id='word_1_427' title='bbox 849 3450 976 3473; x_wconf 87' lang='lat' dir='ltr'>omnem</span> <span class='ocrx_word' id='word_1_428' title='bbox 994 3443 1152 3474; x_wconf 87' lang='lat' dir='ltr'>actionem</span> <span class='ocrx_word' id='word_1_429' title='bbox 1167 3443 1331 3476; x_wconf 73' lang='lat' dir='ltr'>honestam</span> <span class='ocrx_word' id='word_1_430' title='bbox 1346 3445 1385 3476; x_wconf 90' lang='lat' dir='ltr'>ad</span> 
     </span>
     <span class='ocr_line' id='line_1_57' title="bbox 348 3498 1389 3539; baseline 0.006 -9"><span class='ocrx_word' id='word_1_431' title='bbox 348 3498 530 3531; x_wconf 79' lang='lat' dir='ltr'>felicitatem</span> <span class='ocrx_word' id='word_1_432' title='bbox 549 3500 715 3539; x_wconf 79' lang='lat' dir='ltr'>pertinere.</span> <span class='ocrx_word' id='word_1_433' title='bbox 739 3500 891 3532; x_wconf 73' lang='lat' dir='ltr'>perfectae</span> <span class='ocrx_word' id='word_1_434' title='bbox 911 3509 984 3533; x_wconf 81' lang='lat' dir='ltr'>vero</span> <span class='ocrx_word' id='word_1_435' title='bbox 1004 3503 1131 3535; x_wconf 83' lang='lat' dir='ltr'>virtutis</span> <span class='ocrx_word' id='word_1_436' title='bbox 1145 3512 1238 3536; x_wconf 90' lang='lat' dir='ltr'>usum</span> <span class='ocrx_word' id='word_1_437' title='bbox 1258 3504 1389 3537; x_wconf 87' lang='lat' dir='ltr'>felicita-</span> 
     </span>
    </p>
   </div>
   <div class='ocr_carea' id='block_1_8' title="bbox 1434 367 2491 1958">
    <p class='ocr_par' dir='ltr' id='par_1_10' title="bbox 1434 367 2491 1958">
     <span class='ocr_line' id='line_1_58' title="bbox 1434 367 2477 423; baseline -0.001 -15"><span class='ocrx_word' id='word_1_438' title='bbox 1434 367 1498 416; x_wconf 82' lang='grc' dir='ltr'>τὴν</span> <span class='ocrx_word' id='word_1_439' title='bbox 1517 367 1778 420; x_wconf 85' lang='grc' dir='ltr'>καλοκαγαθίαν</span> <span class='ocrx_word' id='word_1_440' title='bbox 1792 383 1802 394; x_wconf 83' lang='grc'><em>·</em></span> <span class='ocrx_word' id='word_1_441' title='bbox 1824 369 1956 413; x_wconf 82' lang='grc' dir='ltr'>ἀτελεῖς</span> <span class='ocrx_word' id='word_1_442' title='bbox 1983 367 2041 417; x_wconf 81' lang='grc' dir='ltr'>δέ,</span> <span class='ocrx_word' id='word_1_443' title='bbox 2077 367 2139 415; x_wconf 84' lang='grc' dir='ltr'>τὴν</span> <span class='ocrx_word' id='word_1_444' title='bbox 2167 367 2310 423; x_wconf 69' lang='grc' dir='ltr'>εὐφυΐαν</span> <span class='ocrx_word' id='word_1_445' title='bbox 2333 367 2394 408; x_wconf 76' lang='grc' dir='ltr'>καὶ</span> <span class='ocrx_word' id='word_1_446' title='bbox 2411 367 2477 417; x_wconf 65' lang='grc' dir='ltr'>τὴν</span> 
     </span>
     <span class='ocr_line' id='line_1_59' title="bbox 1434 426 2480 482; baseline 0.001 -15"><span class='ocrx_word' id='word_1_447' title='bbox 1434 427 1627 481; x_wconf 81' lang='grc' dir='ltr'>προκοπήν·</span> <span class='ocrx_word' id='word_1_448' title='bbox 1657 430 1708 480; x_wconf 81' lang='grc' dir='ltr'>τῷ</span> <span class='ocrx_word' id='word_1_449' title='bbox 1730 426 1767 467; x_wconf 84' lang='grc' dir='ltr'>δὲ</span> <span class='ocrx_word' id='word_1_450' title='bbox 1793 427 1915 482; x_wconf 86' lang='grc' dir='ltr'>τελείῳ</span> <span class='ocrx_word' id='word_1_451' title='bbox 1947 427 1987 466; x_wconf 86' lang='grc' dir='ltr'>τὸ</span> <span class='ocrx_word' id='word_1_452' title='bbox 2017 427 2146 468; x_wconf 82' lang='grc' dir='ltr'>τέλειον</span> <span class='ocrx_word' id='word_1_453' title='bbox 2175 428 2378 482; x_wconf 76' lang='grc' dir='ltr'>ἁρμόττειν.</span> <span class='ocrx_word' id='word_1_454' title='bbox 2408 428 2480 469; x_wconf 71' lang='grc' dir='ltr'>Τί·-</span> 
     </span>
     <span class='ocr_line' id='line_1_60' title="bbox 1434 480 2482 540; baseline 0.002 -14"><span class='ocrx_word' id='word_1_455' title='bbox 1434 487 1494 532; x_wconf 89' lang='grc' dir='ltr'>λος</span> <span class='ocrx_word' id='word_1_456' title='bbox 1512 482 1570 527; x_wconf 68' lang='grc' dir='ltr'>οὖν</span> <span class='ocrx_word' id='word_1_457' title='bbox 1602 480 1693 526; x_wconf 68' lang='grc' dir='ltr'>εἶναι</span> <span class='ocrx_word' id='word_1_458' title='bbox 1711 489 1775 534; x_wconf 76' lang='grc' dir='ltr'>τῆς</span> <span class='ocrx_word' id='word_1_459' title='bbox 1792 486 1955 535; x_wconf 81' lang='grc' dir='ltr'>τοιαύτης</span> <span class='ocrx_word' id='word_1_460' title='bbox 1984 489 2108 540; x_wconf 75' lang='grc' dir='ltr'>ἀρετῆς</span> <span class='ocrx_word' id='word_1_461' title='bbox 2131 489 2324 540; x_wconf 82' lang='grc' dir='ltr'>ἐνέργειαν,</span> <span class='ocrx_word' id='word_1_462' title='bbox 2352 483 2394 535; x_wconf 67' lang='grc' dir='ltr'>ἧς</span> <span class='ocrx_word' id='word_1_463' title='bbox 2424 489 2482 528; x_wconf 83' lang='grc' dir='ltr'>οὗ·</span> 
     </span>
     <span class='ocr_line' id='line_1_61' title="bbox 1436 545 2480 602; baseline 0.004 -17"><span class='ocrx_word' id='word_1_464' title='bbox 1436 545 1493 585; x_wconf 87' lang='grc' dir='ltr'>θὲν</span> <span class='ocrx_word' id='word_1_465' title='bbox 1514 546 1640 585; x_wconf 88' lang='grc' dir='ltr'>ἄπεστι</span> <span class='ocrx_word' id='word_1_466' title='bbox 1661 545 1776 600; x_wconf 80' lang='grc' dir='ltr'>μέρος.</span> <span class='ocrx_word' id='word_1_467' title='bbox 1835 546 1908 586; x_wconf 80' lang='grc' dir='ltr'>Καὶ</span> <span class='ocrx_word' id='word_1_468' title='bbox 1926 549 1966 585; x_wconf 78' lang='grc' dir='ltr'>τὸ</span> <span class='ocrx_word' id='word_1_469' title='bbox 1986 549 2021 585; x_wconf 84' lang='grc' dir='ltr'>ἐν</span> <span class='ocrx_word' id='word_1_470' title='bbox 2051 547 2117 600; x_wconf 83' lang='grc' dir='ltr'>βίῳ</span> <span class='ocrx_word' id='word_1_471' title='bbox 2141 548 2176 586; x_wconf 82' lang='grc' dir='ltr'>δὲ</span> <span class='ocrx_word' id='word_1_472' title='bbox 2196 549 2319 602; x_wconf 81' lang='grc' dir='ltr'>τελείῳ</span> <span class='ocrx_word' id='word_1_473' title='bbox 2347 548 2480 602; x_wconf 78' lang='grc' dir='ltr'>προσί-</span> 
     </span>
     <span class='ocr_line' id='line_1_62' title="bbox 1436 605 2478 660; baseline 0.003 -15"><span class='ocrx_word' id='word_1_474' title='bbox 1436 609 1556 654; x_wconf 86' lang='grc' dir='ltr'>θεσαν,</span> <span class='ocrx_word' id='word_1_475' title='bbox 1591 605 1806 652; x_wconf 79' lang='grc' dir='ltr'>ἐνδείξασθαι</span> <span class='ocrx_word' id='word_1_476' title='bbox 1837 606 2086 659; x_wconf 78' lang='grc' dir='ltr'>βουληθέντες,</span> <span class='ocrx_word' id='word_1_477' title='bbox 2117 608 2170 645; x_wconf 82' lang='grc' dir='ltr'>ὅτι</span> <span class='ocrx_word' id='word_1_478' title='bbox 2198 608 2279 660; x_wconf 80' lang='grc' dir='ltr'>περὶ</span> <span class='ocrx_word' id='word_1_479' title='bbox 2304 607 2384 652; x_wconf 63' lang='grc' dir='ltr'>τοὺς</span> <span class='ocrx_word' id='word_1_480' title='bbox 2407 608 2478 656; x_wconf 83' lang='grc' dir='ltr'>ἤδη</span> 
     </span>
     <span class='ocr_line' id='line_1_63' title="bbox 1436 662 2482 720; baseline 0.004 -18"><span class='ocrx_word' id='word_1_481' title='bbox 1436 662 1654 717; x_wconf 83' lang='grc' dir='ltr'>προήκοντας</span> <span class='ocrx_word' id='word_1_482' title='bbox 1682 663 1810 717; x_wconf 82' lang='grc' dir='ltr'>ἄνδρας</span> <span class='ocrx_word' id='word_1_483' title='bbox 1840 667 1862 711; x_wconf 85' lang='grc' dir='ltr'>ἡ</span> <span class='ocrx_word' id='word_1_484' title='bbox 1903 664 2105 716; x_wconf 80' lang='grc' dir='ltr'>εὐδαιμονία</span> <span class='ocrx_word' id='word_1_485' title='bbox 2134 666 2303 717; x_wconf 84' lang='grc' dir='ltr'>γίγνεται·</span> <span class='ocrx_word' id='word_1_486' title='bbox 2337 666 2377 705; x_wconf 86' lang='grc' dir='ltr'>τὸ</span> <span class='ocrx_word' id='word_1_487' title='bbox 2411 666 2482 720; x_wconf 77' lang='grc' dir='ltr'>γὰρ</span> 
     </span>
     <span class='ocr_line' id='line_1_64' title="bbox 1439 721 2483 778; baseline 0.002 -17"><span class='ocrx_word' id='word_1_488' title='bbox 1439 721 1621 776; x_wconf 76' lang='grc' dir='ltr'>μειράκιον</span> <span class='ocrx_word' id='word_1_489' title='bbox 1641 721 1760 766; x_wconf 80' lang='grc' dir='ltr'>ἀτελὲς</span> <span class='ocrx_word' id='word_1_490' title='bbox 1779 722 1841 762; x_wconf 74' lang='grc' dir='ltr'>καὶ</span> <span class='ocrx_word' id='word_1_491' title='bbox 1854 726 1873 762; x_wconf 79' lang='grc' dir='ltr'>ὁ</span> <span class='ocrx_word' id='word_1_492' title='bbox 1890 721 2012 762; x_wconf 90' lang='grc' dir='ltr'>τούτου</span> <span class='ocrx_word' id='word_1_493' title='bbox 2031 722 2102 775; x_wconf 88' lang='grc' dir='ltr'>βίος</span> <span class='ocrx_word' id='word_1_494' title='bbox 2114 754 2123 770; x_wconf 89' lang='grc'>,</span> <span class='ocrx_word' id='word_1_495' title='bbox 2145 724 2187 762; x_wconf 83' lang='grc' dir='ltr'>δι’</span> <span class='ocrx_word' id='word_1_496' title='bbox 2205 723 2307 775; x_wconf 38' lang='grc' dir='ltr'>ὃ-οὖκ</span> <span class='ocrx_word' id='word_1_497' title='bbox 2324 724 2366 763; x_wconf 80' lang='grc' dir='ltr'>ἂν</span> <span class='ocrx_word' id='word_1_498' title='bbox 2386 724 2483 778; x_wconf 80' lang='grc' dir='ltr'>γενέ-</span> 
     </span>
     <span class='ocr_line' id='line_1_65' title="bbox 1439 780 2486 834; baseline 0.003 -14"><span class='ocrx_word' id='word_1_499' title='bbox 1439 785 1520 821; x_wconf 87' lang='grc' dir='ltr'>σθαι</span> <span class='ocrx_word' id='word_1_500' title='bbox 1551 780 1632 834; x_wconf 80' lang='grc' dir='ltr'>περὶ</span> <span class='ocrx_word' id='word_1_501' title='bbox 1666 780 1758 821; x_wconf 74' lang='grc' dir='ltr'>τοῦτ’</span> <span class='ocrx_word' id='word_1_502' title='bbox 1790 781 2027 833; x_wconf 72' lang='grc' dir='ltr'>εὐδαιμονίαν,</span> <span class='ocrx_word' id='word_1_503' title='bbox 2064 783 2135 821; x_wconf 78' lang='grc' dir='ltr'>οὐδ’</span> <span class='ocrx_word' id='word_1_504' title='bbox 2170 782 2259 826; x_wconf 75' lang='grc' dir='ltr'>ὅλως</span> <span class='ocrx_word' id='word_1_505' title='bbox 2294 784 2330 822; x_wconf 69' lang='grc' dir='ltr'>ἓν</span> <span class='ocrx_word' id='word_1_506' title='bbox 2367 784 2486 823; x_wconf 79' lang='grc' dir='ltr'>ἀτελεῖ</span> 
     </span>
     <span class='ocr_line' id='line_1_66' title="bbox 1437 835 2484 895; baseline 0.002 -15"><span class='ocrx_word' id='word_1_507' title='bbox 1437 839 1554 895; x_wconf 85' lang='grc' dir='ltr'>χρόνῳ</span> <span class='ocrx_word' id='word_1_508' title='bbox 1570 870 1581 889; x_wconf 92' lang='grc'>,</span> <span class='ocrx_word' id='word_1_509' title='bbox 1601 840 1682 879; x_wconf 83' lang='grc' dir='ltr'>ἀλλ’</span> <span class='ocrx_word' id='word_1_510' title='bbox 1701 843 1736 880; x_wconf 78' lang='grc' dir='ltr'>ἐν</span> <span class='ocrx_word' id='word_1_511' title='bbox 1753 842 1805 894; x_wconf 81' lang='grc' dir='ltr'>τῷ</span> <span class='ocrx_word' id='word_1_512' title='bbox 1821 842 1958 894; x_wconf 86' lang='grc' dir='ltr'>τελείῳ.</span> <span class='ocrx_word' id='word_1_513' title='bbox 2016 842 2157 881; x_wconf 85' lang='grc' dir='ltr'>Τέλειον</span> <span class='ocrx_word' id='word_1_514' title='bbox 2179 843 2209 880; x_wconf 85' lang='grc' dir='ltr'>δ’</span> <span class='ocrx_word' id='word_1_515' title='bbox 2242 835 2331 882; x_wconf 77' lang='grc' dir='ltr'>εἶναι</span> <span class='ocrx_word' id='word_1_516' title='bbox 2350 845 2484 892; x_wconf 74' lang='grc' dir='ltr'>τοῦτον,</span> 
     </span>
     <span class='ocr_line' id='line_1_67' title="bbox 1440 899 2486 955; baseline 0.002 -15"><span class='ocrx_word' id='word_1_517' title='bbox 1440 901 1520 940; x_wconf 82' lang='grc' dir='ltr'>ὅσον</span> <span class='ocrx_word' id='word_1_518' title='bbox 1549 899 1674 953; x_wconf 80' lang='grc' dir='ltr'>ὥρισεν</span> <span class='ocrx_word' id='word_1_519' title='bbox 1701 903 1786 951; x_wconf 83' lang='grc' dir='ltr'>ἡμῖν</span> <span class='ocrx_word' id='word_1_520' title='bbox 1816 902 1982 940; x_wconf 82' lang='grc' dir='ltr'>πλεῖστον</span> <span class='ocrx_word' id='word_1_521' title='bbox 2016 904 2035 940; x_wconf 82' lang='grc' dir='ltr'>ὁ</span> <span class='ocrx_word' id='word_1_522' title='bbox 2068 901 2162 950; x_wconf 88' lang='grc' dir='ltr'>θεός,</span> <span class='ocrx_word' id='word_1_523' title='bbox 2196 901 2303 955; x_wconf 81' lang='grc' dir='ltr'>ὥρισε</span> <span class='ocrx_word' id='word_1_524' title='bbox 2324 900 2362 942; x_wconf 75' lang='grc' dir='ltr'>δὲ</span> <span class='ocrx_word' id='word_1_525' title='bbox 2391 902 2486 942; x_wconf 78' lang='grc' dir='ltr'>κατὰ</span> 
     </span>
     <span class='ocr_line' id='line_1_68' title="bbox 1440 959 2486 1012; baseline 0.002 -14"><span class='ocrx_word' id='word_1_526' title='bbox 1440 960 1587 1008; x_wconf 84' lang='grc' dir='ltr'>πλάτος,</span> <span class='ocrx_word' id='word_1_527' title='bbox 1607 959 1770 1012; x_wconf 81' lang='grc' dir='ltr'>καθάπερ</span> <span class='ocrx_word' id='word_1_528' title='bbox 1786 959 1847 999; x_wconf 65' lang='grc' dir='ltr'>καὶ</span> <span class='ocrx_word' id='word_1_529' title='bbox 1867 960 1907 999; x_wconf 80' lang='grc' dir='ltr'>τὸ</span> <span class='ocrx_word' id='word_1_530' title='bbox 1925 964 1984 1000; x_wconf 75' lang='grc' dir='ltr'>τοῦ</span> <span class='ocrx_word' id='word_1_531' title='bbox 2002 960 2164 1011; x_wconf 85' lang='grc' dir='ltr'>σώματος</span> <span class='ocrx_word' id='word_1_532' title='bbox 2186 960 2359 1012; x_wconf 82' lang='grc' dir='ltr'>μέγεθος.’</span> <span class='ocrx_word' id='word_1_533' title='bbox 2418 959 2486 1005; x_wconf 82' lang='grc' dir='ltr'>Ὧς</span> 
     </span>
     <span class='ocr_line' id='line_1_69' title="bbox 1441 1013 2486 1072; baseline 0 -14"><span class='ocrx_word' id='word_1_534' title='bbox 1441 1013 1499 1058; x_wconf 64' lang='grc' dir='ltr'>οὖν</span> <span class='ocrx_word' id='word_1_535' title='bbox 1521 1018 1580 1058; x_wconf 82' lang='grc' dir='ltr'>ἕνα</span> <span class='ocrx_word' id='word_1_536' title='bbox 1597 1018 1717 1071; x_wconf 86' lang='grc' dir='ltr'>στίχον</span> <span class='ocrx_word' id='word_1_537' title='bbox 1738 1019 1787 1069; x_wconf 82' lang='grc' dir='ltr'>μὴ</span> <span class='ocrx_word' id='word_1_538' title='bbox 1808 1018 1850 1058; x_wconf 82' lang='grc' dir='ltr'>ἂν</span> <span class='ocrx_word' id='word_1_539' title='bbox 1871 1019 2057 1066; x_wconf 79' lang='grc' dir='ltr'>συστήσειν</span> <span class='ocrx_word' id='word_1_540' title='bbox 2078 1018 2275 1072; x_wconf 78' lang='grc' dir='ltr'>ὑπόκρισιν,</span> <span class='ocrx_word' id='word_1_541' title='bbox 2292 1018 2383 1070; x_wconf 78' lang='grc' dir='ltr'>μηδὲ</span> <span class='ocrx_word' id='word_1_542' title='bbox 2402 1019 2486 1071; x_wconf 82' lang='grc' dir='ltr'>μίαν</span> 
     </span>
     <span class='ocr_line' id='line_1_70' title="bbox 1439 1077 2487 1131; baseline 0.002 -15"><span class='ocrx_word' id='word_1_543' title='bbox 1439 1077 1556 1130; x_wconf 84' lang='grc' dir='ltr'>χειρὸς</span> <span class='ocrx_word' id='word_1_544' title='bbox 1574 1077 1715 1116; x_wconf 79' lang='grc' dir='ltr'>ἔκτασιν</span> <span class='ocrx_word' id='word_1_545' title='bbox 1735 1077 1902 1131; x_wconf 73' lang='grc' dir='ltr'>ὄρχησιν,</span> <span class='ocrx_word' id='word_1_546' title='bbox 1923 1077 2014 1129; x_wconf 85' lang='grc' dir='ltr'>μηδὲ</span> <span class='ocrx_word' id='word_1_547' title='bbox 2037 1077 2120 1129; x_wconf 86' lang='grc' dir='ltr'>μίαν</span> <span class='ocrx_word' id='word_1_548' title='bbox 2137 1077 2304 1131; x_wconf 86' lang='grc' dir='ltr'>χελιδόνα</span> <span class='ocrx_word' id='word_1_549' title='bbox 2320 1077 2373 1102; x_wconf 73' lang='lat'>²⁴⁵</span> <span class='ocrx_word' id='word_1_550' title='bbox 2387 1078 2487 1127; x_wconf 63' lang='grc' dir='ltr'>ποιήο</span> 
     </span>
     <span class='ocr_line' id='line_1_71' title="bbox 1442 1135 2486 1190; baseline 0 -14"><span class='ocrx_word' id='word_1_551' title='bbox 1442 1152 1514 1176; x_wconf 88' lang='grc' dir='ltr'>σειν</span> <span class='ocrx_word' id='word_1_552' title='bbox 1545 1135 1628 1189; x_wconf 84' lang='grc' dir='ltr'>ἔαρ,</span> <span class='ocrx_word' id='word_1_553' title='bbox 1661 1135 1769 1180; x_wconf 76' lang='grc' dir='ltr'>οὕτως</span> <span class='ocrx_word' id='word_1_554' title='bbox 1805 1137 1895 1188; x_wconf 86' lang='grc' dir='ltr'>μηδὲ</span> <span class='ocrx_word' id='word_1_555' title='bbox 1931 1136 2065 1189; x_wconf 79' lang='grc' dir='ltr'>βραχὺν</span> <span class='ocrx_word' id='word_1_556' title='bbox 2092 1137 2216 1190; x_wconf 84' lang='grc' dir='ltr'>χρόνον</span> <span class='ocrx_word' id='word_1_557' title='bbox 2245 1137 2486 1189; x_wconf 75' lang='grc' dir='ltr'>εὐδαιμονίαν.</span> 
     </span>
     <span class='ocr_line' id='line_1_72' title="bbox 1440 1189 2489 1249; baseline 0 -13"><span class='ocrx_word' id='word_1_558' title='bbox 1440 1194 1587 1236; x_wconf 89' lang='grc' dir='ltr'>Τελείαν</span> <span class='ocrx_word' id='word_1_559' title='bbox 1620 1194 1686 1249; x_wconf 86' lang='grc' dir='ltr'>γὰρ</span> <span class='ocrx_word' id='word_1_560' title='bbox 1706 1189 1794 1234; x_wconf 72' lang='grc' dir='ltr'>εἶναι</span> <span class='ocrx_word' id='word_1_561' title='bbox 1823 1196 1892 1234; x_wconf 87' lang='grc' dir='ltr'>δεῖν</span> <span class='ocrx_word' id='word_1_562' title='bbox 1929 1195 1991 1244; x_wconf 89' lang='grc' dir='ltr'>τὴν</span> <span class='ocrx_word' id='word_1_563' title='bbox 2024 1195 2249 1247; x_wconf 76' lang='grc' dir='ltr'>εὐδαιμονίαν</span> <span class='ocrx_word' id='word_1_564' title='bbox 2280 1196 2321 1235; x_wconf 82' lang='grc' dir='ltr'>ἐκ</span> <span class='ocrx_word' id='word_1_565' title='bbox 2353 1196 2489 1237; x_wconf 83' lang='grc' dir='ltr'>τελείου</span> 
     </span>
     <span class='ocr_line' id='line_1_73' title="bbox 1442 1253 2487 1309; baseline 0.003 -17"><span class='ocrx_word' id='word_1_566' title='bbox 1442 1255 1663 1292; x_wconf 85' lang='grc' dir='ltr'>συνεστῶσαν</span> <span class='ocrx_word' id='word_1_567' title='bbox 1680 1254 1822 1307; x_wconf 87' lang='grc' dir='ltr'>ἀνδρός,</span> <span class='ocrx_word' id='word_1_568' title='bbox 1845 1253 1905 1292; x_wconf 73' lang='grc' dir='ltr'>καὶ</span> <span class='ocrx_word' id='word_1_569' title='bbox 1922 1253 2049 1306; x_wconf 82' lang='grc' dir='ltr'>χρόνου</span> <span class='ocrx_word' id='word_1_570' title='bbox 2060 1284 2070 1302; x_wconf 94' lang='grc'>,</span> <span class='ocrx_word' id='word_1_571' title='bbox 2088 1255 2148 1294; x_wconf 88' lang='grc' dir='ltr'>καὶ</span> <span class='ocrx_word' id='word_1_572' title='bbox 2165 1254 2340 1304; x_wconf 88' lang='grc' dir='ltr'>δαίμονος.</span> <span class='ocrx_word' id='word_1_573' title='bbox 2361 1257 2487 1309; x_wconf 85' lang='grc' dir='ltr'>Προη-</span> 
     </span>
     <span class='ocr_line' id='line_1_74' title="bbox 1442 1313 2488 1366; baseline 0.003 -15"><span class='ocrx_word' id='word_1_574' title='bbox 1442 1313 1614 1364; x_wconf 87' lang='grc' dir='ltr'>γουμένην</span> <span class='ocrx_word' id='word_1_575' title='bbox 1637 1313 1672 1351; x_wconf 86' lang='grc' dir='ltr'>δὲ</span> <span class='ocrx_word' id='word_1_576' title='bbox 1693 1313 1756 1360; x_wconf 86' lang='grc' dir='ltr'>τὴν</span> <span class='ocrx_word' id='word_1_577' title='bbox 1776 1317 1839 1362; x_wconf 71' lang='grc' dir='ltr'>τῆς</span> <span class='ocrx_word' id='word_1_578' title='bbox 1868 1315 1994 1366; x_wconf 80' lang='grc' dir='ltr'>ἀρετῆς</span> <span class='ocrx_word' id='word_1_579' title='bbox 2025 1313 2217 1366; x_wconf 82' lang='grc' dir='ltr'>ἐνέργειαν,</span> <span class='ocrx_word' id='word_1_580' title='bbox 2248 1313 2308 1353; x_wconf 74' lang='grc' dir='ltr'>διὰ</span> <span class='ocrx_word' id='word_1_581' title='bbox 2334 1314 2375 1354; x_wconf 83' lang='grc' dir='ltr'>τὸ</span> <span class='ocrx_word' id='word_1_582' title='bbox 2393 1314 2488 1354; x_wconf 77' lang='grc' dir='ltr'>πάν·-</span> 
     </span>
     <span class='ocr_line' id='line_1_75' title="bbox 1444 1372 2490 1427; baseline 0.003 -17"><span class='ocrx_word' id='word_1_583' title='bbox 1444 1388 1510 1416; x_wconf 89' lang='grc' dir='ltr'>τως</span> <span class='ocrx_word' id='word_1_584' title='bbox 1545 1374 1734 1424; x_wconf 85' lang='grc' dir='ltr'>ἀναγκαῖον</span> <span class='ocrx_word' id='word_1_585' title='bbox 1772 1374 1806 1411; x_wconf 83' lang='grc' dir='ltr'>ἐν</span> <span class='ocrx_word' id='word_1_586' title='bbox 1831 1373 1900 1416; x_wconf 85' lang='grc' dir='ltr'>τοῖς</span> <span class='ocrx_word' id='word_1_587' title='bbox 1932 1372 2024 1411; x_wconf 85' lang='grc' dir='ltr'>κατὰ</span> <span class='ocrx_word' id='word_1_588' title='bbox 2060 1373 2160 1426; x_wconf 75' lang='grc' dir='ltr'>φύσιν</span> <span class='ocrx_word' id='word_1_589' title='bbox 2193 1376 2335 1426; x_wconf 79' lang='grc' dir='ltr'>ἀγαθοῖς</span> <span class='ocrx_word' id='word_1_590' title='bbox 2375 1373 2490 1427; x_wconf 81' lang='grc' dir='ltr'>ὖπᾶρ·</span> 
     </span>
     <span class='ocr_line' id='line_1_76' title="bbox 1444 1431 2491 1484; baseline 0.001 -15"><span class='ocrx_word' id='word_1_591' title='bbox 1444 1446 1542 1484; x_wconf 82' lang='grc' dir='ltr'>χειν,</span> <span class='ocrx_word' id='word_1_592' title='bbox 1574 1432 1650 1471; x_wconf 82' lang='grc' dir='ltr'>ἐπεὶ</span> <span class='ocrx_word' id='word_1_593' title='bbox 1670 1432 1730 1471; x_wconf 86' lang='grc' dir='ltr'>καὶ</span> <span class='ocrx_word' id='word_1_594' title='bbox 1760 1434 1795 1471; x_wconf 76' lang='grc' dir='ltr'>ἐν</span> <span class='ocrx_word' id='word_1_595' title='bbox 1823 1437 1943 1475; x_wconf 89' lang='grc' dir='ltr'>κακοῖς</span> <span class='ocrx_word' id='word_1_596' title='bbox 1964 1433 2071 1484; x_wconf 82' lang='grc' dir='ltr'>ἀρετῇ</span> <span class='ocrx_word' id='word_1_597' title='bbox 2091 1432 2257 1484; x_wconf 77' lang='grc' dir='ltr'>χρήσαιτ’</span> <span class='ocrx_word' id='word_1_598' title='bbox 2276 1431 2318 1470; x_wconf 80' lang='grc' dir='ltr'>ἂν</span> <span class='ocrx_word' id='word_1_599' title='bbox 2337 1433 2455 1476; x_wconf 83' lang='grc' dir='ltr'>καλῶς</span> <span class='ocrx_word' id='word_1_600' title='bbox 2471 1433 2491 1470; x_wconf 81' lang='grc' dir='ltr'>ὁ</span> 
     </span>
     <span class='ocr_line' id='line_1_77' title="bbox 1444 1491 2491 1544; baseline 0.004 -15"><span class='ocrx_word' id='word_1_601' title='bbox 1444 1492 1654 1540; x_wconf 83' lang='grc' dir='ltr'>σπουδαῖος,</span> <span class='ocrx_word' id='word_1_602' title='bbox 1677 1492 1715 1529; x_wconf 85' lang='grc' dir='ltr'>οὔ</span> <span class='ocrx_word' id='word_1_603' title='bbox 1741 1491 1811 1541; x_wconf 79' lang='grc' dir='ltr'>μήν</span> <span class='ocrx_word' id='word_1_604' title='bbox 1831 1507 1869 1542; x_wconf 89' lang='grc' dir='ltr'>γε</span> <span class='ocrx_word' id='word_1_605' title='bbox 1892 1491 2065 1544; x_wconf 84' lang='grc' dir='ltr'>μακάριος</span> <span class='ocrx_word' id='word_1_606' title='bbox 2081 1492 2203 1536; x_wconf 84' lang='grc' dir='ltr'>ἔσται,</span> <span class='ocrx_word' id='word_1_607' title='bbox 2220 1492 2281 1530; x_wconf 85' lang='grc' dir='ltr'>καὶ</span> <span class='ocrx_word' id='word_1_608' title='bbox 2300 1493 2336 1530; x_wconf 83' lang='grc' dir='ltr'>ἐν</span> <span class='ocrx_word' id='word_1_609' title='bbox 2360 1492 2491 1533; x_wconf 73' lang='grc' dir='ltr'>αἰκίαις</span> 
     </span>
     <span class='ocr_line' id='line_1_78' title="bbox 1446 1549 2488 1601; baseline 0.003 -14"><span class='ocrx_word' id='word_1_610' title='bbox 1446 1549 1658 1595; x_wconf 83' lang='grc' dir='ltr'>ἀποδείξαιτ’</span> <span class='ocrx_word' id='word_1_611' title='bbox 1678 1550 1720 1589; x_wconf 79' lang='grc' dir='ltr'>ἂν</span> <span class='ocrx_word' id='word_1_612' title='bbox 1745 1552 1786 1589; x_wconf 80' lang='grc' dir='ltr'>τὸ</span> <span class='ocrx_word' id='word_1_613' title='bbox 1809 1556 1983 1601; x_wconf 88' lang='grc' dir='ltr'>γενναῖον,</span> <span class='ocrx_word' id='word_1_614' title='bbox 2006 1552 2044 1589; x_wconf 82' lang='grc' dir='ltr'>οὗ</span> <span class='ocrx_word' id='word_1_615' title='bbox 2077 1551 2145 1599; x_wconf 76' lang='grc' dir='ltr'>μὴν</span> <span class='ocrx_word' id='word_1_616' title='bbox 2167 1551 2342 1600; x_wconf 78' lang='grc' dir='ltr'>εὐδαίμων</span> <span class='ocrx_word' id='word_1_617' title='bbox 2373 1551 2488 1592; x_wconf 80' lang='grc' dir='ltr'>ἔσται.</span> 
     </span>
     <span class='ocr_line' id='line_1_79' title="bbox 1445 1609 2490 1664; baseline -0.001 -14"><span class='ocrx_word' id='word_1_618' title='bbox 1445 1611 1568 1650; x_wconf 83' lang='grc' dir='ltr'>Αἴτιον</span> <span class='ocrx_word' id='word_1_619' title='bbox 1588 1609 1649 1657; x_wconf 84' lang='grc' dir='ltr'>δέ,</span> <span class='ocrx_word' id='word_1_620' title='bbox 1670 1611 1722 1650; x_wconf 80' lang='grc' dir='ltr'>ὅτι</span> <span class='ocrx_word' id='word_1_621' title='bbox 1742 1613 1763 1657; x_wconf 86' lang='grc' dir='ltr'>ἡ</span> <span class='ocrx_word' id='word_1_622' title='bbox 1787 1612 1849 1661; x_wconf 83' lang='grc' dir='ltr'>μὲν</span> <span class='ocrx_word' id='word_1_623' title='bbox 1874 1611 1980 1662; x_wconf 84' lang='grc' dir='ltr'>ἀρετὴ</span> <span class='ocrx_word' id='word_1_624' title='bbox 2002 1612 2119 1649; x_wconf 82' lang='grc' dir='ltr'>καλῶν</span> <span class='ocrx_word' id='word_1_625' title='bbox 2139 1611 2242 1660; x_wconf 87' lang='grc' dir='ltr'>μόνον</span> <span class='ocrx_word' id='word_1_626' title='bbox 2265 1610 2358 1649; x_wconf 82' lang='grc' dir='ltr'>ἐστὶν</span> <span class='ocrx_word' id='word_1_627' title='bbox 2380 1614 2490 1664; x_wconf 86' lang='grc' dir='ltr'>ἀπερ-</span> 
     </span>
     <span class='ocr_line' id='line_1_80' title="bbox 1444 1669 2488 1720; baseline 0.002 -13"><span class='ocrx_word' id='word_1_628' title='bbox 1444 1669 1595 1720; x_wconf 83' lang='grc' dir='ltr'>γαστικὴ</span> <span class='ocrx_word' id='word_1_629' title='bbox 1618 1671 1696 1708; x_wconf 89' lang='grc' dir='ltr'>καθ’</span> <span class='ocrx_word' id='word_1_630' title='bbox 1717 1669 1858 1717; x_wconf 74' lang='grc' dir='ltr'>ἑαυτήν,</span> <span class='ocrx_word' id='word_1_631' title='bbox 1880 1673 1902 1717; x_wconf 84' lang='grc' dir='ltr'>ἡ</span> <span class='ocrx_word' id='word_1_632' title='bbox 1918 1670 1947 1708; x_wconf 87' lang='grc' dir='ltr'>δ’</span> <span class='ocrx_word' id='word_1_633' title='bbox 1969 1669 2173 1719; x_wconf 81' lang='grc' dir='ltr'>εὐδαιμονία</span> <span class='ocrx_word' id='word_1_634' title='bbox 2197 1670 2257 1708; x_wconf 88' lang='grc' dir='ltr'>καὶ</span> <span class='ocrx_word' id='word_1_635' title='bbox 2277 1671 2394 1708; x_wconf 86' lang='grc' dir='ltr'>καλῶν</span> <span class='ocrx_word' id='word_1_636' title='bbox 2419 1674 2488 1709; x_wconf 81' lang='grc' dir='ltr'>κά·-</span> 
     </span>
     <span class='ocr_line' id='line_1_81' title="bbox 1448 1728 2488 1781; baseline 0.002 -15"><span class='ocrx_word' id='word_1_637' title='bbox 1448 1732 1579 1777; x_wconf 86' lang='grc' dir='ltr'>γαθῶν.</span> <span class='ocrx_word' id='word_1_638' title='bbox 1656 1730 1709 1768; x_wconf 82' lang='grc' dir='ltr'>Οὐ</span> <span class='ocrx_word' id='word_1_639' title='bbox 1741 1728 1810 1781; x_wconf 81' lang='grc' dir='ltr'>γὰρ</span> <span class='ocrx_word' id='word_1_640' title='bbox 1832 1731 2052 1781; x_wconf 82' lang='grc' dir='ltr'>ἐγκαρτερεῖν</span> <span class='ocrx_word' id='word_1_641' title='bbox 2076 1728 2238 1781; x_wconf 81' lang='grc' dir='ltr'>βούλεται</span> <span class='ocrx_word' id='word_1_642' title='bbox 2258 1734 2330 1773; x_wconf 89' lang='grc' dir='ltr'>τοῖς</span> <span class='ocrx_word' id='word_1_643' title='bbox 2347 1730 2488 1779; x_wconf 83' lang='grc' dir='ltr'>δεινοῖς,</span> 
     </span>
     <span class='ocr_line' id='line_1_82' title="bbox 1447 1787 2490 1840; baseline 0.001 -14"><span class='ocrx_word' id='word_1_644' title='bbox 1447 1788 1536 1826; x_wconf 81' lang='grc' dir='ltr'>ἀλλὰ</span> <span class='ocrx_word' id='word_1_645' title='bbox 1555 1789 1624 1825; x_wconf 89' lang='grc' dir='ltr'>τῶν</span> <span class='ocrx_word' id='word_1_646' title='bbox 1642 1789 1781 1838; x_wconf 85' lang='grc' dir='ltr'>ἀγαθῶν</span> <span class='ocrx_word' id='word_1_647' title='bbox 1798 1787 2005 1836; x_wconf 82' lang='grc' dir='ltr'>ἀπολαύειν,</span> <span class='ocrx_word' id='word_1_648' title='bbox 2021 1788 2105 1840; x_wconf 84' lang='grc' dir='ltr'>πρὸς</span> <span class='ocrx_word' id='word_1_649' title='bbox 2119 1790 2169 1839; x_wconf 80' lang='grc' dir='ltr'>τῷ</span> <span class='ocrx_word' id='word_1_650' title='bbox 2185 1788 2246 1826; x_wconf 82' lang='grc' dir='ltr'>καὶ</span> <span class='ocrx_word' id='word_1_651' title='bbox 2263 1787 2384 1834; x_wconf 82' lang='grc' dir='ltr'>σώζειν</span> <span class='ocrx_word' id='word_1_652' title='bbox 2405 1788 2443 1827; x_wconf 80' lang='grc' dir='ltr'>τὸ</span> <span class='ocrx_word' id='word_1_653' title='bbox 2458 1789 2490 1827; x_wconf 78' lang='grc' dir='ltr'>ἓν</span> 
     </span>
     <span class='ocr_line' id='line_1_83' title="bbox 1447 1846 2491 1898; baseline 0 -13"><span class='ocrx_word' id='word_1_654' title='bbox 1447 1846 1609 1897; x_wconf 83' lang='grc' dir='ltr'>κοινωνίᾳ</span> <span class='ocrx_word' id='word_1_655' title='bbox 1629 1846 1776 1896; x_wconf 87' lang='grc' dir='ltr'>δίκαιον,</span> <span class='ocrx_word' id='word_1_656' title='bbox 1797 1846 1855 1883; x_wconf 81' lang='grc' dir='ltr'>καὶ</span> <span class='ocrx_word' id='word_1_657' title='bbox 1878 1846 1970 1896; x_wconf 80' lang='grc' dir='ltr'>μήτε</span> <span class='ocrx_word' id='word_1_658' title='bbox 1992 1849 2196 1898; x_wconf 86' lang='grc' dir='ltr'>ἀποστερεῖν</span> <span class='ocrx_word' id='word_1_659' title='bbox 2217 1846 2343 1893; x_wconf 75' lang='grc' dir='ltr'>ἑαυτὴν</span> <span class='ocrx_word' id='word_1_660' title='bbox 2367 1849 2437 1885; x_wconf 79' lang='grc' dir='ltr'>τῶν</span> <span class='ocrx_word' id='word_1_661' title='bbox 2457 1848 2491 1886; x_wconf 77' lang='grc' dir='ltr'>ἐν</span> 
     </span>
     <span class='ocr_line' id='line_1_84' title="bbox 1445 1903 2484 1958; baseline 0.003 -16"><span class='ocrx_word' id='word_1_662' title='bbox 1445 1907 1488 1957; x_wconf 74' lang='grc' dir='ltr'>τῇ</span> <span class='ocrx_word' id='word_1_663' title='bbox 1509 1903 1634 1958; x_wconf 74' lang='grc' dir='ltr'>θεωρία</span> <span class='ocrx_word' id='word_1_664' title='bbox 1655 1907 1786 1951; x_wconf 85' lang='grc' dir='ltr'>καλῶν,</span> <span class='ocrx_word' id='word_1_665' title='bbox 1802 1904 1892 1953; x_wconf 82' lang='grc' dir='ltr'>μήτε</span> <span class='ocrx_word' id='word_1_666' title='bbox 1906 1907 1974 1942; x_wconf 90' lang='grc' dir='ltr'>τῶν</span> <span class='ocrx_word' id='word_1_667' title='bbox 1989 1904 2080 1942; x_wconf 84' lang='grc' dir='ltr'>κατὰ</span> <span class='ocrx_word' id='word_1_668' title='bbox 2097 1904 2248 1957; x_wconf 81' lang='grc' dir='ltr'>τὸνβίον</span> <span class='ocrx_word' id='word_1_669' title='bbox 2269 1905 2484 1957; x_wconf 83' lang='grc' dir='ltr'>ἀναγκαίων.</span> 
     </span>
    </p>
   </div>
   <div class='ocr_carea' id='block_1_9' title="bbox 1444 2035 2495 3546">
    <p class='ocr_par' dir='ltr' id='par_1_11' title="bbox 1444 2035 2495 3546">
     <span class='ocr_line' id='line_1_85' title="bbox 1444 2035 2492 2078; baseline 0.004 -12"><span class='ocrx_word' id='word_1_670' title='bbox 1444 2037 1508 2067; x_wconf 87' lang='lat' dir='ltr'>tem</span> <span class='ocrx_word' id='word_1_671' title='bbox 1540 2035 1716 2076; x_wconf 83' lang='lat' dir='ltr'>appellavi,</span> <span class='ocrx_word' id='word_1_672' title='bbox 1745 2035 1831 2076; x_wconf 86' lang='lat' dir='ltr'>quod</span> <span class='ocrx_word' id='word_1_673' title='bbox 1851 2045 1892 2068; x_wconf 88' lang='lat' dir='ltr'>ex</span> <span class='ocrx_word' id='word_1_674' title='bbox 1923 2036 2098 2068; x_wconf 87' lang='lat' dir='ltr'>virtutlbus</span> <span class='ocrx_word' id='word_1_675' title='bbox 2117 2036 2194 2068; x_wconf 84' lang='lat' dir='ltr'>alias</span> <span class='ocrx_word' id='word_1_676' title='bbox 2217 2037 2382 2078; x_wconf 81' lang='lat' dir='ltr'>perfectas,</span> <span class='ocrx_word' id='word_1_677' title='bbox 2413 2037 2492 2070; x_wconf 77' lang='lat' dir='ltr'>alias</span> 
     </span>
     <span class='ocr_line' id='line_1_86' title="bbox 1445 2094 2492 2137; baseline 0.004 -12"><span class='ocrx_word' id='word_1_678' title='bbox 1445 2094 1644 2134; x_wconf 84' lang='lat' dir='ltr'>imperfectas</span> <span class='ocrx_word' id='word_1_679' title='bbox 1663 2103 1733 2126; x_wconf 88' lang='lat' dir='ltr'>esse</span> <span class='ocrx_word' id='word_1_680' title='bbox 1750 2094 1920 2134; x_wconf 82' lang='lat' dir='ltr'>dixerunt,</span> <span class='ocrx_word' id='word_1_681' title='bbox 1944 2095 2101 2135; x_wconf 86' lang='lat' dir='ltr'>perfectas</span> <span class='ocrx_word' id='word_1_682' title='bbox 2122 2095 2280 2136; x_wconf 87' lang='lat' dir='ltr'>justitiam</span> <span class='ocrx_word' id='word_1_683' title='bbox 2298 2097 2332 2128; x_wconf 87' lang='lat' dir='ltr'>et</span> <span class='ocrx_word' id='word_1_684' title='bbox 2354 2096 2492 2137; x_wconf 82' lang='lat' dir='ltr'>probita-</span> 
     </span>
     <span class='ocr_line' id='line_1_87' title="bbox 1446 2153 2492 2196; baseline 0.003 -11"><span class='ocrx_word' id='word_1_685' title='bbox 1446 2157 1528 2193; x_wconf 90' lang='lat' dir='ltr'>tem,</span> <span class='ocrx_word' id='word_1_686' title='bbox 1554 2153 1758 2194; x_wconf 88' lang='lat' dir='ltr'>imperfectas</span> <span class='ocrx_word' id='word_1_687' title='bbox 1774 2155 1885 2185; x_wconf 90' lang='lat' dir='ltr'>contra</span> <span class='ocrx_word' id='word_1_688' title='bbox 1904 2153 2019 2194; x_wconf 83' lang='lat' dir='ltr'>ingenii</span> <span class='ocrx_word' id='word_1_689' title='bbox 2036 2154 2209 2186; x_wconf 78' lang='lat' dir='ltr'>sollertiam</span> <span class='ocrx_word' id='word_1_690' title='bbox 2225 2158 2257 2187; x_wconf 85' lang='lat' dir='ltr'>et</span> <span class='ocrx_word' id='word_1_691' title='bbox 2285 2163 2492 2196; x_wconf 53' lang='lat' dir='ltr'>pregre-suu</span> 
     </span>
     <span class='ocr_line' id='line_1_88' title="bbox 1445 2213 2494 2254; baseline 0.003 -11"><span class='ocrx_word' id='word_1_692' title='bbox 1445 2213 1585 2253; x_wconf 83' lang='lat' dir='ltr'>perfecto</span> <span class='ocrx_word' id='word_1_693' title='bbox 1601 2214 1709 2244; x_wconf 90' lang='lat' dir='ltr'>autem</span> <span class='ocrx_word' id='word_1_694' title='bbox 1731 2213 1905 2253; x_wconf 84' lang='lat' dir='ltr'>perfectum</span> <span class='ocrx_word' id='word_1_695' title='bbox 1928 2213 2111 2245; x_wconf 87' lang='lat' dir='ltr'>convenire.</span> <span class='ocrx_word' id='word_1_696' title='bbox 2183 2213 2296 2246; x_wconf 84' lang='lat' dir='ltr'>Finem</span> <span class='ocrx_word' id='word_1_697' title='bbox 2308 2213 2407 2254; x_wconf 76' lang='lat' dir='ltr'>igitur</span> <span class='ocrx_word' id='word_1_698' title='bbox 2421 2214 2494 2247; x_wconf 85' lang='lat' dir='ltr'>talis</span> 
     </span>
     <span class='ocr_line' id='line_1_89' title="bbox 1447 2265 2492 2311; baseline 0.001 -9"><span class='ocrx_word' id='word_1_699' title='bbox 1447 2271 1574 2304; x_wconf 87' lang='lat' dir='ltr'>virtutis</span> <span class='ocrx_word' id='word_1_700' title='bbox 1587 2280 1655 2304; x_wconf 85' lang='lat' dir='ltr'>esse</span> <span class='ocrx_word' id='word_1_701' title='bbox 1669 2271 1884 2311; x_wconf 85' lang='lat' dir='ltr'>functionem,</span> <span class='ocrx_word' id='word_1_702' title='bbox 1905 2270 1958 2302; x_wconf 89' lang='lat' dir='ltr'>cui</span> <span class='ocrx_word' id='word_1_703' title='bbox 1977 2270 2063 2302; x_wconf 87' lang='lat' dir='ltr'>nulla</span> <span class='ocrx_word' id='word_1_704' title='bbox 2082 2278 2155 2310; x_wconf 85' lang='lat' dir='ltr'>pars</span> <span class='ocrx_word' id='word_1_705' title='bbox 2163 2269 2259 2302; x_wconf 88' lang='lat' dir='ltr'>desit.</span> <span class='ocrx_word' id='word_1_706' title='bbox 2277 2272 2314 2302; x_wconf 89' lang='lat' dir='ltr'>In</span> <span class='ocrx_word' id='word_1_707' title='bbox 2329 2271 2396 2304; x_wconf 82' lang='lat' dir='ltr'>vita</span> <span class='ocrx_word' id='word_1_708' title='bbox 2415 2265 2492 2303; x_wconf 82' lang='lat' dir='ltr'>vero</span> 
     </span>
     <span class='ocr_line' id='line_1_90' title="bbox 1447 2326 2493 2371; baseline 0.002 -11"><span class='ocrx_word' id='word_1_709' title='bbox 1447 2329 1587 2370; x_wconf 85' lang='lat' dir='ltr'>perfecta</span> <span class='ocrx_word' id='word_1_710' title='bbox 1614 2328 1829 2368; x_wconf 87' lang='lat' dir='ltr'>addiderunt,</span> <span class='ocrx_word' id='word_1_711' title='bbox 1846 2328 1883 2360; x_wconf 90' lang='lat' dir='ltr'>ut</span> <span class='ocrx_word' id='word_1_712' title='bbox 1902 2326 2109 2360; x_wconf 84' lang='lat' dir='ltr'>ostenderent</span> <span class='ocrx_word' id='word_1_713' title='bbox 2125 2328 2201 2360; x_wconf 86' lang='lat' dir='ltr'>viris</span> <span class='ocrx_word' id='word_1_714' title='bbox 2214 2330 2311 2361; x_wconf 80' lang='lat' dir='ltr'>aetate</span> <span class='ocrx_word' id='word_1_715' title='bbox 2331 2329 2400 2369; x_wconf 83' lang='lat' dir='ltr'>jam</span> <span class='ocrx_word' id='word_1_716' title='bbox 2416 2338 2493 2371; x_wconf 82' lang='lat' dir='ltr'>pro·</span> 
     </span>
     <span class='ocr_line' id='line_1_91' title="bbox 1446 2385 2494 2427; baseline 0.003 -9"><span class='ocrx_word' id='word_1_717' title='bbox 1446 2388 1544 2420; x_wconf 86' lang='lat' dir='ltr'>vectis</span> <span class='ocrx_word' id='word_1_718' title='bbox 1561 2387 1790 2420; x_wconf 87' lang='lat' dir='ltr'>beatitudinem</span> <span class='ocrx_word' id='word_1_719' title='bbox 1812 2385 2012 2427; x_wconf 86' lang='lat' dir='ltr'>contingere,</span> <span class='ocrx_word' id='word_1_720' title='bbox 2043 2385 2202 2427; x_wconf 85' lang='lat' dir='ltr'>siquidem</span> <span class='ocrx_word' id='word_1_721' title='bbox 2230 2387 2416 2420; x_wconf 79' lang='lat' dir='ltr'>adolescens</span> <span class='ocrx_word' id='word_1_722' title='bbox 2434 2389 2494 2421; x_wconf 89' lang='lat' dir='ltr'>im-</span> 
     </span>
     <span class='ocr_line' id='line_1_92' title="bbox 1446 2447 2494 2489; baseline 0.001 -8"><span class='ocrx_word' id='word_1_723' title='bbox 1446 2449 1605 2489; x_wconf 85' lang='lat' dir='ltr'>perfectus</span> <span class='ocrx_word' id='word_1_724' title='bbox 1623 2451 1671 2481; x_wconf 85' lang='lat' dir='ltr'>est</span> <span class='ocrx_word' id='word_1_725' title='bbox 1687 2448 1823 2489; x_wconf 83' lang='lat' dir='ltr'>ejusque</span> <span class='ocrx_word' id='word_1_726' title='bbox 1839 2447 1904 2479; x_wconf 85' lang='lat' dir='ltr'>vita</span> <span class='ocrx_word' id='word_1_727' title='bbox 1916 2471 1926 2487; x_wconf 90' lang='lat'><em>‚</em></span> <span class='ocrx_word' id='word_1_728' title='bbox 1945 2450 2043 2488; x_wconf 86' lang='lat' dir='ltr'>atque</span> <span class='ocrx_word' id='word_1_729' title='bbox 2068 2447 2150 2479; x_wconf 86' lang='lat' dir='ltr'>hanc</span> <span class='ocrx_word' id='word_1_730' title='bbox 2165 2447 2207 2479; x_wconf 86' lang='lat' dir='ltr'>ob</span> <span class='ocrx_word' id='word_1_731' title='bbox 2224 2456 2353 2481; x_wconf 83' lang='lat' dir='ltr'>causam</span> <span class='ocrx_word' id='word_1_732' title='bbox 2375 2449 2406 2481; x_wconf 84' lang='lat' dir='ltr'>ei</span> <span class='ocrx_word' id='word_1_733' title='bbox 2428 2458 2494 2482; x_wconf 86' lang='lat' dir='ltr'>non</span> 
     </span>
     <span class='ocr_line' id='line_1_93' title="bbox 1445 2506 2492 2549; baseline 0 -9"><span class='ocrx_word' id='word_1_734' title='bbox 1445 2517 1514 2541; x_wconf 87' lang='lat' dir='ltr'>esse</span> <span class='ocrx_word' id='word_1_735' title='bbox 1538 2507 1740 2547; x_wconf 79' lang='lat' dir='ltr'>felicitatem,</span> <span class='ocrx_word' id='word_1_736' title='bbox 1768 2514 1873 2547; x_wconf 87' lang='lat' dir='ltr'>neque</span> <span class='ocrx_word' id='word_1_737' title='bbox 1897 2506 2029 2538; x_wconf 88' lang='lat' dir='ltr'>omnino</span> <span class='ocrx_word' id='word_1_738' title='bbox 2056 2506 2244 2547; x_wconf 87' lang='lat' dir='ltr'>imperfecto</span> <span class='ocrx_word' id='word_1_739' title='bbox 2263 2507 2321 2539; x_wconf 88' lang='lat' dir='ltr'>sed</span> <span class='ocrx_word' id='word_1_740' title='bbox 2351 2508 2492 2549; x_wconf 80' lang='lat' dir='ltr'>perfecto</span> 
     </span>
     <span class='ocr_line' id='line_1_94' title="bbox 1447 2564 2490 2607; baseline 0.001 -9"><span class='ocrx_word' id='word_1_741' title='bbox 1447 2570 1589 2607; x_wconf 81' lang='lat' dir='ltr'>tempore</span> <span class='ocrx_word' id='word_1_742' title='bbox 1601 2574 1673 2597; x_wconf 88' lang='lat' dir='ltr'>eam</span> <span class='ocrx_word' id='word_1_743' title='bbox 1688 2565 1795 2598; x_wconf 88' lang='lat' dir='ltr'>locum</span> <span class='ocrx_word' id='word_1_744' title='bbox 1813 2564 1940 2597; x_wconf 85' lang='lat' dir='ltr'>habere.</span> <span class='ocrx_word' id='word_1_745' title='bbox 1998 2565 2182 2597; x_wconf 85' lang='lat' dir='ltr'>Perfectum</span> <span class='ocrx_word' id='word_1_746' title='bbox 2197 2568 2306 2598; x_wconf 88' lang='lat' dir='ltr'>autem</span> <span class='ocrx_word' id='word_1_747' title='bbox 2321 2575 2390 2600; x_wconf 80' lang='lat' dir='ltr'>esse</span> <span class='ocrx_word' id='word_1_748' title='bbox 2410 2570 2490 2599; x_wconf 86' lang='lat' dir='ltr'>tem·</span> 
     </span>
     <span class='ocr_line' id='line_1_95' title="bbox 1449 2623 2494 2666; baseline 0.002 -10"><span class='ocrx_word' id='word_1_749' title='bbox 1449 2634 1526 2666; x_wconf 80' lang='lat' dir='ltr'>pus,</span> <span class='ocrx_word' id='word_1_750' title='bbox 1557 2624 1644 2665; x_wconf 88' lang='lat' dir='ltr'>quod</span> <span class='ocrx_word' id='word_1_751' title='bbox 1673 2623 1886 2665; x_wconf 83' lang='lat' dir='ltr'>plurimorum</span> <span class='ocrx_word' id='word_1_752' title='bbox 1912 2632 2072 2655; x_wconf 88' lang='lat' dir='ltr'>annorum</span> <span class='ocrx_word' id='word_1_753' title='bbox 2093 2624 2196 2664; x_wconf 82' lang='lat' dir='ltr'>spatio</span> <span class='ocrx_word' id='word_1_754' title='bbox 2217 2624 2494 2666; x_wconf 80' lang='lat' dir='ltr'>circumscriptum</span> 
     </span>
     <span class='ocr_line' id='line_1_96' title="bbox 1447 2682 2493 2724; baseline 0.002 -9"><span class='ocrx_word' id='word_1_755' title='bbox 1447 2684 1538 2716; x_wconf 85' lang='lat' dir='ltr'>nobis</span> <span class='ocrx_word' id='word_1_756' title='bbox 1560 2683 1727 2715; x_wconf 88' lang='lat' dir='ltr'>constituit</span> <span class='ocrx_word' id='word_1_757' title='bbox 1757 2682 1838 2715; x_wconf 72' lang='lat' dir='ltr'>denis</span> <span class='ocrx_word' id='word_1_758' title='bbox 1863 2683 1896 2715; x_wconf 88' lang='lat' dir='ltr'>et</span> <span class='ocrx_word' id='word_1_759' title='bbox 1922 2682 1998 2714; x_wconf 85' lang='lat' dir='ltr'>satis</span> <span class='ocrx_word' id='word_1_760' title='bbox 2017 2682 2126 2714; x_wconf 82' lang='lat' dir='ltr'>laxum</span> <span class='ocrx_word' id='word_1_761' title='bbox 2155 2682 2284 2724; x_wconf 85' lang='lat' dir='ltr'>quidem</span> <span class='ocrx_word' id='word_1_762' title='bbox 2305 2683 2493 2723; x_wconf 86' lang='lat' dir='ltr'>coustituit,</span> 
     </span>
     <span class='ocr_line' id='line_1_97' title="bbox 1449 2741 2495 2783; baseline 0.002 -9"><span class='ocrx_word' id='word_1_763' title='bbox 1449 2742 1718 2783; x_wconf 83' lang='lat' dir='ltr'>quemadmodum</span> <span class='ocrx_word' id='word_1_764' title='bbox 1732 2742 1827 2774; x_wconf 88' lang='lat' dir='ltr'>etiam</span> <span class='ocrx_word' id='word_1_765' title='bbox 1849 2741 1990 2782; x_wconf 84' lang='lat' dir='ltr'>corporis</span> <span class='ocrx_word' id='word_1_766' title='bbox 2005 2741 2272 2781; x_wconf 85' lang='lat' dir='ltr'>magnitudinem.</span> <span class='ocrx_word' id='word_1_767' title='bbox 2332 2745 2439 2781; x_wconf 81' lang='lat' dir='ltr'>Quare</span> <span class='ocrx_word' id='word_1_768' title='bbox 2458 2747 2495 2776; x_wconf 87' lang='lat' dir='ltr'>ut</span> 
     </span>
     <span class='ocr_line' id='line_1_98' title="bbox 1446 2800 2493 2842; baseline 0 -8"><span class='ocrx_word' id='word_1_769' title='bbox 1446 2811 1505 2834; x_wconf 90' lang='lat' dir='ltr'>nec</span> <span class='ocrx_word' id='word_1_770' title='bbox 1524 2811 1605 2834; x_wconf 86' lang='lat' dir='ltr'>unns</span> <span class='ocrx_word' id='word_1_771' title='bbox 1630 2809 1742 2833; x_wconf 86' lang='lat' dir='ltr'>versus</span> <span class='ocrx_word' id='word_1_772' title='bbox 1770 2800 1995 2842; x_wconf 88' lang='lat' dir='ltr'>pronuntiatus</span> <span class='ocrx_word' id='word_1_773' title='bbox 2016 2800 2215 2833; x_wconf 83' lang='lat' dir='ltr'>histrioniam</span> <span class='ocrx_word' id='word_1_774' title='bbox 2244 2801 2410 2842; x_wconf 76' lang='lat' dir='ltr'>conficiat,</span> <span class='ocrx_word' id='word_1_775' title='bbox 2434 2811 2493 2834; x_wconf 85' lang='lat' dir='ltr'>nec</span> 
     </span>
     <span class='ocr_line' id='line_1_99' title="bbox 1447 2859 2491 2901; baseline -0.002 -10"><span class='ocrx_word' id='word_1_776' title='bbox 1447 2869 1510 2892; x_wconf 86' lang='lat' dir='ltr'>nna</span> <span class='ocrx_word' id='word_1_777' title='bbox 1531 2869 1645 2892; x_wconf 85' lang='lat' dir='ltr'>manus</span> <span class='ocrx_word' id='word_1_778' title='bbox 1670 2859 1826 2901; x_wconf 87' lang='lat' dir='ltr'>porrectio</span> <span class='ocrx_word' id='word_1_779' title='bbox 1842 2859 2062 2899; x_wconf 84' lang='lat' dir='ltr'>saltationem,</span> <span class='ocrx_word' id='word_1_780' title='bbox 2080 2868 2141 2892; x_wconf 85' lang='lat' dir='ltr'>nec</span> <span class='ocrx_word' id='word_1_781' title='bbox 2162 2868 2227 2892; x_wconf 83' lang='lat' dir='ltr'>una</span> <span class='ocrx_word' id='word_1_782' title='bbox 2253 2859 2391 2892; x_wconf 87' lang='lat' dir='ltr'>hirundo</span> <span class='ocrx_word' id='word_1_783' title='bbox 2407 2869 2462 2892; x_wconf 80' lang='lat' dir='ltr'>ver</span> <span class='ocrx_word' id='word_1_784' title='bbox 2482 2869 2491 2889; x_wconf 70' lang='grc' dir='ltr'>ε</span> 
     </span>
     <span class='ocr_line' id='line_1_100' title="bbox 1446 2917 2494 2959; baseline 0 -9"><span class='ocrx_word' id='word_1_785' title='bbox 1446 2920 1490 2951; x_wconf 89' lang='lat' dir='ltr'>ita</span> <span class='ocrx_word' id='word_1_786' title='bbox 1503 2927 1562 2950; x_wconf 90' lang='lat' dir='ltr'>nec</span> <span class='ocrx_word' id='word_1_787' title='bbox 1577 2918 1674 2950; x_wconf 89' lang='lat' dir='ltr'>breve</span> <span class='ocrx_word' id='word_1_788' title='bbox 1691 2919 1817 2959; x_wconf 87' lang='lat' dir='ltr'>tempus</span> <span class='ocrx_word' id='word_1_789' title='bbox 1841 2917 2034 2950; x_wconf 85' lang='lat' dir='ltr'>felicitatem.</span> <span class='ocrx_word' id='word_1_790' title='bbox 2079 2918 2206 2950; x_wconf 88' lang='lat' dir='ltr'>Etenim</span> <span class='ocrx_word' id='word_1_791' title='bbox 2218 2919 2400 2951; x_wconf 82' lang='lat' dir='ltr'>necessario</span> <span class='ocrx_word' id='word_1_792' title='bbox 2421 2927 2494 2959; x_wconf 76' lang='lat' dir='ltr'>per-</span> 
     </span>
     <span class='ocr_line' id='line_1_101' title="bbox 1448 2976 2492 3017; baseline 0.001 -9"><span class='ocrx_word' id='word_1_793' title='bbox 1448 2977 1562 3009; x_wconf 87' lang='lat' dir='ltr'>fectam</span> <span class='ocrx_word' id='word_1_794' title='bbox 1590 2985 1658 3009; x_wconf 84' lang='lat' dir='ltr'>esse</span> <span class='ocrx_word' id='word_1_795' title='bbox 1684 2976 1883 3012; x_wconf 86' lang='lat' dir='ltr'>felicitatem.</span> <span class='ocrx_word' id='word_1_796' title='bbox 1912 2984 1985 3016; x_wconf 81' lang='lat' dir='ltr'>quae</span> <span class='ocrx_word' id='word_1_797' title='bbox 2000 2985 2039 3008; x_wconf 87' lang='lat' dir='ltr'>ex</span> <span class='ocrx_word' id='word_1_798' title='bbox 2069 2977 2211 3017; x_wconf 82' lang='lat' dir='ltr'>perfecto</span> <span class='ocrx_word' id='word_1_799' title='bbox 2234 2978 2306 3009; x_wconf 88' lang='lat' dir='ltr'>tum</span> <span class='ocrx_word' id='word_1_800' title='bbox 2325 2977 2395 3009; x_wconf 84' lang='lat' dir='ltr'>viro</span> <span class='ocrx_word' id='word_1_801' title='bbox 2420 2978 2492 3009; x_wconf 83' lang='lat' dir='ltr'>tum</span> 
     </span>
     <span class='ocr_line' id='line_1_102' title="bbox 1447 3035 2493 3077; baseline -0.001 -9"><span class='ocrx_word' id='word_1_802' title='bbox 1447 3037 1590 3077; x_wconf 81' lang='lat' dir='ltr'>tempore</span> <span class='ocrx_word' id='word_1_803' title='bbox 1606 3039 1674 3067; x_wconf 87' lang='lat' dir='ltr'>tum</span> <span class='ocrx_word' id='word_1_804' title='bbox 1688 3035 1815 3067; x_wconf 84' lang='lat' dir='ltr'>fortuna</span> <span class='ocrx_word' id='word_1_805' title='bbox 1830 3036 1963 3067; x_wconf 86' lang='lat' dir='ltr'>constet.</span> <span class='ocrx_word' id='word_1_806' title='bbox 2006 3035 2148 3067; x_wconf 81' lang='lat' dir='ltr'>Virtutis</span> <span class='ocrx_word' id='word_1_807' title='bbox 2164 3036 2273 3067; x_wconf 79' lang='lat' dir='ltr'>autem</span> <span class='ocrx_word' id='word_1_808' title='bbox 2293 3035 2493 3067; x_wconf 83' lang='lat' dir='ltr'>functionem</span> 
     </span>
     <span class='ocr_line' id='line_1_103' title="bbox 1448 3093 2494 3141; baseline 0 -15"><span class='ocrx_word' id='word_1_809' title='bbox 1448 3095 1641 3135; x_wconf 80' lang='lat' dir='ltr'>praecipuam</span> <span class='ocrx_word' id='word_1_810' title='bbox 1652 3118 1662 3134; x_wconf 93' lang='lat'>‚</span> <span class='ocrx_word' id='word_1_811' title='bbox 1680 3093 1764 3134; x_wconf 89' lang='lat' dir='ltr'>quod</span> <span class='ocrx_word' id='word_1_812' title='bbox 1788 3094 1919 3125; x_wconf 90' lang='lat' dir='ltr'>omnino</span> <span class='ocrx_word' id='word_1_813' title='bbox 1933 3102 2062 3126; x_wconf 88' lang='lat' dir='ltr'>necesse</span> <span class='ocrx_word' id='word_1_814' title='bbox 2078 3093 2120 3125; x_wconf 90' lang='lat' dir='ltr'>sit</span> <span class='ocrx_word' id='word_1_815' title='bbox 2136 3093 2168 3125; x_wconf 88' lang='lat' dir='ltr'>in</span> <span class='ocrx_word' id='word_1_816' title='bbox 2186 3093 2279 3126; x_wconf 88' lang='lat' dir='ltr'>bonis</span> <span class='ocrx_word' id='word_1_817' title='bbox 2295 3102 2370 3134; x_wconf 80' lang='lat' dir='ltr'>quoe</span> <span class='ocrx_word' id='word_1_818' title='bbox 2381 3102 2494 3141; x_wconf 26' lang='lat' dir='ltr'>secuun-</span> 
     </span>
     <span class='ocr_line' id='line_1_104' title="bbox 1447 3151 2492 3193; baseline 0.001 -9"><span class='ocrx_word' id='word_1_819' title='bbox 1447 3153 1524 3185; x_wconf 90' lang='lat' dir='ltr'>dum</span> <span class='ocrx_word' id='word_1_820' title='bbox 1542 3157 1687 3185; x_wconf 89' lang='lat' dir='ltr'>naturam</span> <span class='ocrx_word' id='word_1_821' title='bbox 1701 3154 1776 3185; x_wconf 90' lang='lat' dir='ltr'>sunt</span> <span class='ocrx_word' id='word_1_822' title='bbox 1788 3153 1887 3184; x_wconf 84' lang='lat' dir='ltr'>vitam</span> <span class='ocrx_word' id='word_1_823' title='bbox 1899 3152 1959 3192; x_wconf 86' lang='lat' dir='ltr'>agi,</span> <span class='ocrx_word' id='word_1_824' title='bbox 1973 3151 2234 3193; x_wconf 87' lang='lat' dir='ltr'>quandoquidem</span> <span class='ocrx_word' id='word_1_825' title='bbox 2254 3152 2359 3184; x_wconf 85' lang='lat' dir='ltr'>virum</span> <span class='ocrx_word' id='word_1_826' title='bbox 2373 3152 2492 3185; x_wconf 88' lang='lat' dir='ltr'>bonnm</span> 
     </span>
     <span class='ocr_line' id='line_1_105' title="bbox 1450 3210 2494 3252; baseline 0.001 -9"><span class='ocrx_word' id='word_1_827' title='bbox 1450 3212 1547 3243; x_wconf 90' lang='lat' dir='ltr'>etiam</span> <span class='ocrx_word' id='word_1_828' title='bbox 1570 3212 1602 3244; x_wconf 90' lang='lat' dir='ltr'>in</span> <span class='ocrx_word' id='word_1_829' title='bbox 1620 3212 1710 3244; x_wconf 85' lang='lat' dir='ltr'>malis</span> <span class='ocrx_word' id='word_1_830' title='bbox 1728 3214 1907 3244; x_wconf 88' lang='lat' dir='ltr'>versantem</span> <span class='ocrx_word' id='word_1_831' title='bbox 1929 3213 2013 3243; x_wconf 87' lang='lat' dir='ltr'>recte</span> <span class='ocrx_word' id='word_1_832' title='bbox 2037 3210 2166 3251; x_wconf 90' lang='lat' dir='ltr'>quidem</span> <span class='ocrx_word' id='word_1_833' title='bbox 2183 3211 2230 3243; x_wconf 92' lang='lat' dir='ltr'>uti</span> <span class='ocrx_word' id='word_1_834' title='bbox 2255 3219 2349 3252; x_wconf 80' lang='lat' dir='ltr'>posse</span> <span class='ocrx_word' id='word_1_835' title='bbox 2373 3210 2494 3244; x_wconf 77' lang='lat' dir='ltr'>virtute</span> 
     </span>
     <span class='ocr_line' id='line_1_106' title="bbox 1448 3269 2494 3312; baseline 0 -11"><span class='ocrx_word' id='word_1_836' title='bbox 1448 3275 1599 3312; x_wconf 88' lang='lat' dir='ltr'>censent,</span> <span class='ocrx_word' id='word_1_837' title='bbox 1619 3281 1678 3304; x_wconf 87' lang='lat' dir='ltr'>nec</span> <span class='ocrx_word' id='word_1_838' title='bbox 1696 3272 1805 3303; x_wconf 86' lang='lat' dir='ltr'>tamen</span> <span class='ocrx_word' id='word_1_839' title='bbox 1828 3271 1957 3303; x_wconf 85' lang='lat' dir='ltr'>beatum</span> <span class='ocrx_word' id='word_1_840' title='bbox 1984 3270 2070 3310; x_wconf 83' lang='lat' dir='ltr'>fore,</span> <span class='ocrx_word' id='word_1_841' title='bbox 2091 3272 2189 3310; x_wconf 84' lang='lat' dir='ltr'>atque</span> <span class='ocrx_word' id='word_1_842' title='bbox 2207 3270 2239 3301; x_wconf 86' lang='lat' dir='ltr'>in</span> <span class='ocrx_word' id='word_1_843' title='bbox 2255 3269 2398 3302; x_wconf 82' lang='lat' dir='ltr'>cruciatu</span> <span class='ocrx_word' id='word_1_844' title='bbox 2410 3278 2494 3311; x_wconf 85' lang='lat' dir='ltr'>quo-</span> 
     </span>
     <span class='ocr_line' id='line_1_107' title="bbox 1449 3328 2493 3370; baseline 0.001 -8"><span class='ocrx_word' id='word_1_845' title='bbox 1449 3339 1512 3370; x_wconf 85' lang='lat' dir='ltr'>que</span> <span class='ocrx_word' id='word_1_846' title='bbox 1525 3331 1621 3363; x_wconf 90' lang='lat' dir='ltr'>animi</span> <span class='ocrx_word' id='word_1_847' title='bbox 1636 3332 1831 3364; x_wconf 86' lang='lat' dir='ltr'>nobilitatem</span> <span class='ocrx_word' id='word_1_848' title='bbox 1844 3332 2059 3370; x_wconf 81' lang='lat' dir='ltr'>ostensurum,</span> <span class='ocrx_word' id='word_1_849' title='bbox 2070 3338 2134 3361; x_wconf 88' lang='lat' dir='ltr'>non</span> <span class='ocrx_word' id='word_1_850' title='bbox 2147 3331 2256 3361; x_wconf 88' lang='lat' dir='ltr'>tamen</span> <span class='ocrx_word' id='word_1_851' title='bbox 2266 3328 2413 3361; x_wconf 87' lang='lat' dir='ltr'>futurum</span> <span class='ocrx_word' id='word_1_852' title='bbox 2423 3337 2493 3363; x_wconf 67' lang='lat' dir='ltr'>esso</span> 
     </span>
     <span class='ocr_line' id='line_1_108' title="bbox 1450 3387 2492 3430; baseline 0 -10"><span class='ocrx_word' id='word_1_853' title='bbox 1450 3389 1584 3421; x_wconf 78' lang='lat' dir='ltr'>felicem.</span> <span class='ocrx_word' id='word_1_854' title='bbox 1649 3392 1689 3422; x_wconf 91' lang='lat' dir='ltr'>Ut</span> <span class='ocrx_word' id='word_1_855' title='bbox 1706 3390 1789 3422; x_wconf 85' lang='lat' dir='ltr'>enim</span> <span class='ocrx_word' id='word_1_856' title='bbox 1803 3390 1903 3421; x_wconf 84' lang='lat' dir='ltr'>virtus</span> <span class='ocrx_word' id='word_1_857' title='bbox 1919 3398 1977 3430; x_wconf 83' lang='lat' dir='ltr'>per</span> <span class='ocrx_word' id='word_1_858' title='bbox 1995 3397 2028 3420; x_wconf 92' lang='lat' dir='ltr'>se</span> <span class='ocrx_word' id='word_1_859' title='bbox 2045 3388 2251 3419; x_wconf 87' lang='lat' dir='ltr'>honestorum</span> <span class='ocrx_word' id='word_1_860' title='bbox 2276 3387 2400 3419; x_wconf 85' lang='lat' dir='ltr'>tantum</span> <span class='ocrx_word' id='word_1_861' title='bbox 2419 3387 2492 3420; x_wconf 78' lang='lat' dir='ltr'>effi·</span> 
     </span>
     <span class='ocr_line' id='line_1_109' title="bbox 1453 3445 2490 3481; baseline 0.002 -4"><span class='ocrx_word' id='word_1_862' title='bbox 1453 3449 1541 3481; x_wconf 84' lang='lat' dir='ltr'>ciens</span> <span class='ocrx_word' id='word_1_863' title='bbox 1561 3451 1608 3480; x_wconf 78' lang='lat' dir='ltr'>est</span> <span class='ocrx_word' id='word_1_864' title='bbox 1629 3458 1636 3476; x_wconf 81' lang='lat' dir='ltr'>z</span> <span class='ocrx_word' id='word_1_865' title='bbox 1659 3450 1702 3481; x_wconf 87' lang='lat' dir='ltr'>ita</span> <span class='ocrx_word' id='word_1_866' title='bbox 1728 3449 1860 3481; x_wconf 84' lang='lat' dir='ltr'>felicitas</span> <span class='ocrx_word' id='word_1_867' title='bbox 1875 3451 1907 3481; x_wconf 84' lang='lat' dir='ltr'>et</span> <span class='ocrx_word' id='word_1_868' title='bbox 1921 3449 2128 3480; x_wconf 89' lang='lat' dir='ltr'>honestorum</span> <span class='ocrx_word' id='word_1_869' title='bbox 2152 3449 2184 3478; x_wconf 85' lang='lat' dir='ltr'>et</span> <span class='ocrx_word' id='word_1_870' title='bbox 2210 3445 2369 3478; x_wconf 89' lang='lat' dir='ltr'>bonorum</span> <span class='ocrx_word' id='word_1_871' title='bbox 2393 3453 2490 3479; x_wconf 79' lang='lat' dir='ltr'>causa</span> 
     </span>
     <span class='ocr_line' id='line_1_110' title="bbox 1456 3502 2492 3546; baseline -0.001 -10"><span class='ocrx_word' id='word_1_872' title='bbox 1456 3506 1602 3539; x_wconf 85' lang='lat' dir='ltr'>habetur.</span> <span class='ocrx_word' id='word_1_873' title='bbox 1649 3508 1717 3539; x_wconf 82' lang='lat' dir='ltr'>Non</span> <span class='ocrx_word' id='word_1_874' title='bbox 1734 3507 1819 3540; x_wconf 88' lang='lat' dir='ltr'>enim</span> <span class='ocrx_word' id='word_1_875' title='bbox 1836 3508 1901 3540; x_wconf 87' lang='lat' dir='ltr'>tam</span> <span class='ocrx_word' id='word_1_876' title='bbox 1919 3506 1950 3539; x_wconf 91' lang='lat' dir='ltr'>in</span> <span class='ocrx_word' id='word_1_877' title='bbox 1968 3504 2059 3538; x_wconf 87' lang='lat' dir='ltr'>malis</span> <span class='ocrx_word' id='word_1_878' title='bbox 2079 3512 2298 3546; x_wconf 82' lang='lat' dir='ltr'>perseverare,</span> <span class='ocrx_word' id='word_1_879' title='bbox 2316 3511 2413 3545; x_wconf 83' lang='lat' dir='ltr'>quam</span> <span class='ocrx_word' id='word_1_880' title='bbox 2432 3502 2492 3536; x_wconf 87' lang='lat' dir='ltr'>bo-</span> 
     </span>
    </p>
   </div>
  </div>
 </body>
</html>
