2638 3840
387 298 458 331 110

376 380 489 417 etiam
525 381 606 430 ipsa
647 386 802 428 propter
830 389 869 413 sc
899 372 1110 424 expetenda
1143 371 1318 410 ducatur.
1359 397 1414 406 ..-.
1441 376 1447 406 1

377 436 429 462 ²³⁵
444 438 637 489 Rescripsi
657 436 858 474 maximam
877 441 1020 484 partem
1032 444 1116 469 cum
1132 430 1319 469 Heerenio
1336 433 1412 468 θεα-
1441 411 1446 511 ἰ

378 496 511 547 σαμένη
528 496 613 535 διότι
626 496 712 547 αὐτῇ
727 494 770 531 τὰ
784 492 874 531 κατὰ
886 490 1000 543 ψυχὴν
1017 489 1103 528 πολὺ
1119 490 1250 539 μᾶλλον
1265 490 1333 526 τῶν
1349 491 1410 527 τοῦ

379 558 540 606 σώματος
561 557 696 604 ἀγαθῶν
718 550 885 606 ᾠκειώΟη,
906 548 1013 592 οὕτως
1041 547 1198 601 ᾠκειώθη
1226 547 1312 601 πρὸς
1332 549 1411 586 {au-

375 615 451 661 τήν,
461 613 579 666 ὥσπερ
591 614 633 651 δι’
648 611 752 657 αὑτὴν
764 608 882 662 αἱρετή
895 624 904 655 ;
917 607 1028 645 codd.
1041 605 1243 656 θεασαμένη
1259 606 1412 645 διότικαὶ
1443 633 1445 653 ,

377 673 465 721 αὕτη
491 676 558 712 τῶν
582 671 673 711 κατὰ
694 670 793 724 φύσιν
814 667 901 706 πολὺ
925 668 1055 717 μᾶλλον
1079 667 1147 703 τῶν
1168 668 1230 704 τοῦ
1253 665 1412 715 σώματος
1442 656 1445 680 ¹

376 735 505 783 ἀρετῶν
523 729 676 783 ᾠκειώθη
697 727 780 780 πρὸς
796 726 921 772 ἑαυτήν
936 755 946 775 ‚
965 726 1011 768 ὡς
1027 723 1111 776 πρὸς
1128 723 1173 763 δι’
1194 722 1301 771 αὑτὴν
1321 726 1411 776 αἳρε-
1443 723 1445 756 ὲ

374 791 450 837 τήν.
470 790 579 828 Conf.
595 789 729 826 Cicero
739 786 786 823 de
800 784 884 822 Fin.
903 783 946 830 V,
965 797 1009 820 12
1022 791 1059 820 et
1071 783 1158 821 aliis
1174 783 1285 821 locis.
1300 782 1411 812 —230

375 848 553 887 Scnarius
589 855 644 885 est
681 845 719 882 τὸ
750 842 857 894 μηδὲν
896 844 1026 881 ἀδικεῖν
1066 841 1127 879 καὶ
1157 840 1284 886 καλοὺς
1318 844 1412 891 ἡμᾶς

375 912 485 952 ποιεὶ,
508 919 618 957 quem
640 902 841 941 Menandri
862 914 944 939 esse
962 900 1049 938 vult
1078 899 1217 938 Sextus
1238 899 1413 951 Empiri-

374 978 440 1003 cus
456 964 594 1015 Pyrrh.
614 963 707 1013 hyp.
731 961 764 1008 l,
791 961 878 1007 108,
901 971 940 1010 p.
960 973 1010 1009 29
1030 958 1076 996 ed
1099 957 1212 996 Fabr.
1238 957 1409 996 Eundem

373 1026 471 1060 inter
508 1023 718 1070 fragmenta
747 1020 895 1057 incerta
926 1017 1008 1069 [34]
1039 1017 1234 1055 recensuit
1269 1016 1411 1055 Meine-

372 1083 470 1119 kius.
484 1079 593 1110 —237
606 1080 735 1117 Finem
752 1079 781 1117 i.
794 1091 830 1117 e.
847 1077 1065 1114 felicitatem
1077 1076 1240 1127 proprie
1252 1076 1408 1126 quidem

370 1140 410 1177 in
439 1139 558 1177 animi
577 1138 691 1175 bonis
712 1136 809 1188 poni
837 1134 1054 1182 contendit,
1080 1134 1144 1172 sed
1166 1142 1291 1171 tamen
1324 1147 1411 1172 cor-

370 1198 477 1249 poris
490 1197 594 1235 bona
612 1205 648 1234 et
668 1204 825 1234 externa
843 1202 998 1232 eatenus
1019 1192 1067 1230 ad
1086 1205 1171 1230 eum
1193 1192 1387 1243 pertinere
1399 1223 1408 1241 ,

370 1265 411 1293 ut
430 1256 478 1294 iis
513 1255 695 1293 detractis
724 1254 839 1305 plena
869 1252 1028 1290 felicitas
1047 1263 1130 1288 esse
1152 1259 1329 1301 nequeat.
1351 1273 1405 1281 —-

370 1313 421 1336 2³⁸
439 1314 497 1352 Cf.
523 1315 679 1352 Aristot.
701 1312 822 1349 Ethic.
843 1311 991 1348 Nicom.
1017 1310 1050 1358 Ι,
1074 1309 1094 1346 5
1116 1323 1224 1360 seqq.
1264 1310 1333 1349 ubi
1361 1312 1409 1350 de

370 1372 606 1411 beatitudine
632 1371 798 1410 disserit.
823 1367 944 1398 —239
971 1368 1091 1406 Posui
1115 1370 1183 1406 τῶν
1210 1369 1255 1406 δι’
1284 1370 1410 1415 ἑαυτὴν

371 1431 430 1469 καὶ
450 1434 517 1469 τῶν
536 1430 592 1468 διὰ
610 1430 671 1474 τὰς
691 1429 818 1476 ἄλλας,
841 1428 1030 1468 codd.alii
1047 1429 1115 1465 τῶν
1127 1426 1182 1479 ὑφ’
1203 1427 1329 1476 ἑαυτὴν
1350 1427 1409 1466 καὶ

370 1493 436 1528 τῶν
452 1490 518 1528 ὑπὸ
538 1489 596 1533 τὰς
616 1489 725 1533 ἄλλοις
739 1519 749 1536 ,
772 1488 838 1526 alii
858 1489 927 1525 τῶν
951 1488 1006 1539 ὑφ’
1028 1487 1159 1524 ἑαυτῶν
1179 1485 1248 1524 ὑπὸ
1269 1486 1330 1529 τὰς
1354 1488 1413 1525 ἄλ-

371 1550 433 1593 λας
457 1550 533 1588 κτλ.
561 1570 614 1578 -
639 1547 693 1575 24⁰
714 1546 894 1599 Ἀρχαίους
912 1545 986 1583 hoc
1015 1546 1102 1583 loco
1127 1545 1310 1594 intelligit
1330 1546 1412 1584 Ari·

372 1609 542 1646 stotelem
561 1607 720 1658 ejusque
739 1618 994 1644 successores.
1018 1603 1113 1642 Nam
1131 1604 1314 1643 subtilius
1343 1618 1411 1656 po-

371 1667 548 1704 steriores
579 1664 826 1717 philosophi,
858 1663 1053 1713 imprimis
1084 1662 1228 1712 Stoici,
1272 1663 1320 1700 de
1350 1663 1412 1702 his

372 1725 487 1763 rebus
512 1725 815 1776 disputaverant.
843 1744 896 1751 -—
914 1721 962 1748 ²⁴¹
996 1721 1137 1773 Recepi
1169 1721 1406 1772 optimorum

373 1784 481 1821 codd.
500 1784 702 1821 lectionem
721 1776 759 1820 οἷ
779 1779 879 1818 πάντ’
908 1779 1064 1833 ἐφίεται,
1084 1780 1305 1831 improbata
1322 1781 1412 1818 vul-

372 1851 457 1891 gata
487 1841 678 1892 scriptura
695 1833 733 1877 οῧ
756 1838 882 1882 πάντες
903 1838 1048 1892 ἐφίεται.
1083 1838 1176 1876 Nam
1205 1852 1253 1876 ne
1286 1838 1413 1882 πάντες

373 1899 523 1952 ἐφίενται
543 1898 810 1950 reponendum
836 1910 919 1935 esse
944 1897 1208 1947 suspicemur,
1235 1897 1319 1947 ipse
1346 1897 1413 1935 ob-

374 1967 446 1996 stat
466 1958 690 1996 Aristoteles
709 1956 834 1996 Ethic.
855 1956 1006 1995 Nicom.
1027 1955 1099 1994 lib.
1124 1955 1142 1992 1
1161 1968 1246 2006 cap.
1271 1969 1285 1991 1
1310 1958 1412 1993 scri-

374 2017 470 2055 bens
498 2030 507 2055 z
545 2015 598 2054 διὸ
621 2016 735 2059 καλῶς
768 2014 990 2068 ἀπεφήναντο
1022 2013 1193 2066 τάγαθόν,
1224 2008 1263 2052 οὗ
1296 2014 1411 2053 πάντα

375 2075 519 2128 ἐφίεται.
539 2075 608 2113 His
629 2083 886 2113 consentanea
915 2082 1006 2111 sunt
1026 2087 1112 2124 quae
1131 2073 1241 2112 Rhet.
1261 2072 1318 2110 lib
1338 2073 1368 2120 l,
1390 2075 1412 2110 6

375 2134 470 2171 dicit
491 2148 500 2171 :
521 2133 609 2171 ἔστω
631 2131 672 2178 δὴ
699 2131 825 2182 ἀγαθὸν
843 2130 861 2170 ὃ
884 2130 925 2170 ἂν
945 2130 1028 2169 αὐτὸ
1050 2133 1172 2169 ἑαυτοῦ
1196 2130 1298 2170 ἕνεκα
1317 2125 1339 2183 ᾗ
1359 2134 1414 2170 αἱ-

376 2191 488 2243 ρετόν,
509 2191 566 2229 καὶ
586 2184 624 2230 οἷ
646 2189 744 2228 ἕνεκα
771 2189 859 2228 ἄλλο
885 2189 1075 2242 αἱρούμεθα
1089 2219 1098 2236 ,
1121 2189 1179 2227 καὶ
1213 2183 1251 2226 οῧ
1280 2188 1414 2242 ἐφίεται

374 2249 490 2287 πάντα
515 2249 538 2296 ἢ
562 2249 676 2287 πάντα
704 2247 749 2286 τὰ
780 2248 936 2295 αἴσθησιν
966 2247 1091 2299 ἔχοντα
1121 2246 1144 2294 ἢ
1172 2251 1266 2288 νοῦν.
1291 2270 1341 2278 -—-
1362 2248 1414 2276 ²4²

378 2308 544 2359 Reposui
559 2308 599 2347 τὸ
611 2311 760 2346 τοιοῦτον
774 2323 784 2355 ;
798 2308 911 2346 codd.
926 2307 1100 2356 ἑκάτερον.
1117 2331 1167 2335 -
1182 2306 1233 2334 ²⁴3
1251 2307 1414 2346 Restitui

377 2368 422 2408 ὡς
439 2365 474 2404 δὲ
493 2380 540 2404 ex
560 2366 666 2404 Stob.
692 2366 793 2404 Flor.
810 2364 916 2412 (3111,
938 2366 986 2402 28
1006 2364 1076 2403 ubi
1103 2365 1203 2402 idem
1225 2365 1332 2403 locus
1351 2379 1414 2403 ex-

377 2433 462 2468 stat;
476 2424 571 2462 libri
594 2424 686 2463 οὐδὲ.
702 2427 758 2461 De
774 2424 954 2461 felicitate
971 2437 1056 2473 quae
1076 2431 1176 2460 recte
1191 2423 1255 2461 hic
1274 2423 1416 2462 dicitur

379 2490 551 2520 constare
570 2495 618 2520 ex
643 2482 815 2519 honestis
835 2482 863 2521 i.
891 2494 925 2520 e.
955 2481 1075 2519 animi
1103 2481 1219 2519 bonis
1247 2490 1362 2532 atque
1393 2495 1414 2520 e

379 2541 577 2590 productis
593 2541 623 2579 i.
650 2553 683 2579 e.
701 2540 817 2578 bonis
835 2541 1009 2590 corporis
1027 2548 1064 2577 et
1083 2540 1277 2588 externis,
1295 2541 1415 2578 disse-

380 2599 431 2635 rit
450 2598 674 2636 Aristoteles
692 2598 815 2638 Ethic.
829 2598 976 2636 Nicom.
990 2598 1059 2637 lib.
1082 2598 1099 2635 1
1115 2612 1198 2649 cap.
1214 2613 1233 2646 7
1254 2607 1291 2637 et
1304 2599 1413 2637 alibi.

381 2656 478 2694 Sunt
496 2666 621 2695 autem
642 2658 683 2694 in
703 2656 1009 2707 praecedentibus
1028 2655 1072 2695 τὰ
1093 2657 1209 2704 ὑλικά,
1232 2671 1318 2708 quae
1338 2659 1415 2696 alio

382 2716 540 2753 nomine
560 2724 745 2754 vocantur
765 2715 809 2753 τὰ
823 2719 881 2753 τοῦ
903 2715 1066 2765 σώματος
1085 2714 1199 2766 ἀγαθὰ
1214 2715 1274 2753 καὶ
1291 2716 1334 2754 τὰ
1351 2716 1416 2761 ἔξω

384 2786 426 2810 ac
451 2773 641 2812 felicitatis
658 2775 935 2824 complementa
954 2774 1158 2814 habentur.
1177 2796 1230 2803 -
1245 2773 1295 2796 ²⁴⁴
1310 2774 1415 2816 Idem

384 2840 648 2880 argumentum
664 2831 845 2882 pluribus
865 2831 996 2870 verbis
1012 2832 1173 2882 exponit
1192 2833 1417 2871 Aristoteles

385 2888 426 2924 in
452 2888 597 2926 Ethicis
625 2888 891 2926 Nicomacheis
911 2898 1023 2940 atque
1042 2890 1083 2926 in
1113 2889 1224 2929 Rhet.
1243 2889 1313 2928 lib.
1336 2890 1368 2936 I,
1392 2892 1415 2927 6

385 2959 470 2995 quae
502 2959 586 2983 cum
620 2947 691 2984 hac
728 2947 987 2997 disputatione
1020 2949 1249 2985 contendere
1291 2961 1416 2999 operae

383 3006 550 3055 pretium
575 3014 644 3043 est.
675 3026 727 3034 —
751 3005 802 3028 ²²⁸⁵
823 3006 928 3043 Idem
953 3007 1171 3057 exemplum
1203 3007 1312 3045 affert
1332 3009 1418 3046 Ari-

385 3064 536 3101 stoteles
554 3063 676 3102 Ethic.
699 3066 850 3103 Nicom.
873 3065 944 3103 lib.
969 3065 1002 3112 Ι,
1031 3079 1115 3116 cap.
1145 3067 1184 3115 6,
1203 3079 1289 3116 pag.
1318 3068 1416 3116 1098

385 3123 445 3160 ed.
463 3123 590 3160 Bekk.:
605 3121 655 3159 ἔτι
667 3122 696 3159 δ’
715 3124 747 3159 ἐν
774 3123 838 3173 βίῳ
860 3123 991 3175 τελείῳ.
1007 3124 1084 3162 Μία
1102 3123 1169 3176 γὰρ
1192 3122 1338 3175 χελιδὼν
1356 3125 1417 3176 ἔαρ

386 3181 424 3219 οὗ
444 3183 555 3230 ποιεῖ,
572 3179 647 3218 οὐδὲ
675 3179 736 3230 μία
754 3180 879 3232 ἡμέρα·
898 3181 987 3218 οὕτω
1009 3181 1044 3219 δὲ
1066 3181 1142 3219 οὐδὲ
1164 3181 1334 3234 μακάριον
1356 3184 1414 3221 καὶ

387 3236 574 3288 εὐδαίμονα
591 3236 654 3287 μία
674 3235 803 3287 ἡμέρα,
821 3235 897 3274 οὐδὲ
922 3237 1034 3288 ὀλίγος
1053 3238 1188 3288 χρόνος.
1214 3259 1267 3267 —
1286 3238 1336 3261 ²⁴⁰
1357 3241 1419 3277 Sic

386 3305 423 3332 et
457 3296 684 3334 Aristoteles
708 3294 832 3334 Ethic.
866 3295 1015 3334 Nicom.
1055 3296 1124 3334 lib.
1162 3297 1194 3343 l,
1230 3311 1313 3348 cap.
1355 3313 1369 3335 1
1383 3313 1415 3346 1,

387 3368 473 3405 pag.
501 3370 515 3392 1
528 3368 598 3392 100
617 3355 679 3393 ed.
696 3354 853 3392 Bekker.
873 3354 963 3392 κατὰ
983 3354 1127 3393 Σόλωνα
1145 3355 1178 3393 δὲ
1193 3355 1305 3407 χρεὼν
1325 3356 1419 3400 τέλος

387 3416 483 3465 ὁρᾶν.
511 3436 563 3443 -—
583 3413 634 3440 2⁴⁷
656 3413 798 3464 Scripsi
826 3412 864 3450 τὸ
896 3412 930 3451 δὲ
950 3420 1018 3450 πᾶν
1039 3414 1150 3463 γένος;
1174 3414 1289 3463 vulgo
1317 3414 1356 3452 τὸ
1384 3416 1419 3453 δὲ
1449 3385 1452 3435 Ι

388 3469 623 3520 γένος-243
642 3470 759 3509 Posui
781 3470 930 3518 ζητητέα
949 3464 1057 3519 εἶναι,
1079 3473 1190 3512 codd.
1214 3473 1341 3518 ζητεῖν.
1362 3474 1418 3511 De
1447 3438 1454 3519 l

1210 281 1684 322 PYTHAGOREORUM

1472 371 1666 410 divisione
1682 372 1767 422 ipsa
1783 370 1957 422 disputat
1972 371 2199 411 Aristoteles
2219 372 2346 423 Magn.
2369 371 2505 412 moral.

1472 428 1506 477 l,
1529 443 1568 470 2.
1589 451 1643 459 —
1658 427 1709 456 ²⁴⁹
1729 429 1788 467 Cf.
1816 430 1975 468 Aristot.
1995 430 2020 467 Ι.
2043 444 2078 468 c.
2094 443 2178 482 cap.
2205 431 2241 470 3.
2256 452 2309 460 -
2327 429 2382 454 ²⁵⁰
2403 433 2508 472 Exa-

1471 488 1556 527 ravi
1575 487 1733 541 καθάπερ
1752 487 1793 535 δὴ
1824 504 1835 536 ;
1860 488 1951 527 libri
1970 489 2127 542 καθάπερ
2141 487 2226 542 γὰρ.
2243 512 2298 520 -
2311 489 2359 514 ²⁵¹
2383 489 2510 530 Resti-

1473 549 1526 585 tui
1545 546 1590 586 τὰ
1619 546 1648 585 δ’
1676 546 1711 591 ἐξ
1739 546 1962 596 ἐπιμελείας;
1998 547 2113 586 codd.
2151 546 2195 586 τὰ
2227 548 2259 586 δ’
2281 546 2360 596 ἑξῆς
2387 549 2508 599 luem·

1471 605 1580 649 λείας.
1600 627 1654 636 -
1670 604 1722 629 252
1749 605 1864 644 Edidi
1882 605 1939 644 τὸν
1961 603 1998 644 δὲ
2014 608 2072 644 τοῦ
2094 609 2210 646 κοινοῦ
2226 605 2391 656 ὀνόματος
2407 605 2508 658 λόγον

1471 662 1605 716 ἔτερον;
1625 663 1718 702 libri
1731 664 1788 703 τὸν
1802 662 1838 702 δὲ
1853 662 1944 702 κατὰ
1959 666 1988 702 τ’
2011 663 2120 713 ὄνομα
2134 663 2235 716 λόγον
2251 663 2383 718 ἕτερον.
2395 663 2509 696 -253

1472 721 1609 759 Delevi
1631 719 1777 773 ἔχουσαν
1801 729 1891 771 post
1903 720 2057 774 λογικόν.
2076 721 2198 772 Vulgo
2214 723 2318 761 enim
2336 723 2480 774 legitur
2497 738 2507 763 t

1471 782 1530 820 τὸν
1542 781 1603 830 μὲν
1612 779 1750 832 λογικὸν
1758 779 1927 832 ἔχουσαν,
1941 779 1980 818 τὸ
1998 780 2027 817 δ’
2045 779 2183 831 ἄλογον.
2203 780 2391 820 Caeterum
2406 781 2514 821 Peri·

1474 840 1628 892 patetici
1650 851 1800 877 omnem
1820 840 1866 877 de
1885 837 2059 877 moribus
2078 838 2292 877 doctrinam
2312 839 2360 877 ad
2379 839 2505 880 virtu-

1475 895 1530 937 tes
1549 899 1693 936 ethicas
1717 911 1802 949 quae
1834 899 1875 936 in
1907 898 2155 937 moderandis
2174 898 2452 950 cupiditatibus
2471 909 2510 939 et

1475 957 1677 996 affectibus
1705 957 1840 1008 positae
1856 966 1957 1004 sunt,
1979 957 2221 995 rettulerunt.
2254 956 2403 996 Etenim
2425 971 2512 998 me-

1475 1016 1717 1054 diocritatem
1732 1043 1742 1061 ,
1777 1028 1862 1065 quae
1889 1023 1947 1053 est
1979 1015 2081 1053 inter
2101 1015 2265 1053 nimium
2285 1023 2323 1054 et
2348 1029 2510 1068 parum,

1479 1073 1680 1111 tenendam
1702 1085 1784 1111 esse
1803 1072 1925 1124 ajunt.
1950 1072 2044 1110 Vide
2069 1074 2314 1111 Aristotelem
2335 1074 2377 1112 in
2398 1074 2512 1114 libris

1474 1132 1522 1169 ad
1559 1131 1832 1169 Nicomachum
1876 1139 1989 1181 atque
2023 1131 2066 1168 in
2103 1131 2253 1181 Magnis
2283 1132 2509 1175 moralibus.

1472 1212 1525 1219 —
1540 1189 1592 1216 254
1613 1190 1671 1228 Cf.
1696 1190 1856 1228 Aristot.
1877 1189 1988 1227 Ethic
2007 1189 2155 1228 Nicom.
2178 1189 2217 1237 1,
2242 1203 2280 1230 α.
2295 1189 2414 1220 —255
2434 1192 2508 1231 Po.

1473 1253 1533 1288 sui
1552 1248 1742 1297 πλειόνων;
1765 1249 1878 1288 codd.
1912 1250 2063 1288 πολλῶν.
2085 1271 2138 1280 —
2155 1248 2208 1274 ²⁵⁶
2233 1249 2397 1301 Vulgavi
2419 1267 2510 1305 συμ·

1473 1307 1631 1360 μέτρων;
1648 1307 1761 1346 codd.
1788 1308 2008 1360 συμμέτρως.
2050 1330 2100 1338 -
2119 1308 2171 1332 ²⁵⁷
2190 1309 2335 1361 Scripsi
2365 1308 2428 1354 τὰς
2451 1307 2512 1359 μὲν

1472 1366 1576 1410 οὔσας
1588 1366 1655 1419 γὰρ
1671 1365 1764 1405 κατὰ
1779 1366 1896 1405 πάντα
1908 1366 2101 1419 ὑπερὸολὰς
2113 1366 2173 1405 καὶ
2188 1366 2356 1420 ἐλλείψεις
2367 1368 2514 1421 φθείρειν

1472 1425 1598 1478 φασίν;
1617 1425 1729 1464 codd.
1755 1424 1814 1469 τὰς
1828 1424 1890 1475 μὲν
1908 1425 2011 1470 οὔσας
2024 1426 2117 1465 κατὰ
2129 1425 2257 1470 ταύτας
2276 1427 2344 1479 (al.
2365 1421 2517 1477 πάντας)’

1473 1484 1668 1538 ὑπερὸολὰς
1692 1484 1751 1523 καὶ
1771 1483 1962 1537 ἐλλείψεις,
1986 1484 2134 1538 φθείρειν
2149 1484 2268 1529 αὐτάς.
2286 1507 2340 1515 -
2357 1484 2409 1509 ²⁵⁸
2430 1485 2508 1524 Lo-

1473 1557 1559 1581 cum
1581 1544 1628 1582 de
1651 1544 1849 1595 voluptate
1867 1552 1905 1581 et
1919 1543 2054 1582 dolore
2079 1544 2234 1595 copiose
2260 1553 2395 1583 tractat
2418 1544 2507 1584 Ari-

1473 1604 1626 1642 stoteles
1646 1603 1733 1642 Eth.
1753 1602 1839 1642 Nic.
1860 1601 1946 1649 Vll,
1974 1616 2018 1639 12
2049 1615 2130 1653 seq.
2146 1623 2200 1632 -
2215 1601 2267 1626 ²⁵⁹
2286 1603 2452 1642 Disserit
2466 1603 2525 1642 de·

1469 1663 1534 1701 his
1553 1663 1777 1701 Aristoteles
1800 1661 1887 1698 Eth.
1910 1661 1993 1699 Nic.
2018 1661 2069 1708 Π,
2095 1667 2116 1706 4
2133 1676 2142 1700 :
2164 1660 2208 1699 τὰ
2223 1662 2258 1700 ἐν
2277 1663 2320 1714 τῇ
2335 1662 2433 1716 ψυχῇ
2449 1677 2508 1713 γι-

1472 1720 1623 1772 γνόμενα
1649 1720 1728 1773 τρία
1749 1719 1846 1766 ἐστί,
1865 1719 1959 1767 πάθη
1975 1748 1985 1767 ,
2007 1719 2190 1770 δυνάμεις,
2222 1718 2305 1764 ἕξεις
2331 1721 2408 1760 κτλ.
2438 1720 2508 1759 ubi

1473 1779 1655 1817 virtutem
1682 1791 1764 1816 esse
1781 1777 1955 1815 habitum
1975 1777 2117 1815 diserte
2134 1777 2259 1816 docet.
2279 1799 2334 1808 —
2354 1777 2408 1802 ²⁶⁰
2429 1777 2508 1817 Re—

1473 1838 1580 1875 stitui
1601 1835 1713 1887 μηδὲ,
1731 1836 1825 1874 libri
1845 1835 1949 1886 μήτε.
1968 1857 2020 1866 --
2043 1835 2090 1859 2⁶¹
2124 1836 2244 1874 Posui
2265 1834 2372 1889 8περ;
2395 1837 2510 1876 codd.

1474 1898 1532 1939 ὡς.
1552 1896 1740 1934 Caeterum
1772 1895 1952 1933 similiter
1978 1894 2204 1933 Aristoteles
2233 1893 2324 1934 Eth.
2357 1894 2509 1934 Nicom.

1473 1955 1544 1993 lib.
1568 1955 1621 2002 ΙΙ,
1645 1955 1666 1992 5
1683 1970 1691 1992 :
1708 1955 1743 1992 ἐν
1762 1953 1867 1992 παντὶ
1884 1951 1921 1991 δὲ
1940 1954 2080 2004 συνεχεῖ
2093 1951 2151 1990 καὶ
2173 1952 2333 2007 διαιρὲτῳ
2355 1955 2431 1992 ἔστι
2448 1955 2510 1993 λα·

1475 2014 1547 2052 δεῖν
1568 2013 1607 2052 τὸ
1624 2012 1685 2064 μὲν
1702 2014 1820 2051 πλεῖον
1832 2041 1842 2060 ,
1862 2011 1902 2049 τὸ
1921 2010 1950 2049 δ’
1964 2011 2120 2058 ἔλαττον,
2133 2010 2172 2050 τὸ
2192 2010 2219 2050 δ’
2234 2010 2392 2060 ἴσον,κα“ι
2405 2015 2521 2054 ταῦτα,

1474 2073 1495 2119 ἢ
1519 2076 1598 2112 κατ’
1619 2073 1702 2112 αὐτὸ
1730 2072 1770 2111 τὸ
1796 2077 1959 2124 πρᾶγμα,
1986 2070 2008 2118 ἢ
2031 2071 2108 2110 καθ’
2134 2074 2229 2122 ἡμᾶς
2259 2074 2337 2114 κτλ.
2360 2073 2435 2112 Sed
2454 2086 2517 2113 se-

1475 2133 1633 2183 quentia
1652 2132 1835 2183 inprimis
1863 2144 1948 2182 quae
1966 2130 2041 2168 huc
2061 2129 2319 2170 transcribere
2337 2144 2416 2170 non
2448 2145 2515 2170 va-

1475 2200 1534 2229 cat
1554 2192 1600 2229 ad
1619 2191 1779 2241 Didymi
1799 2191 1927 2227 locum
1947 2189 2222 2228 illustrandum
2241 2189 2384 2230 valent.
2401 2189 2514 2235 Quod

1474 2250 1595 2299 igitur
1623 2250 1664 2287 in
1690 2262 1732 2287 re
1765 2250 1851 2299 ipsa
1876 2248 2043 2286 medium
2071 2257 2151 2298 est,
2181 2247 2222 2286 id
2253 2261 2332 2286 non
2362 2261 2514 2300 semper

1475 2309 1660 2347 convenit
1688 2317 1834 2346 naturae
1863 2315 2025 2353 nostrae,
2054 2319 2179 2356 eoque
2211 2305 2326 2346 nobis
2349 2319 2429 2345 non
2456 2317 2515 2347 est
2547 2300 2556 2306 ’

1475 2367 1659 2405 medium.
1694 2365 1739 2402 In
1769 2365 1841 2402 hac
1877 2372 2002 2402 autem
2047 2363 2310 2415 disputatione
2346 2365 2514 2404 medium

1475 2425 1579 2476 quod
1599 2424 1715 2462 nobis
1734 2423 1904 2470 videtur,
1921 2435 2001 2460 non
2016 2422 2113 2460 illud
2131 2422 2255 2473 ipsius
2273 2422 2331 2461 rei
2347 2423 2515 2462 medium

1475 2483 1640 2535 spectari
1659 2491 1834 2534 apertum
1855 2489 1913 2519 est
1939 2502 1992 2509 —
2010 2479 2076 2518 ²⁰².
2102 2479 2161 2517 Cf.
2192 2479 2353 2520 Aristot.
2388 2479 2514 2521 Ethic.

1476 2542 1625 2581 Nicom.
1646 2541 1700 2588 ΙΙ,
1724 2542 1762 2578 6.
1781 2540 1973 2578 Videntur
1993 2538 2182 2577 Heerenio
2202 2537 2323 2576 verba
2341 2535 2430 2586 αὕτη
2451 2553 2514 2590 με·

1476 2600 1577 2647 σότης
1596 2613 1718 2650 usque
1735 2599 1782 2636 ad
1803 2597 1948 2651 ὁρίσειεν
1968 2609 1989 2635 e
2011 2597 2184 2646 margine
2206 2597 2247 2635 in
2274 2605 2420 2635 textum
2449 2597 2513 2637 ire-

1476 2659 1656 2709 repsisse‚
1673 2656 1816 2708 quihus
1837 2656 1971 2707 ejectis
1992 2664 2093 2692 recte
2113 2655 2290 2706 procedit
2310 2655 2452 2703 oratio,
2475 2657 2512 2695 si

1476 2731 1561 2755 cum
1587 2717 1656 2754 illo
1688 2730 1760 2767 pro
1797 2715 2105 2752 membranarum
2151 2714 2343 2764 scriptura
2376 2713 2426 2763 μὴ
2457 2714 2518 2754 τὸν

1476 2775 1595 2827 καιρὸν
1625 2773 1752 2812 ἔλαὸεν
1771 2776 1875 2823 legas
1898 2785 1907 2811 :
1929 2771 2017 2823 μηδὲ
2044 2771 2102 2810 τὸν
2133 2774 2253 2821 καιρὸν
2280 2770 2415 2810 λαὸών·
2438 2765 2514 2811 εἶτα

1476 2832 1724 2885 παραθέμενος.
1754 2834 1801 2870 At
1829 2844 1900 2880 ego
1926 2830 2173 2881 parenthesin
2197 2830 2308 2868 istam
2329 2829 2516 2870 damnare

1478 2892 1600 2930 nolui.
1623 2895 1706 2930 Jam
1739 2903 1824 2941 qum
1843 2898 2058 2939 sequuntur
2082 2887 2243 2939 συζυγίαι
2274 2888 2330 2926 ita
2360 2901 2516 2941 compa·

1477 2959 1566 2988 ratae
1585 2958 1688 2998 sunt,
1709 2958 1751 2988 ut
1765 2948 1929 2998 singulis
1942 2947 2154 2986 virtutibus
2168 2947 2263 2986 bina
2282 2948 2379 2986 vitia
2391 2962 2514 3001 oppo-

1478 3018 1629 3048 nantur.
1649 3009 1746 3047 Cum
1763 3008 1838 3046 hoc
1860 3016 1985 3044 autem
2007 3006 2094 3044 loco
2117 3006 2272 3057 plenior
2290 3006 2514 3046 Aristotelis

1478 3068 1525 3105 de
1542 3068 1675 3106 eadem
1704 3080 1746 3105 re
1772 3065 1984 3116 disputatio
2007 3078 2093 3115 quae
2117 3073 2240 3103 exstat
2259 3065 2388 3115 Magn.
2407 3065 2510 3104 Mor.

1478 3125 1514 3163 11
1537 3140 1618 3177 cap.
1641 3128 1662 3164 3
1684 3125 1832 3164 utiliter
1857 3123 1905 3161 ab
1927 3124 2096 3173 antiquae
2113 3124 2313 3174 sapientiae
2327 3123 2514 3163 studiosis

1478 3184 1657 3223 contendi
1694 3183 1851 3235 poterit.
1882 3203 1934 3212 —
1971 3179 2023 3204 ²⁶³
2060 3181 2153 3219 Post
2192 3182 2389 3230 δικαιοσύνη
2415 3183 2514 3220 lacu·

1479 3257 1565 3281 nam
1588 3255 1671 3281 esse
1691 3255 1804 3280 nemo
1823 3240 1989 3290 negabit.
2016 3240 2294 3278 Desiderantur
2312 3239 2417 3278 enim
2432 3239 2512 3278 duo

1478 3302 1573 3339 vitia
1594 3311 1679 3351 quae
1697 3300 1789 3338 huic
1805 3299 1947 3338 virtuti
1962 3298 2232 3350 respondeant.
2255 3297 2408 3348 Quippe
2426 3298 2507 3336 Ari-

1479 3359 1632 3397 stoteles
1647 3359 1838 3409 justitiam
1859 3371 1881 3396 a
1900 3357 2062 3408 reliquis
2080 3356 2292 3394 virtutibus
2311 3356 2351 3394 in
2370 3368 2417 3395 eo
2435 3355 2511 3394 dif-

1482 3418 1585 3455 ferre
1618 3418 1752 3464 docet,
1776 3416 1880 3468 quod
1902 3417 1973 3455 etsi
1999 3415 2144 3466 justum
2166 3414 2226 3466 (τὸ
2248 3413 2401 3466 δίκαιον)
2432 3427 2512 3452 ine-

1480 3474 1587 3512 dium
1620 3475 1671 3513 sit
1706 3475 1807 3513 inter
1835 3474 1984 3512 lucrum
2008 3473 2064 3526 (τὸ
2094 3470 2232 3525 κέρδος)
2264 3479 2302 3510 et
2328 3471 2510 3510 damnum
