2606 3828
1037 238 1346 278 CYNICORUM

307 331 428 380 εἰπών,
451 333 544 379 ὡςιί
563 330 613 382 μὴ
634 334 783 374 τοιοῦτος
802 324 843 376 ἧν
870 331 887 366 ὁ
907 326 1100 379 Ἀχιλλεύς,
1121 327 1183 365 οὐκ
1205 327 1271 378 ἄρα
1297 320 1340 374 ἦν

306 390 411 434 ὄντως
432 390 551 433 καλός.

362 450 568 501 (Pi-oclus'
558 463 598 488 in
620 450 718 487 Plat.
740 446 863 485 Alcib.
886 444 901 482 I
927 459 965 495 p.
996 448 1067 487 11l0
1088 443 1341 483 ed.Creuze1.

310 509 380 548 llis
400 523 521 562 panca
536 509 642 547 addit
655 506 910 557 Olympiodor
913 517 956 541 us
969 518 1009 554 p.
1022 504 1136 541 281ta
1145 502 1342 542 scribens:

307 567 449 619 ὅτιγὰρ
475 567 580 609 καλος
599 582 640 613 ην
660 582 709 604 τι)
731 563 890 613 σώματι,
917 562 1019 607 δ’ἧλον
1046 562 1084 599 ἐκ
1104 564 1164 598 τοῦ
1183 559 1241 597 τὸν
1272 562 1345 599 Κυ-

306 627 400 666 νικὸν
421 625 633 670 Ἀντισθένην
666 624 775 672 λέγειν
796 621 874 672 περὶ
901 621 1024 658 αὐτοῦ·
1053 621 1093 659 Fi
1113 617 1162 670 μὴ
1195 634 1346 663 τοιουτος

306 680 349 733 ἦν
371 685 389 723 ὃ
410 683 606 737 Ἀχιλλεύς,
623 683 684 719 οὐκ
702 685 743 727 ἠν
761 682 899 730 ὡραῖος.
933 678 1021 730 Περὶ
1037 681 1075 715 οὓ
1096 692 1198 730 φησιν
1214 678 1233 715 ὃ
1246 693 1345 725 ποιη·

307 738 390 787 τής,
429 739 632 790 βουλόμενος
665 753 722 775 τον
758 735 876 811 Νιρέα
907 737 954 778 εἷς
988 735 1054 773 κάλ
1056 737 1112 778 λος
1146 735 1344 775 ἐπαινέσαι·

309 797 473 849 Νιρευς
457 811 492 840 ος
511 799 690 839 κάλλιστος
709 795 795 846 ἀνὴρ
816 794 882 832 ὑπὸ
899 793 1007 833 Ἴλιον
1022 788 1126 841 ἠλθεν
1145 796 1215 831 τῶν
1231 794 1344 832 ἄλλων

308 858 454 893 Δαναυν
473 871 515 904 με
520 857 548 892 τ’
569 855 732 904 ἀμύμονα
756 853 953 900 Πηλείωνα.
978 852 1116 890 Versus
1135 860 1225 890 sunt
1243 852 1344 902 apud

310 913 513 951 Ilounon-uni
534 912 647 951 Iliad.
663 911 734 950 lib.
757 910 806 958 ΙΙ,
821 910 1044 961 673-674.)

309 251 388 285 2⁷0

621 1033 667 1084 γ’.
685 1035 724 1071 ἐκ
742 1036 803 1080 τῆς
818 1032 1021 1076 Ἀσπασίας.
1046 1084 1048 1087 .

442 1129 525 1169 ‘H
507 1130 536 1167 α’
550 1129 719 1168 Ἀσπασία
734 1131 800 1168 τῶν
814 1129 1026 1181 Περικλέους
1041 1130 1123 1168 υἱων
1141 1130 1347 1170 Ξανθίππου

308 1190 368 1227 καὶ
363 1145 567 1241 15Παράλου
590 1186 754 1234 διαὸολὴν
778 1187 891 1248 [περιε
883 1186 981 1242 ’χει].
1027 1187 1170 1227 Ἰούτων
1198 1189 1266 1241 γὰρ
1288 1189 1347 1228 τὸν

311 1248 372 1297 μὲν
393 1247 639 1299 Ἀρχεστράτου
669 1245 772 1297 φησὶν
801 1249 888 1284 εἰναι
906 1246 1126 1298 συμὸιωτήν,
1148 1251 1207 1285 τοῦ
1227 1263 1346 1300 παρα-

310 1309 442 1356 πλήσια
473 1309 547 1350 ταῖς
578 1308 635 1346 ἐπὶ
666 1323 735 1345 τιιν
770 1323 906 1359 μιαρων
937 1309 1139 1359 οἰκημάτων
1162 1309 1348 1362 ἐργαζομέ-

309 1384 390 1415 νου,
438 1367 496 1405 τὸν
533 1366 561 1405 δ’
598 1365 768 1419 Εὐφήμου
803 1366 932 1415 συνήθη
978 1368 1037 1406 καὶ
1076 1367 1249 1421 γνώριμον
1287 1372 1348 1407 τοῦ

311 1423 455 1478 φορτικὰ
476 1423 691 1467 σκώπτοντος
715 1423 774 1461 καὶ
795 1424 914 1477 ψυχρὰ
941 1425 1020 1469 τοὺς
1040 1429 1291 1471 συναντῶντας.

365 1483 581 1526 (Athenaeus
614 1481 685 1521 lib.
721 1481 767 1530 V,
801 1497 839 1534 p.
864 1497 939 1521 220
969 1484 1017 1523 D.
1058 1484 1226 1537 Reposui
1261 1499 1348 1524 cum

312 1540 540 1579 Casaubono
558 1542 692 1592 μιαρῶν
709 1541 923 1591 οἰκημάτων,
935 1556 1053 1593 quum
1065 1544 1220 1593 vulgata
1236 1544 1350 1583 lectio

312 1600 443 1650 μικρῶν
464 1598 665 1648 οἰκημάτων
686 1599 778 1638 ferri
798 1610 978 1651 nequeat.
1018 1601 1081 1639 Sic
1101 1611 1138 1639 et
1156 1602 1351 1641 AEschines

312 1668 445 1698 contra
463 1659 710 1698 Timarchum
727 1667 775 1708 74
795 1675 803 1697 ε
820 1663 922 1711 ὁρᾶτε
937 1661 1097 1700 τουτουσὶ
1111 1661 1188 1706 τοὺς
1208 1662 1264 1700 ἐπὶ
1282 1665 1350 1701 τῶν

311 1718 510 1767 οἰκημάτων
545 1717 755 1768 καθημένους
783 1720 858 1757 κτλ.
893 1719 1006 1758 Recte
1037 1721 1139 1758 enim
1174 1721 1309 1759 Suidas
1339 1733 1350 1760 ε

311 1775 442 1828 οἴκημα
474 1777 550 1815 ἀντὶ
581 1781 642 1815 τοῦ
675 1778 910 1828 δεσμωτήριον
942 1778 1152 1831 Δείναρχος,
1186 1779 1261 1817 ἀντὶ
1290 1782 1349 1818 τοῦ

312 1836 466 1886 πορνεῖον
495 1834 530 1873 δὲ
563 1835 744 1887 Αἰσχίνης.
769 1836 830 1875 Cf.
849 1836 1006 1877 Jacobs.
1024 1838 1071 1875 ad
1102 1839 1241 1879 Achill.
1262 1839 1348 1878 Tat.

313 1908 351 1945 p.
373 1894 448 1943 956
468 1902 506 1931 et
525 1894 710 1932 Huschkii
731 1895 841 1934 Anal.
862 1897 949 1935 crit.
969 1911 1007 1947 p.
1033 1898 1136 1947 238.)

368 1965 413 1993 16.
445 1951 657 1999 Ἀντισθένης
684 1953 719 1991 δὲ
740 1956 758 1991 ὁ
779 1954 1004 2005 Σωκρατικὸς
1031 1953 1219 2007 ἐρασθέντα
1249 1955 1352 2009 φησὶν

316 2009 418 2049 αὐτὸν
444 2009 514 2064 [τὸν
539 2010 730 2063 Περικλέα]
755 2011 949 2056 Ἀσπασίας
968 2012 1018 2056 δὶς
1039 2016 1100 2060 τῆς
1130 2014 1262 2067 ἡμέρας
1282 2015 1354 2052 εἷσ-

318 2069 411 2108 ιόντα
440 2070 499 2109 καὶ
540 2069 670 2115 ἐξιόντα
703 2071 764 2109 ἀπ’
796 2073 901 2119 αὐτῆς
945 2073 1160 2118 ἀσπάζεσθαι
1192 2073 1255 2121 τὴν
1290 2073 1354 2112 ἄν-

316 2133 465 2181 θρωπον,
489 2128 548 2167 καὶ
577 2128 769 2182 φευγούσης
796 2129 880 2168 ποτὲ
901 2131 1006 2176 αὐτῆς
1032 2130 1166 2183 γραφὴν
1194 2131 1354 2176 ἀσεὸείας

316 2189 424 2236 λέγων
445 2187 530 2239 ὑπὲρ
551 2189 655 2235 αὐτῆς
689 2188 831 2226 πλείονα
859 2188 1047 2241 ἐδάκρυσεν
1067 2190 1089 2236 ἢ
1108 2189 1165 2227 ὅτε
1186 2189 1271 2242 ὑπὲρ
1288 2194 1349 2229 τοῦ

320 2244 394 2297 βίου
426 2244 485 2283 καὶ
513 2248 574 2291 τῆς
602 2245 718 2289 οὐσίας
744 2246 970 2286 ἐκινδύνευσε.
1029 2247 1102 2286 Καὶ
1131 2247 1292 2296 Κίμωνος
1324 2247 1353 2284 δ’

318 2302 503 2355 Ἐλπινίκῃ
516 2306 559 2355 τῇ
578 2304 707 2357 ἀδελφῇ
720 2304 931 2356 παρανόμως
948 2305 1119 2353 συνόντος,
1138 2300 1199 2344 εἶθ’
1213 2305 1353 2358 ὕστερον

321 2361 516 2409 ἐκδοθείσης
546 2362 687 2414 Καλλίᾳ
719 2362 777 2400 καὶ
807 2363 1076 2415 φυγαδευθέντος
1099 2364 1219 2413 μισθὸν
1251 2364 1354 2403 ἔλαὸε

319 2421 380 2466 τῆς
398 2419 543 2457 καθόδου
572 2421 678 2458 αὐτοῦ
707 2422 920 2473 ὁΠερικλῆς
952 2422 991 2460 τὸ
1012 2425 1054 2474 τῇ
1076 2421 1265 2473 Ἐλπινίκῃ
1293 2438 1356 2473 μι*

321 2481 460 2528 χθῆναι.
1006 2505 1009 2507 >

324 2589 382 2620 nisi
414 2589 484 2620 talis
508 2590 601 2622 suerit
630 2591 790 2632 Achilles,
817 2600 933 2625 revera
959 2601 1035 2625 eum
1065 2602 1130 2626 non
1161 2592 1259 2625 ruisse
1287 2593 1357 2634 pul-

325 2646 447 2679 chium.

640 2728 669 2757 3.
693 2733 731 2756 ex
747 2724 830 2757 libro
847 2725 886 2758 de
903 2727 1042 2767 Aspasia.

373 2802 421 2831 15.
445 2800 486 2831 At
503 2799 633 2839 Aspasia
651 2800 915 2834 obtrectationem
933 2811 1006 2843 erga
1018 2804 1147 2837 Periclis
1165 2805 1259 2846 filios,
1274 2808 1362 2839 Xan-

330 2856 475 2898 thippum
490 2858 522 2889 et
542 2858 710 2897 Paralum,
730 2860 884 2892 continet.
928 2861 1053 2893 Horum
1073 2859 1164 2895 enim
1182 2873 1282 2896 unum
1308 2868 1363 2897 Ar-

331 2914 481 2947 chestrati
509 2915 769 2948 contubernalem
797 2926 866 2949 esse
884 2917 944 2957 ait,
963 2919 1017 2959 qui
1044 2920 1186 2952 similiter
1205 2923 1364 2963 quaestum

333 2981 466 3013 corpore
477 2973 610 3005 faciebat
622 2982 659 3005 ac
675 2974 757 3014 lupae
770 2975 800 3006 in
811 2976 1016 3016 lupanaribus
1032 2980 1219 3020 prostitutae,
1231 2982 1365 3014 alterum

333 3030 491 3071 Euphemi
503 3031 642 3063 amicum
655 3034 686 3063 et
701 3032 901 3073 familiarem,
916 3035 972 3076 qui
989 3035 1020 3067 in
1036 3036 1148 3068 obvios
1162 3039 1320 3071 mordacia
1335 3042 1367 3073 et

335 3088 453 3130 frigida
468 3089 550 3121 dicta
564 3089 713 3130 Jactabat.

378 3149 427 3179 16.
447 3134 652 3180 Antisthenes
673 3149 853 3191 Socraticus
870 3150 916 3182 ait
930 3152 1082 3184 Periclem
1102 3155 1243 3194 Aspasiae
1261 3144 1368 3189 amore

335 3205 483 3246 flagrasse
502 3208 535 3238 et
550 3215 649 3247 quum
667 3206 718 3238 bis
742 3208 883 3247 qnotidie
899 3208 968 3249 ejus
986 3211 1163 3244 cubiculum
1180 3213 1248 3245 tum
1267 3214 1367 3255 ingre·

337 3264 464 3297 deretur
495 3267 564 3296 tum
599 3264 802 3304 egrederetur
829 3275 961 3299 uxorem
992 3269 1102 3301 osculo
1132 3270 1364 3312 imperavisse,

337 3332 501 3364 quumque
516 3323 568 3356 illa
585 3324 754 3365 aliquando
772 3325 942 3366 impietatis
955 3329 1099 3360 accusata
1116 3333 1210 3370 esset,
1225 3334 1370 3372 suscepta

339 3381 529 3414 iunocentiae
555 3382 624 3422 ejus
651 3383 843 3424 defensione,
861 3384 990 3418 uberius
1023 3386 1165 3428 flevisse,
1186 3397 1282 3428 quam
1307 3399 1370 3430 quo

340 3441 481 3480 tempore
493 3441 532 3472 de
550 3441 614 3473 vita
625 3443 658 3474 et
674 3442 808 3476 fortunis
823 3443 889 3476 suis
907 3444 1155 3485 periclitabatur.
1199 3448 1296 3479 Porro
1316 3448 1369 3480 ubi

1381 238 1711 278 FRAGMENTA.

1459 327 1676 377 (Athenaeus
1702 326 1770 365 lib.
1791 324 1901 374 XIII,
1917 338 1955 375 p.
1980 324 2056 374 589
2078 323 2123 364 E.
2159 324 2217 365 Cf.
2244 324 2438 367 Plutarch.

1404 385 1476 425 vit.
1509 385 1647 423 Pei-iel.
1680 398 1764 435 cap.
1788 386 1853 432 32,
1873 383 1954 422 vol.
1976 382 2009 430 l,
2031 396 2070 434 p.
2093 388 2170 428 '⁵20
2190 383 2248 423 ed.
2286 384 2440 426 llutten.

1405 443 1516 481 Adde
1546 443 1701 481 Jacobs.
1726 442 1774 479 de
1805 441 1933 480 hetaer.
1959 454 1999 492 p.
2023 443 2096 493 393
2118 449 2154 479 et
2183 441 2441 484 Ilemsterhus.

1407 501 1550 542 Anecd.
1570 515 1609 552 p.
1636 502 1711 538 230
1731 498 1789 537 ed.
1806 498 1930 550 Geel.)

1685 623 1728 663 δ’.
1751 626 1790 663 ἐκ
1809 626 1868 662 τοῦ
1892 625 2165 675 Προτρεπτικοῢ.

1463 742 1509 768 17.
1540 721 1650 771 Οὗτος
1669 728 1747 765 κατ’
1767 724 1878 779 ἀρχὰς
1898 725 1940 777 μὲ
1943 742 1961 763 ν
1979 726 2107 773 ἤκουσε
2114 724 2274 794 Γοργίου
2299 741 2359 765 του
2385 724 2446 778 ῥή-

1407 802 1522 840 τορος·
1543 786 1620 825 ὅθεν
1648 802 1687 824 το
1709 785 1888 838 ῥητορικὸν
1913 777 2000 828 εἶδος
2022 785 2058 822 ἐν
2075 800 2146 829 τοις
2172 785 2341 835 διαλόγοις
2370 785 2446 824 ἔπι·-

1410 846 1526 899 φέρει,
1548 860 1607 883 και
1634 843 1788 892 μάλιστα
1818 844 1854 881 ἐν
1883 846 1926 896 τῇ
1946 842 2105 896 Ἄληθεία
2125 843 2185 882 καὶ
2203 848 2274 888 τοῖς
2293 844 2447 930 Προτρε-

1410 909 1555 948 πτικοῖς.

1468 963 1675 1015 (Diogenes
1694 961 1870 999 Laertius
1889 959 1960 999 lib.
1980 959 2049 1007 VI,
2075 959 2120 1012 1.)

1465 1036 1507 1061 18.
1539 1019 1732 1070 Βομῧυλιὸς
1763 1019 1798 1057 δὲ
1829 1019 1868 1057 τὸ
1900 1019 2015 1058 στενὸν
2043 1019 2193 1069 ἔκπωμα
2215 1019 2275 1067 καὶ
2293 1018 2447 1072 βομὸοῧν

1411 1083 1444 1120 ἐν
1463 1084 1505 1132 τῇ
1526 1079 1649 1126 πόσει,
1672 1080 1718 1123 ὡς
1738 1077 1952 1124 Ἀντισθένης
1969 1079 2003 1116 ἐν
2021 1080 2287 1131 Προτρεπτικῷ.

1465 1139 1619 1189 (Pollux
1637 1137 1704 1184 VI,
1733 1138 1792 1184 16,
1808 1138 1875 1188 98.
1895 1137 2083 1175 Similiter
2102 1137 2203 1175 idem
2216 1136 2266 1184 X,
2287 1151 2350 1188 19,
2373 1138 2448 1176 68:

1409 1198 1449 1236 τὸ
1467 1196 1502 1236 δὲ
1522 1197 1737 1247 καλούμενον
1757 1195 1933 1248 κυρίλλιον
1964 1196 2050 1247 πρὸς
2075 1197 2143 1233 τῶν
2163 1195 2330 1236 Ἀσιανῶν
2352 1198 2448 1248 βομ-

1413 1255 1529 1294 6υλιὸν
1552 1254 1615 1305 μὲν
1635 1253 1851 1300 Ἀντισθένης
1883 1253 2020 1305 εἴρηκεν
2040 1256 2074 1293 ἐν
2102 1256 2153 1306 τῷ
2180 1256 2448 1307 Προτρεπτικῷ.
2489 1262 2493 1266 ”

1410 1314 1498 1353 vid.
1521 1313 1649 1353 Schol.
1670 1313 1719 1351 ad
1740 1313 1870 1364 Apoll.
1896 1312 2020 1352 Rhod.
2042 1312 2095 1363 ΙΙ,
2119 1313 2190 1361 571
2211 1321 2250 1351 et
2275 1312 2448 1352 Erotian.
2470 1343 2472 1346 >

1411 1386 1450 1423 p.
1475 1377 1546 1416 104
1569 1371 1628 1409 ed.
1659 1370 1793 1410 Franz.
1817 1371 1901 1408 Huc
1930 1372 2043 1409 etiam
2079 1372 2273 1423 pertinent
2291 1383 2336 1410 ea
2365 1384 2452 1423 quae

1413 1431 1525 1469 affert
1556 1430 1763 1468 Athenaeus
1794 1428 1866 1469 lib.
1887 1429 1956 1477 XI,
1987 1444 2027 1479 p.
2052 1431 2126 1478 784
2151 1429 2181 1468 C
2206 1442 2215 1469 :
2248 1428 2451 1481 βομὸυλιός·

1413 1489 1605 1541 θηρίκλειον
1626 1486 1820 1527 Ῥοδιακόν.
1881 1481 1935 1526 Οῧ
1953 1487 2032 1539 περὶ
2059 1490 2119 1534 τῆς
2147 1488 2239 1531 ἰδέας
2259 1487 2453 1540 Σωκράτης

1413 1546 1516 1601 φησίν
1538 1565 1553 1581 α
1574 1548 1605 1585 οἱ
1627 1545 1689 1596 μὲν
1710 1547 1750 1585 ἐκ
1775 1546 1900 1597 φιάλης
1931 1545 2085 1590 πίνοντες
2114 1545 2194 1585 ὅσον
2218 1545 2355 1585 θέλουσι
2382 1546 2451 1585 τά·

1412 1607 1506 1657 χιστ’
1527 1605 1861 1656 ἀπαλλαγήσονται,
1880 1606 1911 1642 οἱ
1939 1604 1974 1643 δὲ
1995 1605 2035 1642 ἐκ
2061 1604 2251 1655 βομὸυλιοῦ
2273 1603 2364 1643 κατὰ
2391 1619 2454 1655 μι-

1414 1664 1493 1715 κρὸν
1514 1663 1708 1707 στάζοντες.
1723 1663 1847 1698 »Sunt
1863 1665 1930 1710 qui
1946 1663 2209 1699 Antisthenen)
2225 1663 2458 1700 abinoen-ne

1415 1722 1456 1760 in
1476 1722 1629 1759 Helenae
1650 1719 1871 1758 laudatione
1900 1718 2178 1769 reprehensum
2201 1730 2284 1756 esse
2302 1725 2450 1770 putent.

1416 1780 1480 1818 Sic
1498 1781 1601 1817 enim
1623 1779 1689 1816 ille
1704 1791 1744 1829 p.
1767 1777 1840 1814 233
1856 1776 1916 1815 ed.
1931 1776 2108 1816 Bekker.:
2125 1777 2194 1814 τῶν
2210 1776 2272 1826 μὲν
2290 1776 2358 1828 γὰρ
2376 1774 2455 1820 τοὺς

1418 1837 1628 1889 βομὸυλιοὺς
1647 1837 1707 1875 καὶ
1722 1834 1797 1878 τοὺς
1816 1834 1903 1878 ἅλας
1921 1833 1981 1872 καὶ
1996 1834 2041 1873 τὰ
2059 1838 2202 1873 τοιαῦτα
2220 1834 2456 1886 βουληθέντων

1416 1897 1566 1934 ἐπαινεῖν
1598 1894 1708 1938 οὐδεὶς
1735 1893 1878 1931 πώποτε
1906 1893 2017 1944 λόγων
2044 1892 2238 1944 ἠπόρησεν,
2259 1894 2291 1932 οἱ
2319 1892 2356 1932 δὲ
2374 1891 2457 1944 περὶ

1415 1957 1484 1993 τῶν
1512 1954 1795 2005 ὁμολογουμένων
1825 1953 1963 2003 ἀγαθῶν
1993 1949 2016 1997 ἢ
2044 1952 2160 1990 καλῶν
2192 1951 2216 1999 ἢ
2241 1951 2310 1990 τῶν
2337 1952 2456 2005 διαφε-

1417 2013 1544 2066 ρόντων
1569 2013 1626 2052 ἐπ’
1654 2014 1761 2064 ἀρετῇ
1787 2010 1898 2061 λέγειν
1927 2009 2208 2063 ἐπιχειρήσαντες
2231 2008 2318 2050 πολὺ
2346 2025 2456 2049 κατα·

1415 2070 1591 2123 δεέστερον
1611 2073 1679 2109 τῶν
1698 2069 1925 2121 ὑπαρχόντων
1952 2068 2101 2112 ἅπαντες
2117 2068 2310 2121 εἰρήκασιν.
2341 2067 2452 2108 Cons-

1416 2131 1438 2180 §
1466 2144 1502 2169 1.
1525 2135 1559 2174 4.
1582 2130 1636 2180 8.)

1472 2201 1516 2228 19.
1551 2187 1761 2235 Ἀντισθένης
1844 2186 1903 2225 καὶ
1932 2188 1966 2225 ἐν
1992 2187 2246 2239 Προτρεπτικῷ
2271 2183 2308 2223 δὲ
2333 2201 2350 2220 α
2380 2184 2456 2224 ἀντὶ

1417 2247 1610 2300 δελφακίων
1629 2246 1870 2298 τρέφεσθαι.»

1471 2306 1690 2356 (Athenaeus
1706 2304 1778 2344 lib.
1800 2304 1901 2351 XIV,
1922 2318 1960 2355 p.
1986 2303 2062 2340 656
2082 2302 2138 2352 F.)

1471 2376 1521 2403 20.
1552 2362 1754 2415 Ουροδόκην
1791 2378 1854 2408 την
1887 2361 1995 2413 ἀμίδα
2039 2361 2217 2412 Ξενοφων,
2242 2344 2388 2413 οὖρηρον
2422 2358 2459 2398 δὲ

1424 2421 1519 2472 βίκον
1540 2420 1763 2468 Ἀντισθένης.
1815 2449 1817 2451 v

1476 2481 1652 2531 (Photius
1672 2494 1709 2532 p.
1725 2482 1818 2526 361,
1841 2480 1919 2531 21.)

1425 2594 1538 2626 Cimon
1557 2602 1629 2625 cum
1651 2593 1793 2633 Elpinice
1807 2601 1914 2625 sorore
1928 2594 2038 2624 contra
2049 2592 2103 2632 jus
2116 2592 2227 2633 fasque
2238 2600 2306 2624 rem
2328 2591 2440 2624 habuit
2450 2614 2460 2632 ,

1423 2651 1591 2697 acdeinde
1613 2643 1720 2692 postea
1744 2650 1814 2682 haec
1833 2650 1941 2683 Calliae
1965 2651 1998 2683 in
2024 2649 2262 2682 matrimonium
2289 2649 2363 2682 data
2392 2650 2460 2690 est,

1424 2710 1538 2742 marito
1558 2709 1591 2741 in
1606 2708 1752 2742 exsilium
1770 2709 1872 2750 ejecto
1885 2733 1895 2749 ,
1910 2709 2046 2742 Pericles·
2067 2709 2187 2742 reditus
2202 2709 2272 2748 ejus
2283 2708 2462 2740 mercedem

1424 2768 1629 2813 concubitum
1649 2776 1722 2800 cum
1739 2767 1881 2809 Elpinice
1896 2767 2030 2809 accepit.

1782 2846 1814 2876 4.
1837 2852 1875 2876 ex
1894 2844 2102 2885 Protreptico.

1471 2925 1518 2955 17.
1542 2920 1605 2953 Hic
1621 2920 1712 2954 initio
1730 2920 1862 2962 quidem
1879 2921 2028 2961 Gorgiam
2047 2921 2206 2953 rhetorem
2219 2919 2364 2952 audivit:
2378 2917 2464 2952 unde

1426 2979 1510 3011 etin
1527 2979 1660 3020 dialogis
1685 2979 1822 3012 oratorio
1856 2979 1982 3011 dicendi
2011 2987 2125 3019 genere
2151 2978 2260 3018 utitur,
2289 2977 2463 3019 praesertim

1427 3037 1460 3070 in
1480 3038 1560 3070 libro
1575 3038 1616 3070 de
1629 3038 1769 3071 veritato
1784 3039 1879 3078 atque
1895 3038 1926 3070 in
1944 3030 2236 3070 Admonitionibus.

1473 3099 1519 3128 18.
1541 3096 1726 3138 Bombylius
1738 3096 1914 3138 appellatur
1924 3096 2071 3138 poculum
2081 3096 2209 3137 angusti
2220 3095 2284 3128 oris
2293 3095 2327 3142 in
2336 3094 2464 3136 potione

1428 3153 1581 3188 bombum
1601 3153 1719 3188 faciens
1730 3180 1740 3195 ,
1758 3156 1794 3188 ut
1810 3154 2009 3187 Antisthenes
2027 3154 2059 3186 in
2080 3152 2276 3194 Protreptico
2291 3150 2401 3184 tradit.

1472 3216 1521 3246 19.
1546 3214 1752 3247 Antisthenes
1764 3213 1882 3247 veroin
1895 3213 2094 3254 Protreptico
2103 3211 2181 3244 dicit
2195 3224 2203 3244 :
2217 3219 2283 3253 pro
2297 3209 2463 3251 porcellis
2488 3237 2493 3243 .

1431 3274 1575 3305 nutriri.
1589 3286 1604 3301 υ
2021 3265 2024 3268 ’

1473 3337 1522 3364 20.
1548 3332 1656 3365 Urinal
1675 3333 1825 3365 matulam
1848 3340 1919 3365 esse
1938 3332 2008 3364 vult
2026 3330 2222 3372 Xenophon,
2241 3326 2342 3362 urinae
2359 3329 2466 3362 autem

1432 3391 1669 3432 receptaculum
1687 3391 1902 3424 Antisthenes.
