2606 3828
360 225 435 256 382
830 206 834 211 '
1090 219 1393 260 cYMcossUM
1424 223 1755 268 FRAGMENTA.

358 301 672 339 καταδυναστεῦσεῑ
689 317 722 339 ῒῑ
744 301 885 347 λεληθὸς
906 301 1010 338 αὐτοῦ
1028 300 1222 353 Εἷμαρμένη
1243 317 1396 354 πεπρω-
1459 323 1558 347 σαντι
1574 310 1606 347 δ’
1620 311 1713 364 αὐτῷ
1728 312 1862 350 ἐπεῖναι
1877 312 2033 364 ἀνάγκην
2052 313 2204 367 ἄφυκτον
2220 317 2286 355 ὑπὸ
2299 321 2359 356 τοῦ
2376 317 2501 371 φύντος

355 358 456 409 μένη,
477 359 642 413 διαφορὰν
661 359 798 412 ἑκάστῳ
817 361 913 408 ὑμῶν
932 358 1064 411 ἔχουσα
1076 388 1086 407 ,
1102 361 1152 412 τῷ
1174 358 1236 410 μὲν
1251 361 1291 398 ἐκ
1308 364 1396 411 θεοῦ,

353 421 403 470 τῷ
432 418 468 457 δὲ
495 420 535 458 ἐκ
553 422 616 466 τῆς
638 421 705 457 τῶν
737 420 869 470 μικρῶν
897 417 1035 456 ἐκείνων
1056 417 1227 469 σωμάτων
1244 421 1314 458 τῶν
1336 436 1396 472 φε-

353 477 505 530 ρομένων
526 478 623 517 κάτω
654 478 712 516 καὶ
734 475 1031 526 ἀναπαλλομένων
1056 476 1129 515 ἄνω
1149 477 1207 515 καὶ
1228 481 1394 530 περιπλε-

350 534 505 586 κομένων
526 534 586 574 καὶ
609 533 843 586 διαλυομένων
866 533 924 572 καὶ
950 534 1183 585 διισταμένων
1202 535 1261 575 καὶ
1281 553 1395 591 παρα-

347 593 533 645 τιθεμένων
553 592 586 637 ἐξ
602 592 775 642 ἀνάγκης;
789 591 877 631 Ἰδοὺ
897 591 964 645 γὰρ
981 586 1137 647 ᾧτρόπῳ
1157 597 1258 646 ἡμῶν
1278 598 1393 637 αὐτῶν

347 654 627 704 ἀντειλήμμεθα,
658 650 769 703 τούτῳ
803 650 862 689 καὶ
894 652 963 689 τῶν
996 653 1030 690 ἐν
1058 655 1143 704 ἡμῖν
1178 653 1390 707 αὐθαιρέτων

347 711 407 749 καὶ
437 710 573 763 βιαίων.
632 710 685 749 Οὖ
705 709 829 756 λέληθε
853 708 888 748 δὲ
906 711 1001 760 ἡμᾶς
1019 710 1099 750 ὅσον
1114 711 1154 750 τὸ
1173 712 1302 764 μεταξὺ
1327 717 1390 754 τοῦ

349 769 498 821 βαδίζειν
532 767 602 806 καῖ
622 772 682 807 τοῦ
704 767 870 828 ἄγεσθαι,
902 768 981 807 οὐδὲ
1015 769 1098 809 ὅσον
1131 774 1192 809 τοῦ
1215 773 1389 825 αἱρεῖσθαι

343 827 402 866 καὶ
425 830 484 866 τοῦ
508 825 775 876 ἀναγκάζεσθαι.
839 827 908 866 (Ων
937 827 974 867 δὲ
994 827 1095 868 ἕνεκα
1123 834 1233 870 ταῦτα
1255 832 1389 884 προσή-

343 901 449 937 νεγκα
482 887 531 938 τῷ
559 885 675 937 λόγῳ;
697 885 783 925 '‘On
809 902 849 926 σε
880 886 1104 940 ἐκπέφευγεν,
1137 882 1166 927 ‹T›
1187 890 1313 940 μάντι,
1338 886 1386 931 ῶν

341 943 455 998 κύριοί
474 945 577 993 ἐσμεν
595 947 696 995 ἡμεῖς
708 974 717 991 ,
731 944 791 984 καὶ
810 947 828 983 ὁ
844 944 888 984 τὰ
898 946 1015 984 πάντα
1036 946 1133 992 εἰδὼς
1146 949 1257 987 ταῦτά
1272 966 1310 1001 γε
1327 953 1389 990 οὐκ

339 1003 379 1042 ἂν
400 1003 524 1051 εἰδείης
537 1035 548 1055 ,
570 997 618 1041 ῶν
638 1003 682 1041 τὰ
696 1003 879 1055 πείσματα
900 1007 1053 1052 ἀνῆπται
1075 1007 1114 1044 ἐκ
1132 1009 1196 1054 τῆς
1214 1007 1389 1059 ἡμετέρας

340 1062 549 1114 βουλήσεως.
609 1062 707 1110 Αὕτη
729 1063 765 1101 δέ
795 1079 836 1115 γε
867 1062 1029 1116 ἐφαίνετο
1049 1067 1110 1103 οὐκ
1141 1064 1267 1118 ὀλίγων
1292 1061 1380 1106 οἷο-α

337 1121 555 1173 πραγμάτων
591 1121 698 1173 ἀρχή·
719 1120 756 1160 ὃν
775 1121 812 1160 δὲ
836 1125 858 1169 ἡ
880 1121 997 1174 ἀρχή,
1026 1122 1102 1170 ἥτις
1133 1117 1176 1171 ἧν
1201 1126 1272 1162 τῶν
1295 1125 1385 1175 μετὰ

335 1184 447 1219 ταῦτα
468 1180 586 1228 αἰτία,
616 1179 848 1232 ἐκπέφευγεν,
869 1175 892 1229 ἦ
914 1180 982 1219 πού
1002 1197 1041 1233 γε
1064 1181 1108 1220 τὰ
1129 1182 1220 1233 μετὰ
1239 1182 1302 1232 τὴν
1323 1186 1385 1238 ἀρ-

333 1237 400 1290 χὴν
431 1238 535 1285 εἰδείη
560 1238 599 1277 ἂν
633 1233 754 1283 οὗτος·
802 1239 1049 1293 Ἀναίσχυντος
1076 1241 1211 1290 δηλαδὴ
1231 1244 1249 1280 ὁ
1281 1243 1382 1297 Λαίῳ

332 1297 674 1349 προμαντευόμενος,
698 1298 751 1336 ὅτι
769 1299 872 1338 αὐτὸν
887 1300 1100 1338 ἀποκτενεῖὁ
1121 1300 1199 1353 φύς.
1219 1299 1380 1352 Ἤμελλε

333 1356 401 1408 γάρ
421 1372 488 1395 που
514 1359 532 1396 ὁ
553 1356 614 1409 φὺς
629 1357 746 1409 κύριος
765 1356 906 1396 ἔσεσθαι
931 1360 995 1405 τ’ῆς
1015 1360 1139 1398 ἑαυτοῦ
1157 1359 1377 1411 βουλήσεως,

332 1415 393 1454 καὶ
426 1415 505 1454 οὔτε
537 1432 589 1461 τις
610 1416 787 1456 Ἀπόλλων
800 1449 810 1467 ,
850 1416 929 1455 οὔτε
965 1433 1016 1461 τις
1055 1418 1161 1456 αὐτοῦ
1195 1417 1381 1472 ὑπέρτερος

334 1474 542 1518 ἐξικνεῖσθαι
574 1473 689 1519 ἱκανὸς
723 1476 871 1530 οὐδεμιᾷ
903 1475 1072 1525 δυνάμει,
1107 1469 1154 1514 ῶν
1187 1477 1249 1515 οὐκ
1284 1476 1379 1517 ἔστιν

331 1531 410 1571 οὔτε
433 1532 599 1585 ὓπαρξις,
631 1532 710 1571 οὔτε
740 1532 908 1585 γενέσεως
928 1532 1078 1586 ἀνάγκη.
1159 1534 1295 1574 Ἐκεῖνο
1311 1536 1379 1589 γὰρ

330 1591 372 1639 δὴ
407 1591 446 1631 τὸ
477 1590 826 1644 καταγελαστότατον
848 1591 1014 1631 ἁπάντων
1028 1623 1040 1641 ,
1063 1592 1248 1653 τὸημῒγμα
1274 1594 1335 1632 καὶ
1354 1597 1395 1642 ἡ,

330 1650 471 1695 σύνοδος
487 1654 546 1689 τοῦ
569 1650 629 1689 καὶ
653 1650 711 1690 ἐπὶ
731 1655 802 1694 τοῖς
823 1649 1017 1702 ἀνθρώποις
1033 1667 1067 1690 τι
1093 1654 1202 1702 εἰναι,
1225 1652 1285 1691 καὶ
1308 1654 1377 1705 εἵρ-

331 1709 396 1759 μὸν
416 1708 514 1748 οὐδὲν
530 1704 633 1757 ἧττον
652 1703 752 1749 εἶναι.
823 1709 1076 1762 Προσεοικέναι
1097 1709 1164 1763 γὰρ
1188 1710 1307 1761 αὐτόν,
1330 1715 1376 1758 ὡς

328 1766 488 1818 λέγουσιν
506 1768 537 1805 οἱ
552 1766 767 1820 σοφώτεροι,
780 1770 830 1820 τῷ
848 1769 1062 1823 Εὐριπιδείῳ
1076 1770 1181 1823 λόγῳ·
1203 1774 1376 1810 τεκνῶσαι

329 1825 392 1875 μὲν
412 1825 479 1878 γὰρ
509 1827 671 1872 ἐθελῆσαι
688 1826 748 1865 τὸν
769 1826 904 1876 Λάϊον,
925 1827 1044 1880 κύριον
1065 1821 1155 1867 εἶναι
1172 1828 1231 1866 τὸν
1253 1830 1375 1878 Λάϊον,

327 1882 387 1921 καὶ
402 1886 502 1921 τοῦτο
520 1883 767 1938 ἐκπεφευγέναι
790 1884 854 1932 τὴν
874 1884 1111 1924 Ἀπολλωνίαν
1131 1886 1222 1939 ὄψιν·
1246 1887 1375 1926 τεκνώ-

325 2042 378 2074 ubi
397 2044 506 2074 autem
523 2042 614 2075 aliter
631 2042 915 2084 existimaveritis,
937 2052 975 2075 eo
1003 2044 1163 2084 potentius
1188 2045 1249 2077 erit
1269 2045 1374 2077 occul·

323 2104 392 2133 tum
424 2101 531 2133 nescio
562 2100 661 2142 quid,
690 2101 812 2141 fatalis,
826 2101 965 2142 inquam
978 2126 987 2142 ‚
1017 2102 1070 2134 illa
1090 2104 1282 2144 necessilas3
1312 2113 1375 2145 qna

321 2160 362 2193 de
390 2169 424 2192 re
445 2162 557 2193 tamen
578 2159 758 2201 dissidetis,
781 2169 883 2201 quum
907 2161 988 2193 alius
1003 2170 1075 2194 eam
1099 2171 1142 2194 ex
1158 2162 1293 2195 deorum
1313 2172 1372 2195 nu-

322 2218 425 2260 mine,
442 2219 524 2251 alius
552 2218 761 2259 eir-minimis
788 2218 850 2251 illis
881 2220 1081 2261 corpusculis
1107 2221 1249 2262 pondere
1275 2222 1370 2263 velit,

320 2286 394 2318 quae
427 2278 524 2310 modo
547 2277 698 2319 deorsum
720 2277 876 2319 ferantur,
902 2278 1000 2310 modo
1035 2280 1150 2311 contra
1173 2289 1299 2312 sursum
1319 2280 1370 2312 vi-

320 2337 464 2378 brentur,
486 2339 582 2378 atquc
597 2338 755 2378 ejusmodi
777 2338 853 2378 sint,
873 2339 909 2372 ut
928 2339 1010 2372 inter
1029 2349 1065 2373 se
1086 2341 1180 2381 paulo
1193 2342 1267 2374 ante
1283 2350 1371 2374 coin-

321 2396 428 2437 missa,
447 2397 544 2437 paulo
564 2398 637 2438 post
655 2396 865 2439 dirimantur,
882 2407 919 2430 ac
935 2398 1079 2431 vicissim
1100 2399 1259 2440 disjuncta
1282 2401 1371 2442 prius

318 2463 419 2494 quum
431 2458 547 2493 essent,
560 2455 738 2488 necessario
751 2456 959 2497 postmodum
976 2460 1231 2499 conjungantur?
1244 2460 1369 2492 Etenim

317 2522 382 2552 quo
398 2513 493 2545 modo
507 2522 566 2545 nos
579 2513 667 2554 ipsos
683 2515 919 2555 cognoscimus,
935 2516 1049 2548 eodem
1066 2517 1158 2558 plane
1172 2519 1368 2558 spontaneos

317 2574 350 2603 et
379 2572 537 2604 violentos
562 2572 661 2604 animi
689 2573 792 2605 nostri
823 2576 930 2606 motus
957 2575 1164 2615 percipimus.
1187 2578 1297 2620 Neque
1310 2586 1369 2612 nos

319 2630 458 2670 profecto
474 2631 562 2670 latet,
579 2633 736 2671 quantum
751 2631 833 2667 inter
848 2641 921 2668 eum
942 2633 996 2676 qui
1024 2641 1138 2677 sponte
1159 2637 1303 2678 incedat,
1336 2642 1369 2671 et

317 2697 391 2724 cum
410 2688 465 2733 qui
490 2694 614 2734 agatur,
640 2694 799 2734 quantum
825 2693 906 2726 inter
921 2703 997 2727 eum
1019 2695 1075 2736 qui
1093 2696 1208 2736 eligat,
1240 2698 1271 2729 et
1288 2706 1364 2729 eum

317 2751 373 2791 qui
391 2755 523 2791 cogatur
538 2751 676 2784 intersit.
712 2754 779 2785 Gur
792 2755 900 2785 autem
915 2753 986 2786 haec
1002 2755 1221 2795 superioribus
1241 2756 1365 2796 adjeci?

317 2809 411 2849 Fugit
427 2810 460 2841 te
481 2809 652 2850 nimirum,
671 2810 754 2843 bone
769 2813 859 2843 vates
870 2834 880 2852 ‚
897 2820 1034 2852 quarum
1048 2821 1155 2845 rerum
1174 2815 1364 2855 potestatem

318 2866 504 2907 babeamus,
521 2868 620 2908 tuque
636 2867 689 2900 ille
702 2868 759 2908 qui
772 2870 887 2901 cuncta
897 2869 1000 2910 nosti,
1013 2879 1054 2903 ne
1071 2879 1107 2903 ea
1119 2871 1252 2912 quidem
1267 2875 1363 2914 nosti,

317 2934 390 2965 quae
398 2928 508 2958 nostra
521 2934 563 2958 ex
574 2926 741 2959 voluntate
752 2930 906 2968 tanquam
922 2937 962 2960 ex
975 2916 1161 2962 'retinaculis
1170 2931 1364 2972 quibusdam

316 2994 469 3027 suspensa
482 2987 568 3019 sunt.
578 2986 673 3027 Atqui
682 2986 766 3019 hanc
778 2988 954 3021 multarum
967 2998 1075 3022 rerum
1088 2990 1279 3032 principium
1295 3001 1364 3026 esse

317 3046 474 3077 constat:
506 3053 603 3086 quem
630 3046 740 3079 autem
756 3055 868 3079 eorum
884 3056 957 3087 quae
983 3052 1094 3088 postea
1121 3053 1363 3092 consequuntur

316 3103 508 3145 principium
530 3107 564 3137 et
593 3113 692 3136 causa
710 3104 801 3145 latet,
818 3104 846 3137 is
865 3104 1016 3138 videlicet
1030 3115 1068 3139 ea
1093 3117 1167 3148 quae
1186 3117 1228 3141 ex
1247 3110 1361 3153 eodem

316 3160 401 3192 sonte
428 3164 563 3193 manant
592 3161 759 3202 intelligat.
782 3161 957 3202 Impudens
983 3171 1098 3204 nempe
1117 3165 1195 3205 suit,
1216 3166 1362 3208 quisquis

315 3218 392 3251 Laio
409 3219 577 3260 praedixit,
597 3228 672 3252 eum
694 3229 713 3252 a
738 3220 800 3252 tilio
822 3220 1025 3253 interfectum
1050 3222 1101 3254 iri.
1131 3226 1249 3257 Potens
1276 3226 1360 3258 enim

315 3277 379 3309 sere
409 3278 585 3311 voluntatis
611 3288 678 3312 suae
704 3279 789 3312 filius
810 3280 872 3313 iste
899 3280 1026 3313 tuturus
1046 3283 1133 3323 erat,
1177 3292 1282 3325 neque
1306 3286 1360 3318 vel

315 3336 426 3376 Apollo
446 3337 495 3368 vel
508 3337 655 3378 Apolline
672 3339 843 3380 quisquam
859 3339 1004 3380 superior
1020 3339 1086 3372 ulla
1106 3342 1220 3374 mentis
1240 3343 1271 3374 vi
1288 3343 1358 3376 illas

315 3402 365 3425 res
379 3395 551 3436 complecti
567 3398 691 3437 potest,
715 3406 789 3439 quae
814 3406 873 3431 nec
894 3398 958 3430 sint
973 3398 1054 3439 ipsae
1069 3408 1128 3432 nec
1152 3401 1250 3433 ullam
1267 3405 1358 3435 ortus

314 3451 365 3485 sui
395 3453 615 3487 necessitatem
647 3455 795 3490 habeant.
840 3458 920 3490 Nam
958 3457 1012 3490 illa
1046 3458 1177 3499 quidem
1210 3459 1353 3495 omnium

1457 367 1558 407 αὐτὸν
1599 370 1797 409 ἀποθανεῖν·
1833 369 1942 415 οὕτως
1974 364 2034 410 οὗν
2067 373 2131 421 τὴν
2159 373 2218 412 ἐπὶ
2254 377 2305 428 τῷ
2335 375 2500 426 μέλλοντι

1456 425 1612 478 ἀνάγκην
1649 428 1816 505 παρέέειν
1839 431 1890 483 τῷ
1920 429 2045 481 μάντει
2081 430 2146 479 τὴν
2172 436 2234 472 τοῦ
2263 434 2500 488 γενησομένω

1455 486 1701 538 προαίσθησιν.
1754 491 1808 528 Ην
1829 489 1866 528 δέ
1889 504 1955 529 που
1978 490 2037 529 καὶ
2055 492 2074 529 ὁ
2093 490 2157 545 φὺς
2176 494 2238 540 τῆς
2256 493 2347 539 ἰδίας
2369 496 2500 548 βουλή-

1455 559 1543 590 σεως
1561 545 1675 600 κύριος
1689 577 1700 599 ,
1725 547 1843 602 ὥσπερ
1861 551 1879 587 ὁ
1906 548 2027 602 φύσας·
2049 548 2110 588 καὶ
2136 553 2182 596 ὡς
2201 552 2330 598 ἐκεῖνος
2348 557 2410 593 τοῦ
2438 569 2500 593 τε-

1453 606 1586 644 κνῶσαι
1605 605 1666 645 καὶ
1687 606 1738 657 μή
1751 635 1763 655 ,
1785 606 1896 652 οὕτως
1922 602 2020 652 οὗτος
2038 611 2099 647 τοῦ
2128 610 2332 650 ἀποκτεῖναι
2349 611 2411 650 καὶ
2429 611 2496 662 μή.

1454 663 1488 702 Τ
1489 666 1611 703 οιαῦτα
1633 664 1668 705 δὲ
1690 667 1786 716 ὑμῶν
1803 667 1848 705 τὰ
1869 665 2099 718 μαντεύματα
2124 667 2254 707 πάντα·
2272 668 2334 709 καὶ
2356 671 2375 708 ὁ
2392 670 2501 723 Εὔρι-

1451 721 1581 767 πίδειος
1601 723 1779 763 Ἀπόλλων
1801 725 1895 764 τοῦτ’
1914 726 2024 765 ἐκεῖνο
2047 719 2090 774 ἧν
2110 726 2129 764 ὃ
2143 725 2275 780 ἔλεγεν,
2293 727 2333 768 τὸ

1533 834 1598 866 Καὶ
1613 837 1673 873 πᾶς
1686 835 1741 873 σὸς
1761 836 1847 874 οἶκος
1861 837 1992 878 βήσεται
2015 838 2054 870 δι’
2073 839 2223 881 αἵματος,

1450 934 1503 973 ὅτι
1523 935 1680 990 πήρωσις
1697 937 1759 988 μὲν
1777 937 1876 976 ἔσται
1892 939 2094 994 αὐτοχειρίᾳ
2107 944 2166 979 τοῦ
2178 939 2302 994 φύντος
2317 934 2375 980 ἐπὶ
2390 941 2497 996 γάμῳ

1451 994 1582 1047 μητρὸς
1614 996 1673 1034 καὶ
1703 997 1880 1048 τυραννίδι
1905 997 1949 1045 ἢν
1976 998 2178 1052 παρέλαὸεν
2203 1001 2259 1038 ἐπ’
2290 1000 2497 1053 αἰνίγματος

1450 1054 1573 1103 λύσει,
1601 1055 1737 1094 παίδων
1756 1055 1793 1094 δὲ
1819 1057 2067 1105 ἀλληλοκτόνοι
2088 1058 2221 1112 σφαγαὶ
2238 1059 2302 1106 ἐπὶ,
2315 1063 2408 1113 φυγῇ
2433 1058 2496 1112 μὲν

1449 1115 1488 1152 ἐκ
1507 1116 1568 1160 τῆς
1589 1115 1700 1166 ἀρχῆς
1714 1117 1775 1153 τοῦ
1789 1114 1907 1169 ἑτέρου
1920 1147 1932 1168 ,
1947 1119 2010 1155 τοῦ
2029 1116 2066 1156 δὲ
2083 1118 2201 1171 ἑτέρου
2221 1118 2417 1173 πλεονεξίᾳ,
2436 1118 2497 1165 καὶ

1451 1171 1554 1224 γάμῳ
1575 1177 1634 1211 τοῦ
1661 1172 1813 1227 φυγάδος
1842 1175 1877 1212 ἐν
1899 1173 2041 1228 Ἄργει,
2065 1177 2126 1215 καὶ
2153 1176 2268 1231 στόλῳ
2290 1180 2496 1230 στρατηγῶν

1449 1230 1538 1269 ἑπτὰ
1558 1232 1834 1284 καταγελάστων
1854 1233 1915 1272 καὶ
1939 1234 2117 1286 συμὸολῇ·
2138 1229 2188 1274 ῶν
2209 1236 2267 1276 ἐπὶ
2282 1237 2416 1282 πολλὰς
2433 1240 2496 1290 ἀρ-

1448 1290 1515 1343 χὰς
1542 1290 1602 1330 καὶ
1636 1291 1790 1337 ἐξουσίας
1808 1293 2071 1346 διαιρουμένων,
2090 1296 2164 1340 πῶς
2191 1294 2234 1334 ἂν
2258 1289 2282 1348 ᾗ
2304 1311 2369 1351 σοι·
2384 1295 2497 1342 ἐξεπί-

1447 1353 1617 1398 στασθαι,
1637 1349 1661 1397 ἢ
1681 1353 1699 1389 ὂ
1719 1349 1836 1402 εἱρμὸς
1857 1352 1990 1391 συνδεῖν
2012 1352 2176 1405 δύναιτο;
2195 1355 2242 1393 Εἷ
2268 1354 2338 1408 γὰρ
2354 1356 2461 1395 αὖτοῦ
2477 1354 2495 1378 b

1445 1408 1561 1461 κύριος
1581 1407 1629 1447 ὢν
1650 1408 1699 1460 μὴ
1717 1409 1889 1459 ἓὸουλήθη
1910 1413 2089 1465 τυραννεῖν
2107 1413 2307 1459 ὁΟἷδίπους
2318 1442 2330 1463 ,
2349 1412 2374 1462 ἢ
2390 1417 2493 1454 τοῦτο

1445 1467 1626 1518 βουληθεὶς
1646 1467 1707 1506 καὶ
1726 1467 1862 1521 πράξας
1885 1475 2013 1521 γαμεῖν
2029 1470 2093 1519 τὴν
2115 1470 2296 1521 Ἰοκάστην
2322 1473 2361 1512 οὗ
2378 1473 2493 1525 προεί-

1441 1529 1541 1576 λετο,
1561 1526 1583 1574 ἢ
1604 1527 1722 1579 γήμας
1750 1527 1800 1580 μὴ
1827 1528 2024 1581 ε’τετύφωτο
2053 1529 2137 1582 μηδ’
2161 1525 2204 1579 ἦν
2227 1530 2399 1582 δύσθυμος
2431 1530 2492 1570 καὶ

1443 1586 1670 1638 δυσάρεστος,
1693 1588 1768 1631 πῶς
1782 1585 1824 1625 ἂν
1844 1587 1889 1626 τὰ
1906 1589 1983 1626 καθ’
2002 1587 2138 1629 ἕκαστα
2164 1590 2348 1644 ἐπράγθη;
2364 1592 2441 1635 πῶς
2457 1591 2487 1629 δ’

1441 1643 1483 1682 ἂν
1502 1646 1570 1683 τῶν
1592 1645 1781 1697 ὀφθαλμῶν
1801 1645 1918 1700 ἥψατο
1925 1662 1937 1695 3
1959 1649 2034 1692 πῶς
2057 1648 2090 1687 δ’
2105 1647 2148 1687 ἂν
2167 1650 2238 1694 τοῖς
2260 1650 2384 1689 παισὶν
2399 1651 2487 1698 ε’πη-

1441 1702 1574 1755 ράσατο
1596 1703 1659 1752 τὴν
1681 1705 1878 1758 Εὐριπίδου
1895 1706 1962 1745 ,καὶ
1982 1704 2045 1753 τὴν
2067 1706 2132 1754 σὴν
2157 1708 2268 1760 ἀράν;
2286 1707 2330 1747 τά
2347 1724 2387 1747 τε
2410 1708 2490 1756 ἑξῆς

1439 1762 1570 1802 τούτων
1589 1763 1668 1802 τίνα
1697 1763 1739 1803 ἂν
1759 1763 1886 1817 τρόπον
1909 1765 2081 1817 ἐγεγόνει,
2101 1766 2151 1818 μὴ
2166 1767 2346 1821 προτέρων
2365 1768 2486 1807 αἰτιῶν

1437 1822 1651 1874 γιγνομένων
1669 1823 1692 1870 ἢ
1713 1824 1755 1862 σύ
1779 1840 1813 1862 τι
1838 1824 1918 1877 περὶ
1946 1826 2015 1863 τῶν
2038 1826 2237 1876 μελλόντων
2263 1826 2377 1878 λέγειν
2399 1826 2489 1874 ἠδύ-
2553 1836 2555 1838 “

1437 1894 1542 1933 νασο,
1562 1882 1676 1921 Πάλιν
1699 1882 1730 1920 δ’
1750 1876 1794 1922 αὖ
1811 1884 1841 1921 εἷ
1861 1883 2057 1934 συμὸάντες
2075 1886 2106 1923 οἱ
2129 1886 2252 1930 παῖδες
2277 1884 2353 1937 ἅμα
2368 1885 2488 1925 &Gaet-

1435 2045 1577 2077 maxime
1596 2044 1732 2077 ridicula
1751 2046 1800 2077 est
1824 2045 2014 2086 temperatio
2031 2046 2066 2079 ct
2079 2054 2187 2078 rerum
2207 2045 2387 2088 colligatio,
2399 2047 2487 2089 quod

1437 2104 1524 2136 idem
1549 2105 1582 2136 et
1597 2103 1720 2145 aliquid
1748 2104 1779 2136 in
1807 2104 1975 2136 hominum
1992 2105 2150 2146 potestate
2166 2105 2267 2138 situm
2287 2114 2360 2139 esso
2378 2107 2413 2139 et
2434 2115 2486 2140 so·

1434 2164 1514 2196 riem
1531 2164 1641 2196 tamen
1667 2171 1838 2195 causarum
1862 2172 1934 2196 esse
1960 2163 2147 2197 defendunt.
2179 2165 2307 2206 Quippe
2329 2164 2433 2205 banc,
2450 2166 2487 2198 ut

1433 2231 1546 2256 eorum
1584 2222 1815 2263 sapientissimi
1846 2222 1977 2263 dicunt,
2011 2223 2051 2255 ad
2081 2222 2263 2264 Euripidem
2290 2223 2486 2256 narrationis
2523 2227 2531 2237 ¹

1432 2280 1675 2314 similitudinem
1702 2281 1865 2314 accedere.
1893 2283 1974 2314 Nam
1998 2282 2035 2314 ut
2051 2282 2147 2314 Laius
2175 2281 2293 2315 liberos
2319 2291 2484 2322 procreare

1432 2341 1546 2380 vellet,
1566 2340 1600 2372 id
1624 2339 1755 2382 quidem
1775 2340 1808 2372 in
1832 2340 1900 2373 Laii
1933 2343 2091 2382 potestate
2117 2340 2235 2382 fuisse,
2255 2342 2342 2382 quod
2372 2342 2482 2375 tamen

1431 2399 1606 2441 Apollineae
1622 2400 1738 2432 mentis
1758 2398 1860 2432 aciem
1884 2399 2002 2440 fugerit
2023 2408 2031 2428 =
2050 2399 2077 2431 si
2098 2407 2176 2432 vero
2191 2401 2386 2442 procrearet,
2411 2402 2482 2434 tum

1430 2458 1500 2499 ejus
1520 2458 1575 2499 qui
1590 2459 1775 2491 nasceretur
1787 2458 1936 2491 manibus
1950 2458 2057 2500 ipsum
2075 2458 2274 2492 ineluctabili
2286 2459 2480 2494 necessitate

1431 2516 1612 2558 periturum
1639 2529 1646 2550 :
1675 2517 1812 2559 ideoque
1835 2525 1942 2551 rerum
1968 2517 2151 2550 suturarum
2171 2518 2395 2551 necessitatem
2421 2517 2480 2552 de·

1430 2575 1514 2610 disse
1530 2576 1597 2609 vati
1616 2585 1727 2609 earum
1744 2576 2053 2618 praesentiendarum
2072 2576 2270 2610 facultatem.
2291 2577 2392 2618 Atqui
2413 2586 2478 2610 non

1429 2638 1536 2669 minus
1556 2644 1633 2668 sane
1650 2636 1734 2668 filius
1754 2635 1930 2669 voluntatis
1947 2645 2015 2668 suae
2029 2636 2144 2677 potens
2159 2644 2257 2677 quam
2273 2637 2363 2677 pater
2382 2638 2452 2669 erat
2466 2649 2476 2669 ε

1427 2697 1460 2728 ot
1476 2694 1596 2727 idcirco
1612 2695 1680 2727 tam
1698 2694 1823 2735 integra
1849 2694 1878 2726 ei
1897 2694 2038 2735 parentis
2065 2693 2192 2734 caedes,
2221 2702 2320 2735 quam
2353 2693 2476 2736 parenti

1428 2754 1483 2786 filii
1502 2754 1681 2796 procreatio
1693 2753 1766 2787 t'uit.
1784 2755 1889 2795 Atque
1903 2752 2089 2793 hujusmodi
2102 2753 2213 2798 omxnia
2222 2754 2328 2785 vestra
2345 2753 2477 2787 oracula

1426 2814 1513 2847 sunt.
1526 2815 1595 2847 Nec
1611 2812 1754 2847 melioris
1772 2814 1858 2846 notae
1875 2812 1956 2854 fuit,
1974 2812 2062 2854 quod
2079 2810 2165 2845 hu'nc
2181 2812 2213 2844 in
2229 2811 2360 2844 modum
2378 2812 2473 2844 Euri·

1427 2872 1540 2913 pideus
1562 2871 1676 2912 Apollo
1695 2870 1863 2913 respondit
1880 2882 1890 2903 ι

1496 2968 1559 2995 Tun
1572 2953 1672 2995 omnis
1685 2965 1748 2995 alto
1760 2965 1906 3001 sanguine
1919 2964 2035 2994 natabit
2047 2964 2169 2995 domus.

1423 3047 1582 3080 Nimirum
1598 3047 1710 3081 oculos
1731 3047 1792 3081 sibi
1813 3048 1897 3081 tilius
1915 3048 1986 3081 suis
2005 3049 2074 3090 ipse
2090 3048 2239 3081 manibus
2252 3046 2395 3080 effodere
2413 3055 2470 3089 pa·

1422 3106 1526 3146 rabat,
1550 3108 1666 3148 partim
1686 3108 1904 3141 maternarum
1921 3107 2128 3150 nuptiarum,
2146 3107 2270 3148 partim
2281 3106 2352 3147 ejus
2370 3114 2469 3148 quam

1422 3166 1484 3199 sibi
1507 3167 1687 3208 aenigmatis
1703 3167 1865 3201 solutione
1880 3168 2055 3209 peperisset
2076 3167 2255 3209 tyrannidis
2281 3165 2469 3207 indignitate

1421 3225 1607 3260 stimulatus
1626 3239 1635 3260 ε
1659 3227 1776 3260 deinde
1790 3229 1912 3260 mutuae
1931 3227 2107 3260 liberorum
2125 3227 2271 3268 eiusdem
2287 3225 2407 3265 caedes,
2423 3224 2467 3258 ob

1420 3284 1549 3318 alterius
1567 3294 1666 3326 regno
1691 3286 1775 3328 pulsi
1799 3287 1960 3327 exsilium,
1983 3286 2115 3319 alterius
2132 3285 2284 3327 regnandi
2303 3283 2462 3326 cupidita·

1421 3346 1499 3385 tem,
1516 3345 1676 3386 simulque
1693 3345 1735 3378 ob
1753 3346 1874 3379 exsulis
1896 3346 2026 3387 nuptias
2047 3346 2138 3386 Argis
2159 3346 2258 3376 factas
2274 3344 2464 3384 septemque

1418 3401 1538 3434 ducum
1553 3403 1761 3437 ridiculorum
1773 3405 2008 3446 expeditionem
2026 3403 2332 3443 dimicationemque
2346 3411 2461 3436 conse-

1417 3463 1540 3495 euturae
1570 3465 1672 3495 erant.
1715 3463 1890 3498 Enimvero
1913 3472 2014 3504 quum
2036 3463 2069 3495 in
2088 3461 2176 3495 varia
2204 3461 2337 3503 imperia
2356 3461 2458 3494 diver-
