2638 3840
1030 242 1100 283 DE
1127 243 1410 286 sopflts'rls.

143 333 380 385 sempiterna
399 331 482 370 vita
501 331 708 383 praeditum
720 360 731 380 ,
750 333 893 384 partim
915 346 1010 371 vero
1029 342 1190 386 propter

142 391 313 431 materiae
330 390 610 444 perennitatem
635 399 864 444 perpetuum
875 421 887 439 ,
904 405 927 430 a
944 392 1052 431 vitiis
1073 394 1187 432 etiam

140 449 345 488 hominum
377 449 501 489 instar
519 463 599 489 non
624 450 811 489 immune.
869 451 1089 491 Heraclitus
1116 452 1188 491 ctsi

140 509 250 549 orbis
276 509 414 549 ducem
448 510 640 549 rationem
669 509 753 548 sive
794 518 959 548 mentem
991 523 1076 550 esse
1105 511 1190 549 vult

141 583 213 622 per
227 582 382 609 omnem
405 583 534 608 rerum
564 578 742 608 naturam
758 569 944 608 intentam
961 563 999 609 et
1023 583 1189 610 comme-

141 636 293 677 antem,
317 641 434 679 quam
456 629 571 668 etiam
593 627 707 667 Jovis
732 631 888 668 nomine
903 629 1072 681 appellat
1097 629 1150 682 (8)
1181 645 1190 668 :

142 696 268 726 tamen
283 696 459 727 veterum
475 688 635 727 deorum
652 688 879 739 dignitatem
894 702 972 727 non
986 689 1191 741 impugna·

139 744 222 795 vit,
238 745 372 783 omnia
400 746 620 785 animarum
643 759 687 784 ac
716 746 936 786 daemonum
968 746 1082 800 plena
1108 761 1191 787 esse

140 812 261 843 ratus.
301 803 448 844 Contra
462 806 710 845 Democritus
729 805 780 857 (9)
799 805 1035 846 immutabili
1053 817 1192 847 natura

140 862 236 902 solis
269 863 410 902 atomis
447 865 644 915 assignata
679 865 854 904 funditus
887 866 1045 906 sustulit
1080 867 1188 907 deos.

140 920 236 960 Nam
253 923 463 962 simulacra
482 924 658 976 quaedatn
680 924 832 973 divina,
852 938 940 977 quae
963 925 1192 967 hominibus

139 981 501 1034 appropinquarent
528 996 573 1022 ac
601 992 680 1022 tum
707 983 886 1023 benefica
915 992 996 1023 tum
1018 985 1192 1025 malefica

140 1049 283 1088 essent,
304 1042 467 1080 interire
486 1055 600 1094 posse
616 1042 894 1083 arbitrabatur.
925 1043 1189 1090 Quamobrem

140 1100 182 1139 in
198 1100 428 1140 enarrandis
443 1101 686 1141 carminibus
702 1102 922 1142 Homericis
940 1098 995 1142 it'a
1013 1114 1191 1145 versatus

141 1167 221 1207 est,
236 1167 280 1198 ut
298 1158 510 1210 allegorica
526 1159 852 1212 interpretatione
876 1174 939 1200 res
961 1161 1118 1202 divinas
1138 1164 1190 1202 it-

141 1217 339 1259 lustraret.
396 1218 525 1265 Quum
558 1219 680 1269 igitur
699 1218 839 1258 Jovem
869 1219 973 1259 Solis
1001 1220 1087 1259 loco
1111 1235 1192 1262 esse

141 1277 416 1326 contenderet,
436 1276 672 1316 ambrosiam
702 1291 775 1331 pro
802 1277 1018 1330 vaporibus
1046 1280 1192 1331 quibus

141 1335 207 1374 Sol
236 1336 452 1375 nutriretur
474 1335 611 1375 haberi
636 1345 818 1389 oportere
837 1338 982 1376 statuit.
1040 1338 1192 1379 Miner-

142 1408 230 1434 vam
253 1404 380 1434 autem
405 1395 652 1447 prudentiam
673 1409 758 1435 esse
776 1396 1038 1446 existimavit,
1060 1399 1189 1451 Τριτο-

141 1455 275 1506 γενείας
295 1467 436 1494 nomen
456 1468 479 1493 a
499 1453 628 1494 tribus
651 1454 880 1495 muneribus
894 1484 904 1503 ‚
920 1455 1065 1507 quibus
1094 1471 1189 1509 pru-

141 1513 273 1553 dentia
302 1513 483 1552 homines
523 1522 681 1564 augeret
710 1512 868 1552 ductum
909 1515 1187 1566 pronuntians.

139 1571 266 1612 Porro
294 1573 424 1611 nullos
461 1572 625 1611 omnino
665 1572 759 1611 deos
797 1585 881 1611 esse
914 1573 1188 1624 crediderunt,

139 1632 208 1684 qui
235 1631 385 1671 idcirco
414 1630 517 1671 athei
546 1630 804 1680 vocabantur,
827 1631 958 1684 Hippo
978 1634 1075 1685 (10),
1096 1635 1189 1673 Dia-

139 1703 256 1741 goras
285 1690 425 1730 Melius
451 1691 485 1742 (ι
497 1689 528 1743 ι)
549 1691 696 1743 aliique
715 1704 738 1730 a
756 1690 956 1730 veteribus
981 1692 1191 1745 impietatis

138 1749 357 1789 insimulati
378 1748 477 1802 (ια).
536 1748 710 1788 Fuerunt
731 1749 853 1800 igitur
869 1751 961 1789 satis
978 1751 1090 1790 multi
1109 1751 1188 1790 Ho-

140 1810 376 1849 mericorum
401 1808 564 1849 deorum
593 1817 873 1850 contemtores.
930 1810 1102 1849 Omnino
1129 1819 1191 1850 te—

139 1868 309 1908 nendum
358 1868 462 1908 circa
505 1867 602 1907 belli
649 1868 971 1921 Peloponnesiaci
1016 1878 1192 1922 tempora

138 1928 334 1967 neminem
357 1927 437 1966 sere
457 1926 576 1966 fuisse
597 1928 702 1979 apud
718 1926 877 1967 Graecos
890 1928 1090 1967 hominem
1109 1929 1190 1981 phi-

138 1986 320 2040 losophia
335 1995 373 2026 et
394 1986 538 2026 litteris
562 1986 821 2039 perpolitum,
848 1988 946 2039 quin
973 1987 1190 2040 repudiatis

138 2054 343 2099 poetarum
370 2054 409 2085 et
441 2045 637 2098 pictorum
673 2045 867 2098 portentis
897 2045 1091 2085 totamude
1114 2046 1192 2087 diis

138 2104 429 2145 immortalibus
443 2105 670 2157 opinionem
688 2118 710 2143 a
722 2105 820 2144 viris
838 2104 1083 2157 sapientibus
1095 2106 1190 2145 olim

138 2162 366 2217 reipublicae
384 2176 500 2203 causa
511 2164 639 2203 fictam
657 2172 837 2217 putaret,
855 2172 899 2202 ut
916 2163 985 2215 qui
1004 2164 1114 2203 nullo
1130 2178 1192 2204 ra·

137 2223 258 2263 tionis
274 2231 457 2275 tanquam
486 2222 595 2262 freno
616 2231 903 2269 coercerentur,
936 2234 1004 2261 eos
1030 2222 1079 2261 ad
1106 2224 1193 2263 offi-

138 2282 243 2323 cium
257 2282 399 2333 religio
411 2282 583 2322 duceret.
641 2282 715 2322 Sed
738 2283 856 2335 primi
874 2292 1007 2336 aperte
1024 2282 1191 2323 deorum

137 2351 316 2382 naturam
333 2341 536 2382 sustulisse
557 2341 766 2380 traduntur
781 2340 988 2394 Sophistae.
1047 2341 1102 2379 Ex
1129 2342 1191 2381 his

138 2399 372 2452 Protagoras
389 2399 469 2454 (13)
487 2409 602 2452 negat
613 2413 655 2440 se
674 2400 797 2447 scire,
820 2400 949 2439 sintne
968 2399 1024 2439 dii
1045 2412 1094 2438 an
1112 2413 1191 2439 non

137 2458 217 2500 sint
230 2460 414 2513 qualesve
430 2460 522 2508 sint,
537 2460 630 2512 quia
647 2468 723 2498 tam
740 2460 796 2499 rei
817 2460 1037 2499 obscuritas
1048 2488 1059 2506 ,
1074 2473 1190 2511 quam

137 2520 229 2560 vitae
257 2520 434 2559 humana
452 2518 625 2559 brevitas
658 2532 731 2558 nos
759 2519 800 2558 id
829 2520 930 2558 scire
966 2519 1185 2572 prohibeat.

136 2577 328 2619 Prodicus
343 2578 444 2619 Ceus
467 2578 544 2632 (14)
560 2591 606 2617 ea
624 2591 712 2630 quae
726 2578 956 2631 prodessent
988 2578 1188 2618 hominum

137 2637 231 2676 vitae
245 2636 407 2677 deorum
425 2637 469 2677 in
489 2650 654 2676 numero
678 2636 811 2676 habita
830 2650 914 2676 esse
931 2637 1045 2676 dixit.
1104 2638 1190 2677 Cri-

139 2694 213 2735 tias
231 2694 314 2749 (15)
333 2709 355 2735 a
371 2695 513 2749 primis
532 2709 663 2736 rerum
685 2695 933 2749 publicarum
957 2697 1189 2746 rectoribus,

137 2768 218 2807 quo
237 2755 391 2795 facilius
410 2754 515 2806 leges
531 2755 700 2795 conditae
723 2754 1044 2803 observarentur,
1064 2756 1189 2795 homi-

138 2826 230 2853 num
261 2814 414 2854 animos
439 2814 582 2867 pietate
612 2823 651 2854 et
682 2814 873 2865 religione
906 2814 1077 2854 imbutos
1107 2829 1192 2854 esse

137 2873 207 2914 ait.
268 2872 398 2913 fuisse
423 2874 528 2912 enim
551 2874 634 2913 illis
667 2886 919 2926 persuasum,
941 2874 973 2913 si
1004 2875 1191 2913 interesse

137 2931 254 2973 rebus
288 2931 470 2972 humanis
498 2933 653 2972 coeleste
687 2946 830 2971 numen
878 2947 922 2971 ac
956 2932 1179 2971 mortalium

140 3079 157 3112 1
180 3088 212 3121 ρ.
231 3080 333 3114 ΧΥΙΙ.
351 3096 393 3106 -
416 3082 460 3122 (1)
480 3080 564 3115 Phil.
591 3082 695 3116 Grec.
729 3083 855 3124 ruam.
881 3082 946 3115 vol.
975 3084 989 3116 1
1006 3091 1037 3123 p.
1057 3085 1128 3116 ³1³.
1149 3102 1189 3111 —

141 3126 189 3167 (9)
213 3126 353 3169 copto-e
366 3126 407 3160 de
433 3126 484 3160 tut·
501 3127 598 3162 rebus
614 3128 779 3168 disputavi
801 3128 842 3161 ad
868 3128 1044 3162 Democriti
1073 3129 1190 3170 fragm.

61 3151 76 3182 ’ἐξ
141 3181 175 3216 p.
192 3177 254 3208 ⁴00
270 3183 360 3216 seqq.
380 3175 503 3217 -(10)
517 3174 591 3209 vtd.
604 3175 688 3209 Ptut.
705 3178 810 3210 Groec.
831 3178 957 3216 Fragm-
978 3175 1040 3208 vot.
1061 3177 1074 3208 t
1088 3184 1120 3218 p.
1135 3180 1188 3210 ut.

139 3237 181 3246 —
197 3221 264 3262 (11)
280 3221 354 3255 vid.
370 3222 495 3256 Fotide..
512 3223 665 3257 Btbttottn.
683 3225 787 3257 Grec.
817 3224 881 3257 vot.
902 3225 932 3257 11
951 3232 1023 3265 pag.
1041 3226 1102 3257 856
1116 3233 1185 3266 seq.

78 3278 81 3279 ⁷
139 3267 192 3302 etl.
207 3268 332 3302 unctu.
351 3269 441 3303 Addo
463 3270 551 3304 netu
572 3272 714 3305 [anteon
735 3271 810 3304 hist.
827 3273 859 3303 et
875 3271 946 3304 crit.
966 3279 997 3303 v.
1022 3271 1189 3311 numu.

140 3332 183 3341 —
195 3317 263 3357 (12)
275 3318 316 3350 At
324 3325 438 3351 omnes
447 3316 526 3351 tcto·
536 3317 686 3352 Clamas
697 3318 933 3352 Ateundrtnuo
941 3318 972 3350 ln
990 3318 1194 3359 Protrepttco

140 3371 174 3406 ρ.
197 3366 235 3397 tt»
255 3363 341 3396 hunc
362 3364 396 3398 tn
414 3363 547 3398 modum
557 3364 701 3399 detenuit
720 3374 728 3394 ι
744 3365 908 3406 οαυμάζιιν
920 3365 1021 3398 tntae(
1039 3377 1106 3406 μοι,
1124 3365 1189 3407 ὅτῳ

138 3410 247 3454 τρόκφ
259 3411 418 3455 Εὐήμερον
424 3413 478 3445 τὸν
484 3411 733 3455 Ἀκραγαντῖνον,
745 3415 798 3445 καὶ
810 3413 965 3454 Νικάνορι
975 3414 1028 3445 τὸν
1039 3413 1190 3455 κύπριον,

138 3458 195 3491 nal
213 3458 387 3501 Διαγόραν.
415 3459 469 3492 καὶ
486 3460 632 3493 Ἵππωνα
660 3461 717 3492 τὸν
743 3459 876 3499 Μήλιον,
895 3459 948 3491 τόν
964 3470 996 3491 τι
1017 3460 1191 3501 Κυρηναῖον

141 3505 199 3538 ἰπὶ
218 3505 340 3544 ποίησις
355 3505 488 3548 tantvm,
503 3504 532 3548 ᾧ
548 3505 710 3549 eoa-opo<
728 3504 830 3547 ὄνομα
844 3506 943 3547 αὐτῷ,
968 3505 1022 3538 καί
1040 3515 1124 3544 τινας
1139 3506 1197 3540 ἀλ·

2230 261 2299 289 mn

1253 335 1352 374 sacta
1377 337 1492 375 simul
1510 336 1672 376 honesta
1691 337 1807 376 simul
1831 337 1963 389 turpia
1988 338 2296 378 animadvertere

1251 394 1467 443 videretur,
1483 395 1686 447 proposita
1712 394 1926 434 sceleribus
1950 398 2077 446 poena
2103 397 2298 435 neminem

1251 453 1405 506 impure
1418 468 1462 493 ac
1483 456 1696 506 flagitiose,
1712 455 1780 494 sed
1796 455 1958 494 honeste
1973 468 2108 494 omnes
2120 455 2303 508 justeque

1253 514 1428 552 victuros
1459 527 1555 555 esse.
1613 514 1711 553 Tale
1747 513 1842 566 quid
1880 513 2023 553 Critias
2049 514 2091 552 in
2114 515 2304 565 tragoedia

1251 571 1410 623 Sisyphi
1431 574 1590 612 nomine
1609 574 1801 626 inscripta
1825 573 1955 613 dicere
1985 586 2102 613 ausus
2130 582 2202 612 est.
2232 573 2303 611 Ve-

1252 643 1339 668 rum
1368 631 1436 670 alii
1472 646 1630 683 quoque
1654 641 1779 685 poetae
1805 641 1844 671 et
1870 632 2094 683 gravissimi
2117 632 2305 671 historia-

1252 702 1337 727 rum
1357 699 1546 738 auctores,
1563 705 1683 743 quum
1701 691 1963 744 philosophia}
1975 691 2108 731 studio
2126 700 2305 730 teneren-

1253 755 1329 797 tur,
1350 751 1627 801 superstitione
1645 751 1760 789 levati
1781 751 1829 790 de
1842 751 1905 789 via
1920 750 2112 803 majorum
2127 751 2305 801 vestigiis

1253 807 1345 845 trita
1361 807 1626 849 declinarunt.
1684 809 1813 856 Quum
1840 810 1945 849 enim
1966 823 2044 849 una
2060 822 2188 861 neque
2204 810 2304 848 mul-

1252 873 1380 904 torum
1398 879 1588 906 annorum
1604 868 1729 919 spatio
1743 868 1870 908 divisa
1884 878 1976 908 aetas
1992 869 2220 920 tragoediam
2235 883 2306 921 per

1252 925 1379 964 divini
1399 927 1562 979 spiritus
1577 928 1686 966 viros
1705 927 1927 979 AEschytum
1946 936 1985 966 et
2003 927 2236 980 Sophoclem
2254 929 2304 967 it-

1254 985 1470 1035 lustrasset,
1489 987 1557 1036 qui
1575 986 1746 1038 plurima
1766 987 1807 1024 in
1833 986 1975 1025 sabulis
1988 987 2069 1026 suis
2089 988 2306 1027 sanctitatis

1252 1053 1290 1083 et
1309 1045 1465 1096 pietatis
1479 1045 1712 1084 documenta
1730 1045 1916 1084 dederant
1931 1059 1940 1082 :
1961 1046 2169 1098 Euripides
2182 1046 2305 1084 solam

1253 1103 1541 1156 philosophiam
1561 1105 1653 1143 vitat·¹
1673 1105 1853 1143 humanae
1870 1106 1994 1144 lucem
2008 1136 2019 1156 ,
2034 1119 2214 1144 errorum
2237 1119 2304 1144 ex·

1253 1162 1460 1213 pultricem
1474 1192 1486 1212 ,
1508 1162 1763 1201 beatitudinis
1788 1164 2013 1213 magistram
2034 1177 2115 1203 esse
2134 1164 2307 1203 arbitra-

1253 1228 1314 1259 tus
1327 1219 1509 1271 dogmata
1523 1222 1779 1272 Anaxagorea
1792 1222 1839 1260 ad
1851 1223 2143 1275 componendas
2156 1223 2306 1264 fabulas

1252 1279 1448 1320 adhibuit.
1506 1280 1574 1319 Est
1590 1290 1717 1319 autem
1737 1294 1865 1332 operae
1880 1283 2051 1332 pretium
2067 1282 2204 1334 paucis
2219 1282 2306 1334 ejus

1253 1338 1444 1377 rationem
1460 1340 1665 1389 attingere.
1699 1339 1870 1378 Deorum
1891 1339 1984 1393 (ιδ),
2008 1341 2142 1391 quales
2158 1354 2180 1378 a
2196 1341 2309 1379 Grae-

1252 1398 1309 1437 cis
1329 1398 1451 1449 vulgo
1486 1399 1725 1447 colerentur,
1748 1408 1965 1438 contemtor
1992 1399 2201 1452 Euripides
2224 1402 2310 1439 uni-

1254 1471 1342 1496 cum
1393 1458 1605 1509 agnovisse
1642 1458 1758 1498 deum
1794 1458 1951 1497 videtur
1994 1468 2130 1511 suapte
2171 1469 2310 1511 sponte

1252 1526 1384 1555 natum
1401 1516 1621 1570 (αὐτοφυῆ),
1638 1527 1805 1556 mentem
1819 1531 1955 1570 puram
1970 1546 1982 1565 ,
1997 1527 2177 1557 aeternam
2194 1527 2310 1570 atque

1252 1575 1349 1614 adeo
1383 1576 1580 1615 infinitam
1617 1577 1806 1629 nullaque
1844 1589 1887 1615 re
1924 1586 2117 1627 egentem.
2177 1577 2310 1630 Neque

1252 1636 1382 1681 enim,
1401 1636 1509 1688 quod
1534 1636 1625 1675 aliis
1652 1635 1857 1688 placebat,
1887 1637 2003 1675 deum
2031 1645 2199 1675 mentem
2225 1650 2309 1676 esse

1253 1695 1426 1742 censuit,
1453 1709 1541 1747 quae
1573 1695 1745 1734 materiae
1772 1695 1883 1734 velut
1909 1695 2036 1734 infusa
2059 1710 2147 1734 cum
2187 1709 2309 1747 eaque

1254 1764 1358 1794 arcte
1380 1755 1592 1807 conjuncta
1609 1755 1712 1793 hanc
1732 1755 1877 1793 molem
1900 1755 2067 1807 spiritus
2087 1756 2210 1795 instar
2236 1756 2310 1794 cie-

1252 1822 1311 1852 ret
1326 1822 1442 1864 atque
1467 1813 1653 1864 agitaret,
1672 1813 1740 1852 sed
1759 1826 1898 1866 puram
1918 1822 1956 1852 et
1971 1827 1994 1852 a
2014 1814 2177 1852 materia
2193 1814 2309 1865 longe

1253 1881 1462 1921 semotam,
1484 1875 1546 1912 cui
1565 1873 1737 1911 materiae
1765 1881 1906 1912 natura
1935 1886 2006 1912 sua
2029 1874 2246 1924 quiescenti
2272 1883 2310 1913 et

1253 1932 1424 1971 consusae
1444 1945 1554 1971 mens
1573 1932 1647 1971 ista
1665 1932 1804 1971 divina
1816 1961 1827 1979 ‚
1851 1932 1940 1971 coeli
1958 1941 1997 1971 et
2016 1941 2132 1971 terrae
2146 1946 2308 1985 procre-

1256 1992 1382 2042 atrix,
1404 2000 1553 2030 motum
1580 1999 1697 2043 atque
1711 2000 1891 2030 ornatum
1914 1991 2099 2030 attulerit.
2157 1991 2308 2030 Coelunt

1255 2064 1351 2090 vero
1371 2052 1456 2091 sive
1474 2051 1670 2090 *Eitha-em
1691 2059 1729 2090 et
1748 2050 1782 2089 T
1783 2064 1910 2090 erram
1932 2065 2006 2103 pro
2027 2051 2183 2090 duobus
2202 2052 2311 2090 velut

1254 2109 1458 2149 elementis
1481 2109 1640 2158 habuit,
1662 2123 1710 2148 ex
1729 2109 1874 2161 quibus
1896 2119 2037 2149 cuncta
2060 2111 2102 2149 in
2121 2110 2196 2149 hoc
2219 2111 2309 2149 uni-

1254 2181 1371 2207 verso
1391 2177 1658 2216 nascerentur,
1675 2177 1714 2207 et
1733 2169 1775 2207 in
1792 2182 1879 2221 quae
1901 2178 2039 2208 cuncta
2055 2198 2066 2219 ,
2095 2182 2215 2220 quum
2246 2170 2308 2208 vi-

1254 2227 1439 2267 derentur
1474 2228 1603 2276 mori,
1638 2230 1680 2266 in
1712 2240 1825 2267 suum
1865 2228 2074 2280 quodque,
2117 2228 2310 2267 dissoluta

1254 2286 1484 2327 reciderent.
1542 2286 1618 2325 Sed
1658 2294 1701 2324 ut
1721 2287 1940 2326 carminum
1976 2287 2160 2326 suavitati
2194 2297 2308 2339 poeta

1250 2346 1474 2384 consuleret
1516 2345 1745 2396 ingeniique
1786 2347 2013 2395 elegantiam
2060 2346 2305 2393 ostenderet,

1256 2416 1367 2456 quast
1401 2404 1559 2456 imperii
1596 2417 1676 2455 quo
1703 2417 1879 2443 summus
1919 2403 2016 2444 deus
2050 2405 2182 2443 onmia
2210 2407 2311 2456 regit

1255 2471 1454 2502 consortes
1472 2462 1734 2516 (συνάρχοντας
1758 2464 1809 2515 τῷ
1829 2462 1983 2516 μεγίστῳ
1997 2462 2156 2515 δαίμονι)
2178 2478 2308 2504 rerum

1253 2532 1436 2575 parentes
1467 2521 1662 2561 AEtherem
1690 2529 1730 2559 et
1747 2520 1911 2560 Terram
1937 2530 2120 2572 tanquam
2142 2523 2311 2564 humana

1254 2582 1378 2621 forma
1402 2581 1560 2620 indutos
1580 2580 1780 2620 connubio
1807 2579 1942 2631 junxit
1972 2594 2141 2634 suasque
2171 2585 2308 2623 Amori

1253 2649 1383 2693 partes
1403 2640 1632 2691 assignavit.
1690 2640 1749 2680 Ex
1777 2638 1853 2678 hoc
1881 2640 2072 2692 conjugio
2098 2642 2233 2680 omnia
2261 2642 2311 2681 ab

1256 2701 1368 2739 initio
1397 2707 1600 2753 procreata
1625 2711 1710 2739 esse
1742 2699 1885 2738 cecinit
1923 2707 2040 2751 atque
2058 2700 2174 2739 etiam
2206 2714 2311 2739 nunc

1259 2773 1331 2811 per
1356 2762 1427 2797 hos
1450 2756 1638 2810 conjuges
1661 2770 1785 2796 verno
1816 2759 2031 2809 praesertim
2066 2767 2240 2810 tempore
2269 2760 2310 2798 in
2333 2768 2335 2770 ’

1258 2825 1414 2855 mutuos
1434 2824 1591 2855 ruentes
1619 2816 1823 2868 amplexus
1852 2829 1923 2855 suo
1953 2817 2129 2869 quidque
2157 2818 2244 2855 luco
2273 2827 2311 2856 et

1258 2876 1399 2915 ordine
1420 2876 1633 2915 animatum
1657 2874 1847 2915 custodiri
1867 2876 2191 2927 conservarique.
2253 2879 2310 2915 De

1261 2948 1414 2974 summo
1435 2934 1510 2973 deo
1532 2935 1762 2987 praeclarutn
1782 2943 1908 2974 exstat
1931 2935 2187 2986 fragmentum
2206 2935 2309 2987 apud

1256 3085 1326 3121 λους
1339 3084 1491 3127 συχνούς,
1510 3084 1676 3126 σωφρόνως
1696 3085 1889 3127 βιὸιωκὸτις
1905 3085 1959 3117 καὶ
1977 3085 2215 3127 καθεωρακότας
2241 3085 2307 3120 ὀξύ·

1255 3131 1343 3173 τιρὸν
1357 3142 1419 3165 που
1436 3135 1499 3165 τῶν
1516 3133 1634 3165 λοιπῶν
1647 3132 1817 3175 ἀνθρώπων
1831 3134 1888 3170 τὴν
1904 3133 1983 3174 ἀμφὶ
1999 3134 2070 3170 τοὺς
2086 3133 2170 3169 θιοὺς
2181 3133 2307 3168 τούτους

1255 3178 1374 3218 πλάνην
1390 3178 1498 3215 Uien:
1518 3179 1779 3220 ἂπιιιιλήιασιν,
1794 3180 1822 3212 cl.
1845 3181 1898 3211 καὶ
1917 3180 1973 3218 τὴν
1992 3180 2135 3216 ἁλήθιιιν
2151 3179 2247 3216 αὐτὴν
2263 3178 2307 3218 μὴ

1251 3224 1435 3263 νινοηιότας
1444 3248 1455 3267 ,
1469 3226 1548 3258 ἀλλὰ
1562 3227 1618 3264 τὴν
1630 3226 1749 3264 πλάνην
1766 3237 1801 3266 γι
1812 3225 2072 3264 ὑπωπτιυιὸτας,
2093 3227 2169 3266 ὅπιρ
2185 3226 2222 3257 οὐ
2235 3236 2308 3265 opt·

1253 3272 1327 3315 ιρόν
1343 3276 1398 3312 τῆς
1412 3273 1555 3312 anania<
1569 3275 1745 3315 φρονήσεως
1767 3274 1908 3315 ζὼπυρον
1926 3273 2095 3315 &vassum
2115 3274 2249 3314 σπέρμα.
2263 3288 2303 3295 -—

1252 3319 1320 3359 (13)
1335 3318 1412 3353 vtd.
1426 3320 1538 3354 adnot.
1553 3320 1593 3353 ad
1609 3323 1791 3362 Protagorae
1808 3321 1924 3361 fragm.
1947 3324 1976 3353 2.
2000 3337 2037 3343 —
2052 3320 2118 3359 (¹4)
2131 3318 2243 3352 cicero
2262 3321 2308 3351 De

1255 3370 1321 3399 nat.
1339 3365 1430 3400 deor.
1451 3367 1507 3400 lib.
1526 3369 1539 3401 l
1556 3376 1627 3409 cap.
1643 3369 1695 3401 42.
1714 3387 1754 3396 -
1771 3369 1837 3407 (16)
1857 3367 1948 3408 Apud
1968 3367 2057 3399 sext.
2082 3365 2203 3407 Empir.
2230 3365 2304 3398 adv.

1257 3413 1354 3454 ΡΜ».
1383 3424 1415 3455 p.
1445 3418 1505 3447 20²
1533 3413 1585 3447 ed.
1617 3414 1712 3448 Pabr.
1741 3415 1791 3447 ct.
1822 3416 1911 3447 Poet.
1938 3416 2018 3453 trag.
2051 3415 2156 3445 Groec.
2180 3414 2305 3455 Fragm.

1256 3469 1288 3502 p.
1303 3465 1345 3493 9⁰
1362 3460 1420 3494 ed.
1445 3461 1599 3501 wagner.

1303 3508 1372 3549 (to)
1391 3507 1469 3541 vtd.
1485 3508 1686 3542 vntckemrit
1703 3508 1839 3542 utatur.
1856 3507 1889 3541 tn
1906 3509 1983 3541 Eur.
2009 3507 2123 3548 fragm.
2147 3514 2176 3550 p.
2194 3509 2248 3541 3⁶.
