2606 3828
308 255 382 288 218

298 335 496 376 cujusmodi,
523 334 661 367 debeant
706 332 848 366 excolere
883 330 1048 363 virtutem.
1107 329 1233 370 Vulgus
1259 337 1338 362 vero

297 394 495 435 imperitum,
517 394 644 435 propter
662 391 888 432 ignorationem
910 398 1015 421 rerum
1027 413 1038 429 ,
1056 397 1113 429 pro
1131 388 1252 421 honore
1268 388 1336 429 glo-

296 453 393 494 riam,
411 453 662 495 popularemque
683 449 952 483 existimationem
965 470 975 487 ,
999 447 1128 486 colunt;
1143 455 1200 488 pro
1219 446 1339 480 virtute

297 520 374 545 vero
391 513 491 545 vitam
510 514 733 543 consectantur
753 506 969 549 voluptatibus
983 506 1179 547 delibutam3
1197 507 1339 547 potesta·

297 578 364 607 tem
389 571 540 612 faciendi,
556 580 628 612 quae
648 570 769 610 velint,
793 567 909 608 regiam
927 565 1088 607 quandam
1107 574 1174 598 esse
1197 566 1342 599 eminen-

299 636 378 668 tiam
399 631 627 665 existimantes.
672 628 793 660 Natura
819 624 977 666 siquidem
1005 624 1128 665 regium
1155 624 1204 656 est
1224 623 1341 656 animal

298 694 413 733 homo,
438 692 471 722 et
487 689 562 730 quia
581 694 711 726 regnum
734 692 857 726 semper
873 683 1048 715 comitatur
1066 684 1224 725 potestas,
1249 683 1339 724 pote-

298 751 370 784 stati
398 756 524 791 quoque
552 754 682 786 regnum
702 743 833 784 obsequi
860 742 1041 784 suspicatur
1071 750 1080 772 2
1102 750 1177 774 cum
1203 750 1339 783 regnum

292 810 378 850 justa
405 808 446 840 sit
472 805 570 838 tutela
593 804 772 845 parentum.
816 801 936 841 Simul,
957 801 1031 842 quia
1058 800 1188 833 beatum
1212 808 1341 833 necesse

297 870 345 900 est
370 866 505 899 libenter
526 865 652 902 vivere,
671 861 784 902 putant
803 861 920 900 etiam,
937 860 992 901 qui
1015 868 1089 892 cum
1110 859 1274 901 voluptate
1290 858 1340 891 vi-

296 929 390 966 vant,
413 925 521 956 beatos
540 923 620 955 tore.
669 921 757 954 'ralis
772 929 862 953 error
878 921 946 960 est,
963 919 1090 961 opinor,
1110 919 1166 961 qui
1191 928 1230 952 ex
1247 918 1341 952 rebus

296 985 385 1016 ortus
402 981 567 1014 hominum
590 979 715 1011 animos
732 978 885 1020 possidet.

339 1043 461 1074 CLXV.
484 1041 532 1072 Ex
555 1038 773 1079 divulgatione
799 1039 908 1069 autem
939 1036 1082 1069 succedit
1107 1036 1208 1069 errori
1228 1045 1341 1077 supra-

297 1104 383 1135 dicto
411 1110 451 1134 ex
469 1101 608 1133 matrum
628 1100 660 1132 et
682 1098 846 1131 nutricum
869 1098 953 1131 votis
983 1097 1023 1130 de
1045 1097 1165 1130 divitiis
1180 1098 1342 1139 gloriaque

303 1164 334 1194 et
359 1159 503 1200 caeteris,
535 1158 615 1191 falso
645 1157 763 1199 putatis
790 1157 902 1197 bonis,
929 1157 1156 1198 insusurratio;
1186 1156 1344 1189 terriculis

298 1221 412 1260 etiam,
429 1218 547 1259 quibus
569 1218 678 1250 tenera
697 1218 776 1254 aetas
794 1216 1014 1248 vehementius
1034 1217 1267 1256 commovetur,
1284 1224 1343 1247 nec

296 1288 360 1312 non
389 1277 523 1310 insolitis
550 1277 584 1309 et
610 1276 759 1308 omnibus
786 1274 983 1315 hujusmodi,
1004 1275 1212 1317 perturbatio.
1256 1275 1342 1313 Quin

296 1339 391 1372 etiam
405 1336 682 1369 corroboratarum
699 1335 855 1367 mentium
870 1333 1031 1367 delinitrix
1048 1334 1171 1375 poetica
1184 1334 1217 1366 et
1229 1335 1344 1366 caetera

298 1399 490 1440 scriptorum
515 1399 547 1432 et
574 1398 744 1431 auctorum
767 1405 865 1438 opera
891 1396 1078 1438 magnifica,
1096 1398 1249 1437 quantam
1272 1395 1341 1427 ani-

299 1458 358 1490 mis
391 1457 525 1490 rudibus
561 1457 717 1489 invehunt
745 1456 838 1497 juxta
867 1455 1085 1497 voluptatem,
1119 1453 1342 1494 laboremque,

299 1515 534 1548 inclinationem
554 1515 694 1547 iavoris‘t
720 1514 806 1553 Quid
826 1514 965 1555 pictores
990 1522 1119 1555 quoque
1145 1514 1178 1545 et
1197 1512 1345 1544 fictores?

298 1583 405 1607 nonne
422 1574 551 1616 rapiunt
563 1573 686 1606 animos
700 1572 739 1604 ad
750 1572 944 1605 suavitatem
961 1571 1002 1604 ab
1015 1571 1195 1604 industria?
1207 1570 1346 1604 Maxima

297 1643 375 1667 vero
399 1634 552 1666 vitiorum
571 1632 724 1666 excitatio
742 1633 791 1665 est
808 1632 842 1664 in
870 1632 1032 1673 corporis,
1052 1633 1150 1672 atque
1172 1631 1345 1663 humorum

299 1692 416 1733 animi,
439 1692 642 1726 concretione
661 1701 670 1724 ε
689 1699 830 1732 quorum
846 1690 1062 1728 abundantia,
1081 1689 1133 1722 vel
1156 1689 1344 1730 indigentia,

300 1753 522 1795 propensiores
543 1752 583 1784 ad
607 1751 793 1791 libidinem,
809 1751 865 1783 aut
886 1749 1085 1782 iracundiam
1099 1774 1108 1788 ,
1122 1757 1244 1782 snmus.
1290 1749 1348 1781 His

300 1813 458 1846 accedunt
475 1813 549 1845 vitae
565 1812 666 1853 ipsius
684 1810 832 1852 agendae,
849 1810 1006 1850 sortisque
1030 1808 1214 1841 discrimina
1226 1832 1235 1848 ‚
1253 1808 1348 1848 aegri-

299 1872 391 1911 tudo,
410 1871 594 1910 servitium,
609 1870 714 1911 inopia
727 1878 834 1902 rerum
850 1868 1114 1901 necessariarum.
1151 1867 1278 1904 Quibus
1295 1875 1348 1898 oc-

299 1932 409 1974 cupati
426 1940 446 1963 a
461 1930 575 1964 studiis
591 1930 731 1963 honestis
742 1929 783 1961 ad
798 1928 1011 1961 consentanea
1021 1927 1096 1960 vitae
1107 1927 1264 1959 institutae
1277 1925 1348 1958 osii.-

298 1991 348 2024 cia
372 1991 574 2031 deducimur,
598 1991 694 2031 atque
711 1997 730 2021 a
747 1987 928 2029 cognitione
951 1988 1020 2019 veri
1038 1986 1115 2018 boni
1143 1994 1344 2018 revocamur.

301 2052 393 2091 Opus
425 2058 500 2090 ergo
531 2048 648 2081 suturis
677 2047 872 2089 sapientibus
899 2047 967 2078 tam
995 2044 1185 2078 educatione
1207 2043 1347 2083 liberali,

305 2107 537 2149 praeceptisque
556 2105 596 2138 ad
614 2106 812 2138 honestatem
825 2103 1038 2143 ducentibus,
1059 2111 1155 2143 quam
1173 2100 1349 2133 eruditione

302 2175 322 2199 a
342 2166 436 2206 vulgo
461 2166 607 2206 separata
624 2177 632 2198 ε
649 2163 855 2204 videndaque
872 2162 918 2195 eis
943 2165 974 2194 et
991 2160 1163 2202 spectanda
1177 2162 1251 2192 sunt
1267 2159 1349 2192 lecta

303 2225 429 2264 omnia,
445 2233 516 2265 quae
531 2224 691 2265 pertinent
706 2221 747 2255 ad
763 2220 964 2262 sapientiam.

342 2285 486 2317 CLXVI.
515 2285 595 2316 Ante
614 2282 723 2314 omnia
744 2280 856 2313 divino
878 2278 1027 2322 praesidio
1044 2287 1126 2319 opus
1145 2279 1193 2309 est
1215 2276 1254 2308 ad
1278 2285 1349 2317 per-

304 2343 482 2384 ceptionem
498 2342 657 2374 bonornm
674 2341 900 2373 maximorum.
947 2339 1028 2375 Quae
1046 2346 1120 2369 cum
1138 2336 1203 2368 sint
1224 2335 1350 2376 propria

303 2401 480 2435 divinitatis
491 2426 500 2442 ,
517 2409 591 2433 cum
608 2399 791 2432 hominibus
808 2400 916 2431 tamen
934 2396 1224 2429 communicantur.
1270 2397 1350 2427 Cor-

307 2461 391 2503 poris
411 2469 542 2502 quoque
557 2458 749 2500 obsequium
766 2457 928 2490 sufficiens
948 2457 1064 2488 animae
1081 2455 1203 2487 viribus
1216 2463 1283 2486 esse
1298 2454 1351 2487 de-

307 2521 359 2552 bet
378 2519 419 2551 ad
435 2518 636 2551 tolerandum
653 2516 792 2550 exercitii
808 2515 963 2548 laborem.
1009 2515 1144 2555 Oportet
1165 2515 1270 2545 autem
1284 2513 1348 2545 sus-

305 2579 398 2611 ficere
417 2579 629 2618 praeceptores
649 2575 770 2615 bonos,
794 2574 1056 2615 propositumque
1072 2573 1117 2613 id,
1136 2572 1220 2613 quod
1249 2571 1349 2603 sortiti

307 2647 420 2670 sumus
447 2637 582 2678 singuli,
601 2645 732 2668 numen.
777 2634 904 2675 Quippe
927 2633 1051 2666 Socrati
1074 2633 1190 2665 dicitur
1208 2641 1225 2664 a
1245 2632 1351 2673 pneris

308 2705 416 2729 comes
435 2696 561 2728 daemon
585 2703 695 2727 rerum
717 2693 912 2734 agendarum
939 2694 1127 2734 praeceptor,
1155 2692 1270 2732 fuisse3
1286 2700 1350 2723 non

309 2757 344 2788 ut
363 2756 542 2787 hortaretur
559 2763 633 2786 eum
650 2753 688 2784 ad
711 2753 850 2793 aliquem
867 2753 974 2784 actum
986 2776 995 2791 ,
1015 2751 1070 2783 sed
1096 2753 1134 2783 ut
1151 2751 1349 2792 prohiberet,

308 2822 382 2854 qnae
409 2813 475 2844 sieri
493 2821 556 2843 non
573 2812 750 2851 expediret.
796 2812 966 2851 Propterea
989 2819 1134 2851 quoque,
1152 2817 1225 2850 qnae
1242 2810 1272 2841 in
1291 2810 1349 2841 ho-

307 2872 402 2904 minis
422 2871 579 2911 potestate
597 2869 689 2910 sunt,
712 2868 738 2900 si
754 2876 810 2909 per
832 2868 1082 2908 imprudentiam
1104 2869 1251 2908 agantur,
1275 2876 1349 2899 cum

308 2931 359 2972 agi
379 2939 416 2963 ea
433 2930 475 2961 sit
492 2927 620 2967 inutile,
638 2927 760 2959 cladem
779 2927 920 2959 afferunt
943 2939 950 2958 ε
970 2927 1055 2967 quod
1076 2935 1093 2957 a
1112 2927 1242 2959 Socrate
1265 2934 1350 2958 arce·

310 2990 365 3022 bat
378 2987 567 3020 benevolum
583 2992 714 3018 numen.
758 2984 920 3016 Divinatio
938 2993 1013 3016 vero
1030 2984 1208 3016 necessitati
1222 2983 1351 3023 quidem

311 3047 528 3087 subjectarum
548 3053 668 3084 rerum,
682 3043 900 3084 ambiguarum
926 3043 1039 3081 etiam,
1054 3043 1108 3074 sed
1134 3051 1267 3083 quarum
1284 3043 1350 3082 Jam

311 3103 414 3136 fatalis
436 3101 613 3143 completus
628 3101 671 3133 sit
688 3100 811 3140 exitus,
828 3108 904 3132 vera
920 3101 984 3139 est,
1009 3100 1040 3131 et
1056 3099 1286 3142 complexibilis
1301 3112 1309 3132 ε
1325 3099 1351 3131 si

311 3162 408 3195 modo
428 3160 583 3194 divinatio
613 3158 746 3191 dicenda
768 3159 826 3190 est.
871 3158 997 3198 Quippe
1014 3166 1087 3198 quae
1107 3158 1203 3189 semel
1229 3157 1351 3190 accide-

311 3223 389 3254 rnnt
402 3245 411 3261 ,
428 3221 545 3252 insecta
562 3227 631 3251 esse
650 3226 713 3250 non
731 3218 878 3258 possunt.

354 3280 516 3313 CLXVII.
554 3277 781 3318 Ambiguarum
809 3284 904 3314 vero,
932 3283 1069 3315 quarum
1107 3274 1212 3306 exitus
1248 3274 1352 3306 adhuc

314 3339 473 3381 pendent,
493 3337 635 3369 nondum
663 3334 919 3377 praecedentibus
941 3333 1060 3365 meritis
1085 3333 1234 3372 ambigua
1253 3338 1300 3365 est
1318 3335 1350 3365 et

313 3399 440 3439 obliqua
462 3408 473 3430 ε
491 3398 527 3429 ut
546 3399 596 3429 est
611 3395 664 3428 illa
682 3394 839 3435 Apollinis
861 3402 869 3421 ε

387 3472 496 3501 Perdet
519 3471 654 3506 Croesus,
672 3470 779 3506 Halyn
800 3471 1009 3505 transqressus
1021 3489 1028 3502 ,
1042 3466 1186 3496 niaxima
1202 3474 1308 3502 reqna.

1017 242 1284 283 CHALCIDII
1319 242 1732 285 COMMENTARIUS

1398 331 1476 364 Istic
1491 331 1577 364 enim
1597 331 1658 364 tria
1676 331 1790 372 erant,
1803 330 1862 363 nisi
1886 330 1990 370 fallor,
2007 331 2155 373 ambigua
2174 340 2296 364 :unum
2307 355 2316 372 ‚
2330 331 2439 365 utrum

1400 389 1474 431 Cyri
1491 390 1523 423 et
1540 392 1710 423 Persarum
1730 398 1862 431 regnum
1891 390 1976 422 esset
1998 389 2197 431 periturum;
2218 390 2374 432 alterum,
2397 398 2439 423 an

1400 448 1499 490 ipsius
1524 449 1627 483 croesi
1647 448 1752 490 potius
1772 451 1805 480 et
1823 447 1959 489 Lydium
1980 459 1990 481 z
2012 447 2144 481 tertium
2157 473 2165 489 ‚
2197 451 2306 482 utrum
2325 447 2440 482 condi-

1401 507 1540 540 tionibus
1570 507 1667 548 iustis
1695 507 1814 540 bellum
1847 507 2073 549 deponeretur.
2120 508 2191 540 Hoc
2223 508 2343 550 quippe
2376 505 2444 541 fieri

1401 568 1547 610 poterat;
1570 570 1604 600 et
1620 566 1842 608 depositorum
1864 566 2021 599 bellorum
2039 565 2161 608 aliquot
2184 567 2333 608 exempla
2359 575 2443 608 prae-

1401 626 1563 659 cesserant
1593 636 1602 658 ι
1634 624 1690 658 sed
1727 624 1803 666 quia
1830 624 1981 658 voluntas
2013 626 2180 667 utriusque
2213 625 2444 660 adversabatur

1400 693 1564 717 armorum
1591 684 1803 727 depositionl,
1821 693 1896 717 curn
1922 685 1955 717 et
1973 686 2078 725 cyrus
2098 684 2165 717 sera
2191 684 2332 726 quadam
2357 686 2444 718 esset

1400 744 1516 776 natura
1528 766 1538 782 ,
1565 744 1597 776 et
1610 743 1768 784 gloriosa;
1787 744 1918 776 croesus
1935 752 2012 776 vero
2026 743 2190 776 confidens
2202 767 2212 784 ‚
2230 743 2446 786 potentiaeque

1401 802 1604 844 praecupidus
1630 814 1640 835 ε
1664 802 1847 844 decretum,
1874 803 1962 844 quod
1984 802 2191 844 sequebatur,
2221 804 2328 835 ratum
2352 805 2441 845 erat,

1403 861 1525 894 sactum
1547 870 1587 894 ex
1610 861 1780 903 utriusque
1800 861 1982 903 proposito,
2006 869 2115 902 pacem
2135 861 2220 893 inter
2234 868 2292 893 eos
2313 859 2446 893 minime

1404 921 1557 954 suturam.
1602 922 1773 963 Supererat
1790 920 1885 962 igitur
1907 928 1947 953 ex
1968 920 2099 961 reliquis
2122 920 2312 952 alterutrum
2321 931 2339 959 ,’-
2349 919 2447 960 idque

1402 982 1470 1013 erat
1486 979 1640 1021 dubium;
1665 978 1833 1020 cujusnam
1850 987 1982 1020 regnum
1997 979 2255 1019 exstingueretur
2272 991 2279 1011 :
2299 981 2444 1020 propter-

1402 1048 1505 1081 eaque
1532 1039 1631 1072 dubia
1654 1047 1740 1080 sors,
1765 1037 1920 1080 dubiique
1951 1037 2132 1071 intellectus
2157 1038 2314 1079 processit
2336 1046 2447 1070 oracu-

1404 1099 1492 1139 lum,
1509 1099 1545 1131 ut
1569 1097 1785 1139 quodcunque
1813 1096 2005 1137 accidisset,
2027 1096 2060 1129 id
2079 1095 2270 1139 praedictum
2286 1094 2328 1128 ab
2349 1094 2447 1136 Apot-

1405 1158 1468 1190 line
1487 1157 1661 1190 videretur.

1445 1217 1617 1250 CLXVIII.
1642 1216 1725 1249 Sunt
1744 1215 1815 1248 aliae
1836 1214 2064 1258 praedictiones
2083 1213 2290 1247 consiliorum
2309 1213 2448 1247 examini

1404 1276 1535 1308 similes.
1581 1275 1665 1313 Quia
1683 1283 1758 1308 cum
1778 1275 1819 1307 sit
1837 1275 1870 1307 in
1885 1277 1995 1307 nostra
2015 1274 2172 1315 potestate
2188 1272 2324 1314 deligere
2342 1281 2382 1306 ex
2398 1271 2452 1304 in·

1403 1335 1498 1368 certis
1526 1335 1684 1375 alterum,
1708 1342 1749 1367 ne
1779 1334 1813 1366 in
1840 1333 1967 1367 delectu
1995 1334 2145 1375 peccetur
2167 1340 2208 1365 ex
2231 1331 2448 1374 ignoratione,

1404 1395 1519 1428 suadet
1538 1395 1742 1435 homiuibus,
1767 1394 1845 1436 quid
1867 1394 1910 1427 sit
1938 1393 2135 1435 optandum,
2164 1391 2301 1434 propitia
2322 1389 2449 1424 Divini-

1404 1457 1454 1487 tas
1471 1468 1479 1488 :
1501 1457 1536 1487 ut
1553 1454 1694 1495 Argivis,
1710 1462 1765 1495 per
1779 1453 1944 1486 oraculum
1962 1451 2198 1494 quaerentibus,
2215 1459 2257 1484 an
2278 1449 2450 1484 adversum

1405 1517 1519 1547 Persas
1536 1513 1656 1545 bellum
1671 1512 1792 1553 suscipi
1808 1511 2014 1558 conveniret,
2029 1518 2219 1552 responsum
2235 1511 2284 1542 cst
2303 1522 2311 1542 ε

1478 1590 1510 1619 V
1508 1589 1601 1618 icinis
1619 1589 1740 1625 ossen-sa
1755 1589 1821 1618 Deo
1843 1587 2004 1616 carissima
2015 1587 2136 1624 plebes,

1477 1637 1648 1665 Armorum
1660 1635 1766 1664 cohibe
1783 1634 1965 1664 munimina
1980 1655 1988 1669 ‚
1998 1633 2132 1670 corporis
2144 1641 2237 1661 omne

1478 1681 1654 1712 Discrimen
1667 1682 1734 1710 sola
1749 1681 1860 1717 capitis
1872 1680 2028 1710 tutabitur
2042 1679 2166 1709 umbra.

1406 1753 1534 1786 Sciebat
1555 1753 1657 1794 enim,
1674 1752 1752 1795 quid
1768 1755 1851 1785 esset
1861 1751 2044 1793 eligendum
2057 1775 2067 1791 ,
2083 1750 2233 1792 quodque
2245 1749 2335 1792 optio
2354 1757 2451 1791 penes

1408 1813 1589 1853 bominem;
1625 1811 1657 1844 id
1696 1810 1794 1852 vero,
1829 1810 1919 1853 quod
1955 1810 2102 1852 sequitur
2132 1809 2316 1852 optionem,
2350 1816 2451 1852 penes

1408 1871 1520 1904 satum.
2109 1855 2113 1859 Δ

1448 1931 1587 1963 CLXIX.
1612 1929 1757 1963 Hebraeis
1777 1938 1908 1971 quoque
1929 1929 2099 1961 consilium
2126 1929 2236 1962 datum
2263 1929 2315 1962 est
2341 1936 2360 1961 a
2381 1930 2451 1962 Deo

1407 1999 1480 2022 cum
1499 1989 1705 2031 praedictione
1728 1998 1834 2022 rerum
1851 1989 2048 2030 futurarum,
2065 1988 2098 2020 in
2121 1987 2218 2020 istum
2234 1986 2368 2020 modum
2386 2000 2394 2020 ε
2413 1989 2452 2020 st

1406 2049 1586 2089 proeceptis
1603 2049 1688 2080 meis
1703 2046 1873 2088 parebitis
1884 2070 1894 2087 ,
1915 2045 2003 2079 bona
2023 2047 2200 2078 terrarum
2214 2045 2332 2077 omnia
2346 2050 2451 2085 penes

1407 2115 1466 2139 vos
1486 2107 1601 2139 emnt.
1647 2107 1716 2138 Lac
1738 2107 1879 2146 itaque,
1892 2106 1925 2137 et
1945 2102 2109 2145 melliflui
2120 2102 2276 2144 fluctus,
2290 2109 2357 2134 mm
2373 2100 2452 2135 dee-

1411 2167 1511 2198 runt.
1555 2166 1591 2197 Si
1611 2165 1886 2203 contemseritis,
1905 2170 2094 2204 poenarum
2116 2162 2375 2194 imminentium
2399 2168 2454 2194 se-

1408 2227 1495 2258 riem
1514 2226 1634 2258 divina
1660 2234 1727 2258 vox
1749 2226 1936 2267 prosecuta
1969 2225 2032 2256 est.
2098 2223 2225 2264 Quippe
2249 2222 2336 2263 quod
2366 2221 2454 2255 esset

1409 2285 1544 2317 dubium
1566 2285 1597 2317 id
1609 2309 1619 2326 ,
1637 2283 1722 2325 quod
1746 2287 1815 2316 erat
1833 2283 1972 2325 positum
1993 2282 2026 2314 in
2047 2281 2187 2314 hominis
2203 2281 2377 2324 potestate,
2394 2288 2451 2322 pa-

1410 2353 1493 2384 rere,
1521 2344 1572 2376 vel
1599 2347 1802 2376 contemnere
1830 2342 1919 2382 jussa
1943 2341 2096 2374 caelestia.
2141 2339 2264 2379 Quodsi
2285 2340 2450 2381 optionem

1410 2413 1523 2437 eorum
1560 2403 1754 2445 praecederet
1780 2402 1948 2435 decretum
1975 2399 2179 2442 inevitabile,
2213 2399 2455 2440 necessarioque

1409 2462 1678 2496 contemnendum
1706 2463 1809 2503 esset;
1841 2459 2016 2493 abundaret
2047 2459 2231 2500 praedictio,
2253 2457 2455 2491 abundarent

1410 2523 1507 2556 etiam
1531 2521 1686 2564 promissa
1705 2522 1736 2554 et
1757 2521 1863 2553 minae.
1921 2519 1976 2552 Est
1996 2518 2093 2559 igitur
2112 2517 2232 2560 aliquid
2258 2517 2290 2549 in
2313 2515 2453 2550 bominis

1410 2581 1588 2622 potestate,
1607 2588 1667 2612 nec
1689 2580 1764 2611 sunt
1781 2578 1926 2611 homines
1937 2602 1945 2617 ‚
1967 2577 2012 2610 ita
2030 2578 2066 2610 ut
2083 2585 2101 2609 a
2119 2579 2230 2609 contra
2245 2573 2454 2608 sentientibus

1410 2640 1622 2681 asserebatur,
1659 2638 1800 2671 materiae
1828 2646 1935 2670 rerum
1967 2645 2094 2677 earum;
2124 2631 2197 2677 quae
2227 2636 2377 2676 aguntur,
2397 2641 2455 2677 per

1410 2708 1490 2740 quas
1511 2699 1650 2739 aguntur
1672 2711 1681 2730 ε
1704 2697 1758 2730 sed
1775 2705 1871 2729 causa
1896 2695 2103 2738 praecedens,
2125 2703 2221 2736 quam
2237 2693 2394 2734 sequitur,
2418 2692 2452 2725 id

1409 2757 1496 2799 quod
1513 2766 1552 2790 ex
1572 2756 1638 2788 sato
1657 2757 1716 2788 est.

1419 2858 1422 2860 v
1454 2817 1580 2849 CLXX.
1617 2814 1680 2848 Sed
1713 2814 1828 2856 praeter
1858 2822 1946 2854 spem
1975 2813 2063 2853 ajunt
2081 2812 2243 2853 aliquanta
2273 2809 2451 2852 provenire.

1410 2875 1537 2908 Scimus
1543 2885 1552 2914 3
1570 2874 1731 2906 ethorum
1742 2873 1888 2905 omnium
1905 2873 2023 2913 duplex
2034 2880 2141 2912 genus.

1411 2942 1484 2975 quae
1516 2941 1647 2975 perraro
1679 2930 1849 2971 accidunt;
1873 2938 1946 2971 quae
1976 2929 2026 2962 vel
2063 2930 2143 2961 forto
2171 2928 2378 2970 proveniunt,
2399 2927 2452 2960 vei

1411 3001 1488 3025 casu
1524 2991 1632 3033 aliquo
1664 2989 1879 3031 importantur
1906 3001 1914 3021 z
1946 2989 1982 3021 ut
2014 2996 2053 3020 ex
2089 2986 2276 3020 hominibus
2305 2987 2454 3028 portenta

1409 3050 1510 3083 nasci.
1553 3050 1699 3082 Alterum
1711 3072 1720 3088 ,
1740 3047 1828 3089 quod
1852 3046 2049 3088 frequentius
2068 3045 2198 3087 quidem
2216 3045 2380 3086 provenit,
2395 3036 2453 3076 scd

1410 3110 1564 3151 originem
1582 3108 1679 3142 sumit
1694 3117 1742 3140 ex
1757 3106 1888 3139 humaui
1906 3105 2017 3147 iudicii
2038 3105 2265 3146 depravatione
2285 3115 2294 3135 ε
2311 3112 2384 3136 cnm
2402 3102 2453 3135 vel

1411 3178 1429 3201 a
1451 3168 1635 3210 potentibus
1659 3166 1766 3206 iratis,
1788 3166 1838 3198 vel
1858 3166 1899 3198 ab
1931 3164 2067 3197 inimicis
2096 3172 2145 3196 res
2164 3163 2362 3204 judicantur.
2407 3163 2452 3195 ut

1412 3228 1525 3260 accidit
1541 3227 1662 3260 Socrati
1678 3226 1831 3266 :ejusque
1849 3223 1958 3266 populi
1972 3222 2092 3264 judicio
2106 3231 2180 3254 cum
2194 3221 2244 3253 vir
2257 3215 2454 3262 justissimus

1411 3287 1640 3319 condemnatus
1655 3287 1704 3318 est
1717 3283 1883 3323 Aristides,
1898 3283 1946 3316 vel
1959 3291 2033 3315 cum
2047 3281 2210 3323 prophetae
2222 3289 2241 3311 a
2254 3279 2451 3312 conscelera-

1411 3346 1452 3378 tis
1474 3354 1557 3378 unus
1577 3344 1782 3377 membratim
1802 3344 1932 3383 sectus,
1960 3340 2041 3373 alter
2065 3339 2199 3372 obrutus
2225 3338 2320 3371 saxis.
2365 3339 2449 3377 Num

1411 3403 1491 3443 quid
1497 3403 1602 3439 etiam
1620 3403 1734 3435 horum
1753 3410 1847 3434 causa
1863 3405 1911 3433 est
1933 3408 2031 3442 penes
2048 3399 2171 3435 fatum?
2187 3399 2252 3430 Nec
2271 3396 2451 3438 intelligunt

1413 3461 1555 3494 diversas
1573 3470 1608 3495 se
1634 3461 1872 3503 contrariasque
1895 3459 2072 3502 potentias,
2089 3457 2120 3489 id
2138 3459 2188 3489 est
2214 3456 2390 3495 virtutem,
2415 3454 2449 3487 et

2207 2871 2314 2903 Unum
2327 2876 2451 2909 eorum,
2503 2886 2505 2889 -
