<?xml version="1.0" encoding="UTF-8"?>
<!DOCTYPE html PUBLIC "-//W3C//DTD XHTML 1.0 Transitional//EN"
    "http://www.w3.org/TR/xhtml1/DTD/xhtml1-transitional.dtd">
<html xmlns="http://www.w3.org/1999/xhtml" xml:lang="en" lang="en">
 <head>
  <title>
</title>
<meta http-equiv="Content-Type" content="text/html;charset=utf-8" />
  <meta name='ocr-system' content='tesseract 3.04.00' />
  <meta name='ocr-capabilities' content='ocr_page ocr_carea ocr_par ocr_line ocrx_word'/>
</head>
<body>
  <div class='ocr_page' id='page_1' title='image "./fragmentaphiloso02mulluoft_0276.png"; bbox 0 0 2638 3840; ppageno 0'>
   <div class='ocr_carea' id='block_1_1' title="bbox 314 266 1523 315">
    <p class='ocr_par' dir='ltr' id='par_1_1' title="bbox 314 266 1523 315">
     <span class='ocr_line' id='line_1_1' title="bbox 314 266 1523 315; baseline -0.006 0"><span class='ocrx_word' id='word_1_1' title='bbox 314 281 385 315; x_wconf 80' lang='lat'><strong>168</strong></span> <span class='ocrx_word' id='word_1_2' title='bbox 1254 266 1523 308; x_wconf 82' lang='lat' dir='ltr'>CBALCIDII</span> 
     </span>
    </p>
   </div>
   <div class='ocr_carea' id='block_1_2' title="bbox 307 355 1352 698">
    <p class='ocr_par' dir='ltr' id='par_1_2' title="bbox 307 355 1352 698">
     <span class='ocr_line' id='line_1_2' title="bbox 309 355 1349 401; baseline -0.01 -5"><span class='ocrx_word' id='word_1_3' title='bbox 309 362 494 396; x_wconf 80' lang='lat' dir='ltr'><strong>continebat</strong></span> <span class='ocrx_word' id='word_1_4' title='bbox 515 360 682 400; x_wconf 81' lang='lat' dir='ltr'><strong>animalia,</strong></span> <span class='ocrx_word' id='word_1_5' title='bbox 714 358 843 401; x_wconf 77' lang='lat' dir='ltr'><strong>perinde</strong></span> <span class='ocrx_word' id='word_1_6' title='bbox 874 359 909 389; x_wconf 88' lang='lat' dir='ltr'><strong>ut</strong></span> <span class='ocrx_word' id='word_1_7' title='bbox 938 356 1142 396; x_wconf 80' lang='lat' dir='ltr'><strong>intelligibilis</strong></span> <span class='ocrx_word' id='word_1_8' title='bbox 1163 367 1169 385; x_wconf 90' lang='lat'>:</span> <span class='ocrx_word' id='word_1_9' title='bbox 1192 355 1231 387; x_wconf 88' lang='lat' dir='ltr'><strong>ad</strong></span> <span class='ocrx_word' id='word_1_10' title='bbox 1253 355 1349 396; x_wconf 88' lang='lat' dir='ltr'><strong>cnjus</strong></span> 
     </span>
     <span class='ocr_line' id='line_1_3' title="bbox 310 413 1350 457; baseline -0.008 -2"><span class='ocrx_word' id='word_1_11' title='bbox 310 421 551 456; x_wconf 77' lang='lat' dir='ltr'><strong>minutationem</strong></span> <span class='ocrx_word' id='word_1_12' title='bbox 578 419 684 452; x_wconf 80' lang='lat' dir='ltr'><strong>fiebat.</strong></span> <span class='ocrx_word' id='word_1_13' title='bbox 730 419 799 450; x_wconf 88' lang='lat' dir='ltr'><strong>Hoc</strong></span> <span class='ocrx_word' id='word_1_14' title='bbox 820 417 928 457; x_wconf 78' lang='lat' dir='ltr'><strong>igitur,</strong></span> <span class='ocrx_word' id='word_1_15' title='bbox 956 415 1040 456; x_wconf 88' lang='lat' dir='ltr'><strong>quod</strong></span> <span class='ocrx_word' id='word_1_16' title='bbox 1064 414 1189 454; x_wconf 86' lang='lat' dir='ltr'><strong>decrat,</strong></span> <span class='ocrx_word' id='word_1_17' title='bbox 1211 413 1350 447; x_wconf 87' lang='lat' dir='ltr'><strong>addebat</strong></span> 
     </span>
     <span class='ocr_line' id='line_1_4' title="bbox 308 475 1351 524; baseline -0.008 -9"><span class='ocrx_word' id='word_1_18' title='bbox 308 482 415 524; x_wconf 76' lang='lat' dir='ltr'><strong>opifex</strong></span> <span class='ocrx_word' id='word_1_19' title='bbox 433 484 537 520; x_wconf 82' lang='lat' dir='ltr'><strong>Deus;</strong></span> <span class='ocrx_word' id='word_1_20' title='bbox 557 482 653 521; x_wconf 88' lang='lat' dir='ltr'><strong>atque</strong></span> <span class='ocrx_word' id='word_1_21' title='bbox 675 483 711 510; x_wconf 90' lang='lat' dir='ltr'><strong>ut</strong></span> <span class='ocrx_word' id='word_1_22' title='bbox 736 487 849 515; x_wconf 84' lang='lat' dir='ltr'><strong>mens,</strong></span> <span class='ocrx_word' id='word_1_23' title='bbox 868 477 959 516; x_wconf 80' lang='lat' dir='ltr'><strong>cujus</strong></span> <span class='ocrx_word' id='word_1_24' title='bbox 982 475 1089 513; x_wconf 89' lang='lat' dir='ltr'><strong>visus,</strong></span> <span class='ocrx_word' id='word_1_25' title='bbox 1108 475 1351 516; x_wconf 84' lang='lat' dir='ltr'><strong>contemplatio-</strong></span> 
     </span>
     <span class='ocr_line' id='line_1_5' title="bbox 308 533 1348 583; baseline -0.008 -10"><span class='ocrx_word' id='word_1_26' title='bbox 308 533 389 583; x_wconf 41' lang='lat' dir='ltr'><strong>que&#39;,</strong></span> <span class='ocrx_word' id='word_1_27' title='bbox 408 539 591 572; x_wconf 82' lang='lat' dir='ltr'><strong>intellectus</strong></span> <span class='ocrx_word' id='word_1_28' title='bbox 611 541 659 570; x_wconf 87' lang='lat' dir='ltr'><strong>est</strong></span> <span class='ocrx_word' id='word_1_29' title='bbox 672 562 680 577; x_wconf 91' lang='lat'>,</span> <span class='ocrx_word' id='word_1_30' title='bbox 697 537 839 569; x_wconf 82' lang='lat' dir='ltr'><strong>idearum</strong></span> <span class='ocrx_word' id='word_1_31' title='bbox 862 543 976 574; x_wconf 69' lang='lat' dir='ltr'><strong>genera</strong></span> <span class='ocrx_word' id='word_1_32' title='bbox 994 534 1228 575; x_wconf 74' lang='lat' dir='ltr'>contemplatur</span> <span class='ocrx_word' id='word_1_33' title='bbox 1247 535 1279 566; x_wconf 90' lang='lat' dir='ltr'><strong>in</strong></span> <span class='ocrx_word' id='word_1_34' title='bbox 1298 534 1348 566; x_wconf 86' lang='lat' dir='ltr'><strong>in·</strong></span> 
     </span>
     <span class='ocr_line' id='line_1_6' title="bbox 307 593 1351 640; baseline -0.006 -8"><span class='ocrx_word' id='word_1_35' title='bbox 307 599 462 640; x_wconf 82' lang='lat' dir='ltr'><strong>telligibili</strong></span> <span class='ocrx_word' id='word_1_36' title='bbox 482 598 623 637; x_wconf 89' lang='lat' dir='ltr'><strong>mundo,</strong></span> <span class='ocrx_word' id='word_1_37' title='bbox 642 605 715 638; x_wconf 88' lang='lat' dir='ltr'><strong>quae</strong></span> <span class='ocrx_word' id='word_1_38' title='bbox 732 595 812 627; x_wconf 90' lang='lat' dir='ltr'><strong>ideae</strong></span> <span class='ocrx_word' id='word_1_39' title='bbox 827 595 891 626; x_wconf 91' lang='lat' dir='ltr'><strong>illic</strong></span> <span class='ocrx_word' id='word_1_40' title='bbox 910 595 984 625; x_wconf 87' lang='lat' dir='ltr'><strong>snut</strong></span> <span class='ocrx_word' id='word_1_41' title='bbox 1000 593 1150 625; x_wconf 87' lang='lat' dir='ltr'><strong>animalia</strong></span> <span class='ocrx_word' id='word_1_42' title='bbox 1170 604 1178 624; x_wconf 91' lang='lat'>:</span> <span class='ocrx_word' id='word_1_43' title='bbox 1197 594 1242 625; x_wconf 86' lang='lat' dir='ltr'><strong>sic</strong></span> <span class='ocrx_word' id='word_1_44' title='bbox 1263 596 1351 626; x_wconf 89' lang='lat' dir='ltr'><strong>Deus</strong></span> 
     </span>
     <span class='ocr_line' id='line_1_7' title="bbox 308 652 1352 698; baseline -0.006 -7"><span class='ocrx_word' id='word_1_45' title='bbox 308 660 339 691; x_wconf 89' lang='lat' dir='ltr'><strong>in</strong></span> <span class='ocrx_word' id='word_1_46' title='bbox 362 659 422 691; x_wconf 83' lang='lat' dir='ltr'><strong>linc</strong></span> <span class='ocrx_word' id='word_1_47' title='bbox 444 666 538 698; x_wconf 89' lang='lat' dir='ltr'><strong>opere</strong></span> <span class='ocrx_word' id='word_1_48' title='bbox 560 665 618 687; x_wconf 84' lang='lat' dir='ltr'><strong>sno</strong></span> <span class='ocrx_word' id='word_1_49' title='bbox 638 655 743 687; x_wconf 82' lang='lat' dir='ltr'>sensili</span> <span class='ocrx_word' id='word_1_50' title='bbox 758 654 884 685; x_wconf 83' lang='lat' dir='ltr'><strong>diversa</strong></span> <span class='ocrx_word' id='word_1_51' title='bbox 903 652 1088 684; x_wconf 81' lang='lat' dir='ltr'><strong>animalium</strong></span> <span class='ocrx_word' id='word_1_52' title='bbox 1106 661 1221 692; x_wconf 83' lang='lat' dir='ltr'><strong>genera</strong></span> <span class='ocrx_word' id='word_1_53' title='bbox 1239 654 1352 685; x_wconf 83' lang='lat' dir='ltr'><strong>statuit</strong></span> 
     </span>
    </p>
   </div>
   <div class='ocr_carea' id='block_1_3' title="bbox 200 700 1350 754">
    <p class='ocr_par' dir='ltr' id='par_1_3' title="bbox 200 700 1350 754">
     <span class='ocr_line' id='line_1_8' title="bbox 200 700 1350 754; baseline -0.004 -5"><span class='ocrx_word' id='word_1_54' title='bbox 200 706 226 731; x_wconf 28' lang='grc' dir='ltr'><strong>μ’</strong></span> <span class='ocrx_word' id='word_1_55' title='bbox 253 700 261 730; x_wconf 53' lang='lat'><strong>·³</strong></span> <span class='ocrx_word' id='word_1_56' title='bbox 309 725 375 749; x_wconf 82' lang='lat' dir='ltr'><strong>esse</strong></span> <span class='ocrx_word' id='word_1_57' title='bbox 406 715 543 754; x_wconf 85' lang='lat' dir='ltr'><strong>debere,</strong></span> <span class='ocrx_word' id='word_1_58' title='bbox 570 713 800 752; x_wconf 86' lang='lat' dir='ltr'><strong>constituitque</strong></span> <span class='ocrx_word' id='word_1_59' title='bbox 829 712 979 751; x_wconf 87' lang='lat' dir='ltr'><strong>quatuor.</strong></span> <span class='ocrx_word' id='word_1_60' title='bbox 1024 710 1168 742; x_wconf 80' lang='lat' dir='ltr'><strong>Primum</strong></span> <span class='ocrx_word' id='word_1_61' title='bbox 1198 711 1350 751; x_wconf 89' lang='lat' dir='ltr'><strong>coeleste,</strong></span> 
     </span>
    </p>
   </div>
   <div class='ocr_carea' id='block_1_4' title="bbox 220 2116 282 2153">
    <p class='ocr_par' dir='ltr' id='par_1_4' title="bbox 220 2116 282 2153">
     <span class='ocr_line' id='line_1_9' title="bbox 220 2116 282 2153; baseline 0.032 -2"><span class='ocrx_word' id='word_1_62' title='bbox 220 2116 282 2153; x_wconf 69' lang='lat'><strong>140</strong></span> 
     </span>
    </p>
   </div>
   <div class='ocr_carea' id='block_1_5' title="bbox 308 769 1354 1635">
    <p class='ocr_par' dir='ltr' id='par_1_5' title="bbox 308 769 1354 1635">
     <span class='ocr_line' id='line_1_10' title="bbox 309 769 1351 816; baseline -0.005 -9"><span class='ocrx_word' id='word_1_63' title='bbox 309 775 435 816; x_wconf 86' lang='lat' dir='ltr'><strong>plenum</strong></span> <span class='ocrx_word' id='word_1_64' title='bbox 452 772 625 805; x_wconf 89' lang='lat' dir='ltr'><strong>divinitatis</strong></span> <span class='ocrx_word' id='word_1_65' title='bbox 643 780 651 799; x_wconf 89' lang='lat'>:</span> <span class='ocrx_word' id='word_1_66' title='bbox 673 770 759 802; x_wconf 90' lang='lat' dir='ltr'><strong>aliud</strong></span> <span class='ocrx_word' id='word_1_67' title='bbox 775 769 888 801; x_wconf 89' lang='lat' dir='ltr'><strong>deinde</strong></span> <span class='ocrx_word' id='word_1_68' title='bbox 906 778 1030 810; x_wconf 80' lang='lat' dir='ltr'><strong>praepes</strong></span> <span class='ocrx_word' id='word_1_69' title='bbox 1051 769 1235 809; x_wconf 85' lang='lat' dir='ltr'><strong>aerivagum</strong></span> <span class='ocrx_word' id='word_1_70' title='bbox 1255 779 1263 802; x_wconf 92' lang='lat'>:</span> <span class='ocrx_word' id='word_1_71' title='bbox 1286 772 1351 804; x_wconf 83' lang='lat' dir='ltr'><strong>ter-</strong></span> 
     </span>
     <span class='ocr_line' id='line_1_11' title="bbox 310 828 1350 872; baseline -0.004 -7"><span class='ocrx_word' id='word_1_72' title='bbox 310 834 407 872; x_wconf 87' lang='lat' dir='ltr'><strong>tium,</strong></span> <span class='ocrx_word' id='word_1_73' title='bbox 427 841 519 872; x_wconf 86' lang='lat' dir='ltr'><strong>aquae</strong></span> <span class='ocrx_word' id='word_1_74' title='bbox 544 830 718 871; x_wconf 75' lang='lat' dir='ltr'><strong>liquoribus</strong></span> <span class='ocrx_word' id='word_1_75' title='bbox 733 828 1013 860; x_wconf 86' lang='lat' dir='ltr'><strong>accommodatum</strong></span> <span class='ocrx_word' id='word_1_76' title='bbox 1032 837 1041 860; x_wconf 78' lang='lat' dir='ltr'><strong><em>z</em></strong></span> <span class='ocrx_word' id='word_1_77' title='bbox 1069 830 1221 869; x_wconf 91' lang='lat' dir='ltr'><strong>quartum</strong></span> <span class='ocrx_word' id='word_1_78' title='bbox 1236 853 1245 870; x_wconf 89' lang='lat'>,</span> <span class='ocrx_word' id='word_1_79' title='bbox 1264 829 1350 871; x_wconf 90' lang='lat' dir='ltr'><strong>quod</strong></span> 
     </span>
     <span class='ocr_line' id='line_1_12' title="bbox 308 887 1350 929; baseline -0.002 -5"><span class='ocrx_word' id='word_1_80' title='bbox 308 895 431 924; x_wconf 82' lang='lat' dir='ltr'><strong>terrena</strong></span> <span class='ocrx_word' id='word_1_81' title='bbox 451 889 594 921; x_wconf 79' lang='lat' dir='ltr'>soliditas</span> <span class='ocrx_word' id='word_1_82' title='bbox 617 888 797 920; x_wconf 82' lang='lat' dir='ltr'><strong>sustineret.</strong></span> <span class='ocrx_word' id='word_1_83' title='bbox 841 889 880 919; x_wconf 78' lang='lat' dir='ltr'><strong>Et</strong></span> <span class='ocrx_word' id='word_1_84' title='bbox 897 887 1000 919; x_wconf 88' lang='lat' dir='ltr'><strong>divini</strong></span> <span class='ocrx_word' id='word_1_85' title='bbox 1018 888 1149 927; x_wconf 89' lang='lat' dir='ltr'><strong>quidem</strong></span> <span class='ocrx_word' id='word_1_86' title='bbox 1165 889 1290 929; x_wconf 86' lang='lat' dir='ltr'><strong>generis</strong></span> <span class='ocrx_word' id='word_1_87' title='bbox 1310 899 1350 922; x_wconf 89' lang='lat' dir='ltr'><strong>ex</strong></span> 
     </span>
     <span class='ocr_line' id='line_1_13' title="bbox 310 946 1348 989; baseline 0.002 -10"><span class='ocrx_word' id='word_1_88' title='bbox 310 951 397 989; x_wconf 81' lang='lat' dir='ltr'><strong>parte</strong></span> <span class='ocrx_word' id='word_1_89' title='bbox 413 949 552 980; x_wconf 81' lang='lat' dir='ltr'><strong>maxima</strong></span> <span class='ocrx_word' id='word_1_90' title='bbox 562 947 700 988; x_wconf 88' lang='lat' dir='ltr'><strong>speciem</strong></span> <span class='ocrx_word' id='word_1_91' title='bbox 718 946 798 986; x_wconf 87' lang='lat' dir='ltr'><strong>ignis</strong></span> <span class='ocrx_word' id='word_1_92' title='bbox 815 955 925 978; x_wconf 85' lang='lat' dir='ltr'><strong>serena</strong></span> <span class='ocrx_word' id='word_1_93' title='bbox 939 946 1128 979; x_wconf 79' lang='lat' dir='ltr'><strong>claritudine</strong></span> <span class='ocrx_word' id='word_1_94' title='bbox 1143 947 1321 989; x_wconf 78' lang='lat' dir='ltr'><strong>perpolibat</strong></span> <span class='ocrx_word' id='word_1_95' title='bbox 1341 961 1348 981; x_wconf 79' lang='lat' dir='ltr'>z</span> 
     </span>
     <span class='ocr_line' id='line_1_14' title="bbox 310 1004 1351 1049; baseline -0.001 -9"><span class='ocrx_word' id='word_1_96' title='bbox 310 1011 346 1040; x_wconf 88' lang='lat' dir='ltr'><strong>ut</strong></span> <span class='ocrx_word' id='word_1_97' title='bbox 366 1010 495 1049; x_wconf 89' lang='lat' dir='ltr'><strong>propter</strong></span> <span class='ocrx_word' id='word_1_98' title='bbox 512 1005 664 1038; x_wconf 88' lang='lat' dir='ltr'><strong>eximium</strong></span> <span class='ocrx_word' id='word_1_99' title='bbox 682 1004 885 1044; x_wconf 84' lang='lat' dir='ltr'><strong>splendorem</strong></span> <span class='ocrx_word' id='word_1_100' title='bbox 897 1029 906 1044; x_wconf 94' lang='lat'>‚</span> <span class='ocrx_word' id='word_1_101' title='bbox 925 1005 1146 1047; x_wconf 85' lang='lat' dir='ltr'><strong>nitoremque,</strong></span> <span class='ocrx_word' id='word_1_102' title='bbox 1165 1006 1351 1039; x_wconf 87' lang='lat' dir='ltr'><strong>videntibus</strong></span> 
     </span>
     <span class='ocr_line' id='line_1_15' title="bbox 308 1063 1353 1105; baseline -0.002 -6"><span class='ocrx_word' id='word_1_103' title='bbox 308 1070 387 1099; x_wconf 89' lang='lat' dir='ltr'><strong>esset</strong></span> <span class='ocrx_word' id='word_1_104' title='bbox 398 1089 406 1105; x_wconf 87' lang='lat'><em>,</em></span> <span class='ocrx_word' id='word_1_105' title='bbox 422 1065 614 1105; x_wconf 86' lang='lat' dir='ltr'><strong>visnrisque‚</strong></span> <span class='ocrx_word' id='word_1_106' title='bbox 630 1063 831 1096; x_wconf 82' lang='lat' dir='ltr'><strong>venerabilis.</strong></span> <span class='ocrx_word' id='word_1_107' title='bbox 877 1063 1025 1104; x_wconf 82' lang='lat' dir='ltr'><strong>Figuram</strong></span> <span class='ocrx_word' id='word_1_108' title='bbox 1044 1073 1140 1105; x_wconf 85' lang='lat' dir='ltr'><strong>porro</strong></span> <span class='ocrx_word' id='word_1_109' title='bbox 1156 1064 1226 1104; x_wconf 73' lang='lat' dir='ltr'><strong>cius</strong></span> <span class='ocrx_word' id='word_1_110' title='bbox 1242 1065 1353 1105; x_wconf 81' lang='lat' dir='ltr'><strong>figurae</strong></span> 
     </span>
     <span class='ocr_line' id='line_1_16' title="bbox 310 1122 1350 1163; baseline 0 -7"><span class='ocrx_word' id='word_1_111' title='bbox 310 1125 419 1157; x_wconf 86' lang='lat' dir='ltr'><strong>mnndi</strong></span> <span class='ocrx_word' id='word_1_112' title='bbox 434 1123 636 1163; x_wconf 84' lang='lat' dir='ltr'><strong>intelligibilis</strong></span> <span class='ocrx_word' id='word_1_113' title='bbox 650 1122 898 1154; x_wconf 76' lang='lat' dir='ltr'><strong>accommodans</strong></span> <span class='ocrx_word' id='word_1_114' title='bbox 920 1123 1185 1156; x_wconf 80' lang='lat' dir='ltr'><strong>indeclinabiliter</strong></span> <span class='ocrx_word' id='word_1_115' title='bbox 1200 1126 1350 1156; x_wconf 85' lang='lat' dir='ltr'><strong>venusta-</strong></span> 
     </span>
     <span class='ocr_line' id='line_1_17' title="bbox 309 1181 1347 1223; baseline 0 -9"><span class='ocrx_word' id='word_1_116' title='bbox 309 1183 373 1215; x_wconf 84' lang='lat' dir='ltr'><strong>bat.</strong></span> <span class='ocrx_word' id='word_1_117' title='bbox 421 1184 604 1221; x_wconf 84' lang='lat' dir='ltr'><strong>Totumque</strong></span> <span class='ocrx_word' id='word_1_118' title='bbox 623 1190 699 1213; x_wconf 91' lang='lat' dir='ltr'><strong>eum</strong></span> <span class='ocrx_word' id='word_1_119' title='bbox 723 1181 831 1221; x_wconf 80' lang='lat' dir='ltr'><strong>posuit</strong></span> <span class='ocrx_word' id='word_1_120' title='bbox 853 1181 883 1213; x_wconf 91' lang='lat' dir='ltr'><strong>in</strong></span> <span class='ocrx_word' id='word_1_121' title='bbox 906 1182 1028 1221; x_wconf 82' lang='lat' dir='ltr'><strong>gremio</strong></span> <span class='ocrx_word' id='word_1_122' title='bbox 1052 1182 1232 1223; x_wconf 81' lang='lat' dir='ltr'><strong>prudentiae</strong></span> <span class='ocrx_word' id='word_1_123' title='bbox 1254 1183 1347 1222; x_wconf 88' lang='lat' dir='ltr'><strong>caeli,</strong></span> 
     </span>
     <span class='ocr_line' id='line_1_18' title="bbox 309 1240 1354 1283; baseline 0.001 -10"><span class='ocrx_word' id='word_1_124' title='bbox 309 1242 451 1282; x_wconf 86' lang='lat' dir='ltr'><strong>undique</strong></span> <span class='ocrx_word' id='word_1_125' title='bbox 500 1240 667 1272; x_wconf 77' lang='lat' dir='ltr'><strong>ineffabilis</strong></span> <span class='ocrx_word' id='word_1_126' title='bbox 717 1241 961 1283; x_wconf 79' lang='lat' dir='ltr'><strong>pulchritudinis</strong></span> <span class='ocrx_word' id='word_1_127' title='bbox 1002 1242 1198 1274; x_wconf 85' lang='lat' dir='ltr'><strong>ornamentis</strong></span> <span class='ocrx_word' id='word_1_128' title='bbox 1233 1242 1354 1282; x_wconf 83' lang='lat' dir='ltr'><strong>stipans</strong></span> 
     </span>
     <span class='ocr_line' id='line_1_19' title="bbox 309 1299 1354 1341; baseline 0.001 -9"><span class='ocrx_word' id='word_1_129' title='bbox 309 1309 403 1339; x_wconf 82' lang='lat' dir='ltr'><strong>cnm,</strong></span> <span class='ocrx_word' id='word_1_130' title='bbox 422 1300 454 1331; x_wconf 90' lang='lat' dir='ltr'><strong>et</strong></span> <span class='ocrx_word' id='word_1_131' title='bbox 479 1300 715 1338; x_wconf 81' lang='lat' dir='ltr'><strong>convegctans‚</strong></span> <span class='ocrx_word' id='word_1_132' title='bbox 735 1299 774 1330; x_wconf 92' lang='lat' dir='ltr'><strong>ad</strong></span> <span class='ocrx_word' id='word_1_133' title='bbox 801 1299 1012 1331; x_wconf 83' lang='lat' dir='ltr'><strong>aeternitatem</strong></span> <span class='ocrx_word' id='word_1_134' title='bbox 1044 1312 1051 1332; x_wconf 87' lang='lat'>:</span> <span class='ocrx_word' id='word_1_135' title='bbox 1074 1302 1266 1341; x_wconf 86' lang='lat' dir='ltr'><strong>motumque</strong></span> <span class='ocrx_word' id='word_1_136' title='bbox 1285 1301 1354 1340; x_wconf 88' lang='lat' dir='ltr'><strong>ejus</strong></span> 
     </span>
     <span class='ocr_line' id='line_1_20' title="bbox 308 1358 1352 1399; baseline 0.002 -9"><span class='ocrx_word' id='word_1_137' title='bbox 308 1358 434 1390; x_wconf 87' lang='lat' dir='ltr'><strong>circulis</strong></span> <span class='ocrx_word' id='word_1_138' title='bbox 451 1358 693 1389; x_wconf 87' lang='lat' dir='ltr'><strong>convenientem</strong></span> <span class='ocrx_word' id='word_1_139' title='bbox 704 1382 712 1398; x_wconf 88' lang='lat'><em>,</em></span> <span class='ocrx_word' id='word_1_140' title='bbox 730 1358 762 1390; x_wconf 78' lang='lat' dir='ltr'><strong>et</strong></span> <span class='ocrx_word' id='word_1_141' title='bbox 784 1367 839 1398; x_wconf 89' lang='lat' dir='ltr'><strong>pro</strong></span> <span class='ocrx_word' id='word_1_142' title='bbox 855 1358 1012 1398; x_wconf 87' lang='lat' dir='ltr'><strong>cujusque</strong></span> <span class='ocrx_word' id='word_1_143' title='bbox 1033 1360 1149 1390; x_wconf 86' lang='lat' dir='ltr'><strong>natura</strong></span> <span class='ocrx_word' id='word_1_144' title='bbox 1161 1383 1170 1399; x_wconf 87' lang='lat'>‚</span> <span class='ocrx_word' id='word_1_145' title='bbox 1187 1369 1352 1392; x_wconf 85' lang='lat' dir='ltr'><strong>commen-</strong></span> 
     </span>
     <span class='ocr_line' id='line_1_21' title="bbox 308 1415 1345 1458; baseline 0.001 -9"><span class='ocrx_word' id='word_1_146' title='bbox 308 1419 360 1449; x_wconf 82' lang='lat' dir='ltr'><strong>tus</strong></span> <span class='ocrx_word' id='word_1_147' title='bbox 382 1417 441 1448; x_wconf 83' lang='lat' dir='ltr'><strong>est.</strong></span> <span class='ocrx_word' id='word_1_148' title='bbox 487 1415 631 1448; x_wconf 82' lang='lat' dir='ltr'><strong>Alterum</strong></span> <span class='ocrx_word' id='word_1_149' title='bbox 655 1416 775 1448; x_wconf 88' lang='lat' dir='ltr'><strong>circum</strong></span> <span class='ocrx_word' id='word_1_150' title='bbox 802 1425 857 1455; x_wconf 87' lang='lat' dir='ltr'><strong>se,</strong></span> <span class='ocrx_word' id='word_1_151' title='bbox 881 1426 999 1457; x_wconf 85' lang='lat' dir='ltr'><strong>perque</strong></span> <span class='ocrx_word' id='word_1_152' title='bbox 1025 1418 1160 1450; x_wconf 88' lang='lat' dir='ltr'><strong>eandem</strong></span> <span class='ocrx_word' id='word_1_153' title='bbox 1187 1419 1345 1458; x_wconf 88' lang='lat' dir='ltr'><strong>orbitam,</strong></span> 
     </span>
     <span class='ocr_line' id='line_1_22' title="bbox 308 1475 1353 1518; baseline 0 -10"><span class='ocrx_word' id='word_1_154' title='bbox 308 1484 432 1517; x_wconf 87' lang='lat' dir='ltr'><strong>semper</strong></span> <span class='ocrx_word' id='word_1_155' title='bbox 450 1475 623 1508; x_wconf 87' lang='lat' dir='ltr'><strong>obeuntem</strong></span> <span class='ocrx_word' id='word_1_156' title='bbox 637 1499 646 1514; x_wconf 91' lang='lat'>,</span> <span class='ocrx_word' id='word_1_157' title='bbox 660 1475 836 1516; x_wconf 85' lang='lat' dir='ltr'><strong>eademque</strong></span> <span class='ocrx_word' id='word_1_158' title='bbox 855 1484 981 1516; x_wconf 88' lang='lat' dir='ltr'><strong>semper</strong></span> <span class='ocrx_word' id='word_1_159' title='bbox 998 1475 1230 1510; x_wconf 84' lang='lat' dir='ltr'><strong>deliberantem</strong></span> <span class='ocrx_word' id='word_1_160' title='bbox 1242 1502 1251 1518; x_wconf 92' lang='lat'><strong>‚</strong></span> <span class='ocrx_word' id='word_1_161' title='bbox 1263 1486 1299 1509; x_wconf 88' lang='lat' dir='ltr'><strong>ac</strong></span> <span class='ocrx_word' id='word_1_162' title='bbox 1313 1477 1353 1509; x_wconf 89' lang='lat' dir='ltr'><strong>de</strong></span> 
     </span>
     <span class='ocr_line' id='line_1_23' title="bbox 309 1523 1349 1577; baseline 0.002 -11"><span class='ocrx_word' id='word_1_163' title='bbox 309 1534 423 1567; x_wconf 84' lang='lat' dir='ltr'><strong>iisdem</strong></span> <span class='ocrx_word' id='word_1_164' title='bbox 441 1534 694 1566; x_wconf 83' lang='lat' dir='ltr'><strong>ratiocinantem.</strong></span> <span class='ocrx_word' id='word_1_165' title='bbox 740 1534 883 1567; x_wconf 81' lang='lat' dir='ltr'><strong>Alterum</strong></span> <span class='ocrx_word' id='word_1_166' title='bbox 909 1543 985 1566; x_wconf 90' lang='lat' dir='ltr'><strong>vero</strong></span> <span class='ocrx_word' id='word_1_167' title='bbox 1007 1523 1123 1576; x_wconf 76' lang='lat' dir='ltr'><strong>talem,</strong></span> <span class='ocrx_word' id='word_1_168' title='bbox 1145 1537 1199 1577; x_wconf 84' lang='lat' dir='ltr'><strong>qui</strong></span> <span class='ocrx_word' id='word_1_169' title='bbox 1222 1545 1349 1577; x_wconf 90' lang='lat' dir='ltr'><strong>semper</strong></span> 
     </span>
     <span class='ocr_line' id='line_1_24' title="bbox 310 1592 1348 1635; baseline 0.002 -10"><span class='ocrx_word' id='word_1_170' title='bbox 310 1593 391 1625; x_wconf 86' lang='lat' dir='ltr'><strong>ultra</strong></span> <span class='ocrx_word' id='word_1_171' title='bbox 411 1592 581 1633; x_wconf 84' lang='lat' dir='ltr'><strong>procedere</strong></span> <span class='ocrx_word' id='word_1_172' title='bbox 600 1592 753 1633; x_wconf 81' lang='lat' dir='ltr'><strong>gestiens,</strong></span> <span class='ocrx_word' id='word_1_173' title='bbox 772 1593 917 1632; x_wconf 79' lang='lat' dir='ltr'><strong>ejusdem</strong></span> <span class='ocrx_word' id='word_1_174' title='bbox 943 1597 1040 1635; x_wconf 87' lang='lat' dir='ltr'><strong>atque</strong></span> <span class='ocrx_word' id='word_1_175' title='bbox 1060 1595 1273 1627; x_wconf 85' lang='lat' dir='ltr'><strong>immutabilis</strong></span> <span class='ocrx_word' id='word_1_176' title='bbox 1291 1604 1348 1627; x_wconf 91' lang='lat' dir='ltr'><strong>na-</strong></span> 
     </span>
    </p>
   </div>
   <div class='ocr_carea' id='block_1_6' title="bbox 307 1710 1355 2760">
    <p class='ocr_par' dir='ltr' id='par_1_6' title="bbox 307 1710 1355 2760">
     <span class='ocr_line' id='line_1_25' title="bbox 308 1710 1351 1765; baseline 0.004 -16"><span class='ocrx_word' id='word_1_177' title='bbox 308 1710 344 1749; x_wconf 80' lang='grc' dir='ltr'><strong>δὲ</strong></span> <span class='ocrx_word' id='word_1_178' title='bbox 372 1710 479 1762; x_wconf 85' lang='grc' dir='ltr'>μήπω</span> <span class='ocrx_word' id='word_1_179' title='bbox 498 1711 543 1749; x_wconf 75' lang='grc' dir='ltr'><strong>τὰ</strong></span> <span class='ocrx_word' id='word_1_180' title='bbox 563 1711 678 1750; x_wconf 78' lang='grc' dir='ltr'>πάντα</span> <span class='ocrx_word' id='word_1_181' title='bbox 705 1714 775 1764; x_wconf 75' lang='grc' dir='ltr'><strong>ζῷα</strong></span> <span class='ocrx_word' id='word_1_182' title='bbox 801 1712 893 1757; x_wconf 78' lang='grc' dir='ltr'>ἐντὸς</span> <span class='ocrx_word' id='word_1_183' title='bbox 915 1714 1019 1751; x_wconf 73' lang='grc' dir='ltr'>αὑτοῦ</span> <span class='ocrx_word' id='word_1_184' title='bbox 1048 1714 1262 1765; x_wconf 74' lang='grc' dir='ltr'>γεγενημένοι</span> <span class='ocrx_word' id='word_1_185' title='bbox 1288 1731 1351 1753; x_wconf 87' lang='grc' dir='ltr'><strong>πε-</strong></span> 
     </span>
     <span class='ocr_line' id='line_1_26' title="bbox 309 1765 1353 1823; baseline 0.006 -16"><span class='ocrx_word' id='word_1_186' title='bbox 309 1769 541 1822; x_wconf 79' lang='grc' dir='ltr'>ριειληφέναι,</span> <span class='ocrx_word' id='word_1_187' title='bbox 562 1770 671 1822; x_wconf 72' lang='grc' dir='ltr'>ταύτῃ</span> <span class='ocrx_word' id='word_1_188' title='bbox 694 1770 743 1808; x_wconf 86' lang='grc' dir='ltr'><strong>ἔτι</strong></span> <span class='ocrx_word' id='word_1_189' title='bbox 764 1765 855 1823; x_wconf 65' lang='grc' dir='ltr'>εἶχεν</span> <span class='ocrx_word' id='word_1_190' title='bbox 877 1772 1063 1821; x_wconf 82' lang='grc' dir='ltr'>ἀνομοίως.</span> <span class='ocrx_word' id='word_1_191' title='bbox 1121 1775 1236 1812; x_wconf 79' lang='grc' dir='ltr'>Ἰοῧτο</span> <span class='ocrx_word' id='word_1_192' title='bbox 1253 1773 1294 1820; x_wconf 85' lang='grc' dir='ltr'><strong>δὴ</strong></span> <span class='ocrx_word' id='word_1_193' title='bbox 1315 1774 1353 1813; x_wconf 78' lang='grc' dir='ltr'><strong>τὸ</strong></span> 
     </span>
     <span class='ocr_line' id='line_1_27' title="bbox 308 1828 1353 1892; baseline 0.003 -26"><span class='ocrx_word' id='word_1_194' title='bbox 308 1828 520 1867; x_wconf 81' lang='grc' dir='ltr'>κατάλοιπον</span> <span class='ocrx_word' id='word_1_195' title='bbox 539 1830 766 1880; x_wconf 79' lang='grc' dir='ltr'>ἀπειργάζετο</span> <span class='ocrx_word' id='word_1_196' title='bbox 788 1831 892 1868; x_wconf 77' lang='grc' dir='ltr'>αὐτου</span> <span class='ocrx_word' id='word_1_197' title='bbox 913 1832 998 1879; x_wconf 83' lang='grc' dir='ltr'>πρὸς</span> <span class='ocrx_word' id='word_1_198' title='bbox 1021 1831 1112 1892; x_wconf 47' lang='grc' dir='ltr'>τὴνυ</span> <span class='ocrx_word' id='word_1_199' title='bbox 1103 1847 1164 1869; x_wconf 90' lang='grc' dir='ltr'><strong>του</strong></span> <span class='ocrx_word' id='word_1_200' title='bbox 1186 1831 1353 1884; x_wconf 85' lang='grc' dir='ltr'>παραδεί-</span> 
     </span>
     <span class='ocr_line' id='line_1_28' title="bbox 309 1886 1354 1945; baseline 0.004 -21"><span class='ocrx_word' id='word_1_201' title='bbox 309 1902 440 1937; x_wconf 81' lang='grc' dir='ltr'>γματος</span> <span class='ocrx_word' id='word_1_202' title='bbox 461 1886 740 1937; x_wconf 81' lang='grc' dir='ltr'>ἇποτυπούμενος</span> <span class='ocrx_word' id='word_1_203' title='bbox 760 1887 876 1940; x_wconf 81' lang='grc' dir='ltr'>φύσιν.</span> <span class='ocrx_word' id='word_1_204' title='bbox 941 1891 1056 1945; x_wconf 68' lang='grc' dir='ltr'>“ῌπερ</span> <span class='ocrx_word' id='word_1_205' title='bbox 1073 1894 1131 1928; x_wconf 85' lang='grc' dir='ltr'><strong>οὖν</strong></span> <span class='ocrx_word' id='word_1_206' title='bbox 1162 1906 1237 1933; x_wconf 80' lang='grc' dir='ltr'>νους</span> <span class='ocrx_word' id='word_1_207' title='bbox 1257 1889 1354 1928; x_wconf 82' lang='grc' dir='ltr'>ἐνού-</span> 
     </span>
     <span class='ocr_line' id='line_1_29' title="bbox 308 1941 1352 1999; baseline 0.004 -17"><span class='ocrx_word' id='word_1_208' title='bbox 308 1961 372 1988; x_wconf 82' lang='grc' dir='ltr'>σας</span> <span class='ocrx_word' id='word_1_209' title='bbox 397 1944 487 1987; x_wconf 76' lang='grc' dir='ltr'>ἰδέας</span> <span class='ocrx_word' id='word_1_210' title='bbox 510 1962 559 1983; x_wconf 87' lang='grc' dir='ltr'><strong>τω</strong></span> <span class='ocrx_word' id='word_1_211' title='bbox 588 1945 606 1984; x_wconf 79' lang='grc' dir='ltr'>ὃ</span> <span class='ocrx_word' id='word_1_212' title='bbox 635 1945 708 1984; x_wconf 86' lang='grc' dir='ltr'>ἔστι</span> <span class='ocrx_word' id='word_1_213' title='bbox 737 1948 844 1999; x_wconf 88' lang='grc' dir='ltr'>ζῳον,</span> <span class='ocrx_word' id='word_1_214' title='bbox 873 1941 944 1985; x_wconf 68' lang='grc' dir='ltr'>οἶαί</span> <span class='ocrx_word' id='word_1_215' title='bbox 965 1964 1003 1986; x_wconf 90' lang='grc' dir='ltr'><strong>τε</strong></span> <span class='ocrx_word' id='word_1_216' title='bbox 1032 1948 1134 1988; x_wconf 82' lang='grc' dir='ltr'>ἔνεισι</span> <span class='ocrx_word' id='word_1_217' title='bbox 1164 1948 1223 1987; x_wconf 85' lang='grc' dir='ltr'><strong>καὶ</strong></span> <span class='ocrx_word' id='word_1_218' title='bbox 1255 1947 1352 1996; x_wconf 75' lang='grc' dir='ltr'>ὅσαι,</span> 
     </span>
     <span class='ocr_line' id='line_1_30' title="bbox 307 2003 1354 2056; baseline 0.004 -15"><span class='ocrx_word' id='word_1_219' title='bbox 307 2007 456 2056; x_wconf 75' lang='grc' dir='ltr'>καθορᾷ,</span> <span class='ocrx_word' id='word_1_220' title='bbox 476 2003 636 2048; x_wconf 76' lang='grc' dir='ltr'>τοιαύτας</span> <span class='ocrx_word' id='word_1_221' title='bbox 656 2005 715 2043; x_wconf 84' lang='grc' dir='ltr'><strong>καὶ</strong></span> <span class='ocrx_word' id='word_1_222' title='bbox 735 2005 905 2050; x_wconf 80' lang='grc' dir='ltr'>τοσαύτας</span> <span class='ocrx_word' id='word_1_223' title='bbox 925 2006 1122 2053; x_wconf 73' lang='grc' dir='ltr'>διενοήθη</span> <span class='ocrx_word' id='word_1_224' title='bbox 1104 2013 1172 2045; x_wconf 78' lang='grc' dir='ltr'>οεῖν</span> <span class='ocrx_word' id='word_1_225' title='bbox 1194 2023 1253 2045; x_wconf 71' lang='grc' dir='ltr'><strong>και</strong></span> <span class='ocrx_word' id='word_1_226' title='bbox 1276 2007 1354 2045; x_wconf 84' lang='grc' dir='ltr'>τόδε</span> 
     </span>
     <span class='ocr_line' id='line_1_31' title="bbox 309 2062 1352 2118; baseline 0.005 -19"><span class='ocrx_word' id='word_1_227' title='bbox 309 2067 419 2114; x_wconf 69' lang='grc' dir='ltr'>σχεῖν.</span> <span class='ocrx_word' id='word_1_228' title='bbox 480 2062 558 2101; x_wconf 58' lang='lat' dir='ltr'><strong>laist</strong></span> <span class='ocrx_word' id='word_1_229' title='bbox 592 2063 626 2100; x_wconf 80' lang='grc' dir='ltr'>δε</span> <span class='ocrx_word' id='word_1_230' title='bbox 663 2063 805 2116; x_wconf 69' lang='grc' dir='ltr'>τίτταρε</span> <span class='ocrx_word' id='word_1_231' title='bbox 809 2081 847 2114; x_wconf 79' lang='grc' dir='ltr'><strong>ς,</strong></span> <span class='ocrx_word' id='word_1_232' title='bbox 885 2065 948 2113; x_wconf 88' lang='grc' dir='ltr'><strong>μία</strong></span> <span class='ocrx_word' id='word_1_233' title='bbox 984 2065 1046 2115; x_wconf 83' lang='grc' dir='ltr'><strong>μὲν</strong></span> <span class='ocrx_word' id='word_1_234' title='bbox 1084 2066 1239 2118; x_wconf 73' lang='grc' dir='ltr'>οὐράνιον</span> <span class='ocrx_word' id='word_1_235' title='bbox 1270 2069 1352 2104; x_wconf 82' lang='grc' dir='ltr'>θεῶν</span> 
     </span>
     <span class='ocr_line' id='line_1_32' title="bbox 309 2120 1354 2181; baseline 0.006 -24"><span class='ocrx_word' id='word_1_236' title='bbox 309 2120 423 2170; x_wconf 84' lang='grc' dir='ltr'>γένος,</span> <span class='ocrx_word' id='word_1_237' title='bbox 429 2120 536 2181; x_wconf 49' lang='grc' dir='ltr'><strong>ἰἰα’ίλλη</strong></span> <span class='ocrx_word' id='word_1_238' title='bbox 566 2121 600 2159; x_wconf 79' lang='grc' dir='ltr'><strong>δὲ</strong></span> <span class='ocrx_word' id='word_1_239' title='bbox 633 2122 761 2169; x_wconf 79' lang='grc' dir='ltr'>πτηνὸν</span> <span class='ocrx_word' id='word_1_240' title='bbox 790 2124 849 2161; x_wconf 86' lang='grc' dir='ltr'><strong>καὶ</strong></span> <span class='ocrx_word' id='word_1_241' title='bbox 868 2124 1074 2176; x_wconf 85' lang='grc' dir='ltr'>ἀεροπόρον,</span> <span class='ocrx_word' id='word_1_242' title='bbox 1094 2124 1193 2176; x_wconf 85' lang='grc' dir='ltr'>τρίτη</span> <span class='ocrx_word' id='word_1_243' title='bbox 1223 2125 1256 2163; x_wconf 81' lang='grc' dir='ltr'><strong>δὲ</strong></span> <span class='ocrx_word' id='word_1_244' title='bbox 1279 2125 1354 2164; x_wconf 84' lang='grc' dir='ltr'>ἔνυ-</span> 
     </span>
     <span class='ocr_line' id='line_1_33' title="bbox 311 2172 1352 2236; baseline 0.006 -20"><span class='ocrx_word' id='word_1_245' title='bbox 311 2180 387 2230; x_wconf 82' lang='grc' dir='ltr'>δρον</span> <span class='ocrx_word' id='word_1_246' title='bbox 418 2172 523 2228; x_wconf 75' lang='grc' dir='ltr'>εἶδος,</span> <span class='ocrx_word' id='word_1_247' title='bbox 559 2180 658 2225; x_wconf 78' lang='grc' dir='ltr'>πεζὸν</span> <span class='ocrx_word' id='word_1_248' title='bbox 695 2180 731 2219; x_wconf 81' lang='grc' dir='ltr'><strong>δὲ</strong></span> <span class='ocrx_word' id='word_1_249' title='bbox 759 2181 818 2219; x_wconf 82' lang='grc' dir='ltr'><strong>καὶ</strong></span> <span class='ocrx_word' id='word_1_250' title='bbox 849 2189 1011 2234; x_wconf 78' lang='grc' dir='ltr'>χερσαῖον</span> <span class='ocrx_word' id='word_1_251' title='bbox 1043 2183 1222 2236; x_wconf 83' lang='grc' dir='ltr'>τέταρτον.</span> <span class='ocrx_word' id='word_1_252' title='bbox 1281 2186 1352 2223; x_wconf 79' lang='grc' dir='ltr'>Τοῦ</span> 
     </span>
     <span class='ocr_line' id='line_1_34' title="bbox 312 2237 1353 2294; baseline 0.006 -20"><span class='ocrx_word' id='word_1_253' title='bbox 312 2237 373 2286; x_wconf 80' lang='grc' dir='ltr'><strong>μὲν</strong></span> <span class='ocrx_word' id='word_1_254' title='bbox 405 2242 462 2275; x_wconf 89' lang='grc' dir='ltr'><strong>οὐν</strong></span> <span class='ocrx_word' id='word_1_255' title='bbox 500 2237 549 2276; x_wconf 84' lang='grc' dir='ltr'>οε’</span> <span class='ocrx_word' id='word_1_256' title='bbox 522 2254 588 2277; x_wconf 74' lang='lat' dir='ltr'><strong>e106</strong></span> <span class='ocrx_word' id='word_1_257' title='bbox 612 2239 674 2285; x_wconf 83' lang='grc' dir='ltr'><strong>τὴν</strong></span> <span class='ocrx_word' id='word_1_258' title='bbox 706 2240 874 2287; x_wconf 83' lang='grc' dir='ltr'>πλείστην</span> <span class='ocrx_word' id='word_1_259' title='bbox 903 2242 951 2279; x_wconf 84' lang='grc' dir='ltr'><strong>ιδε</strong></span> <span class='ocrx_word' id='word_1_260' title='bbox 956 2258 995 2279; x_wconf 88' lang='grc' dir='ltr'><strong>αν</strong></span> <span class='ocrx_word' id='word_1_261' title='bbox 1027 2258 1066 2279; x_wconf 87' lang='grc' dir='ltr'><strong>εκ</strong></span> <span class='ocrx_word' id='word_1_262' title='bbox 1103 2241 1209 2294; x_wconf 84' lang='grc' dir='ltr'>πυρὸς</span> <span class='ocrx_word' id='word_1_263' title='bbox 1240 2243 1353 2294; x_wconf 81' lang='grc' dir='ltr'>ἀπήρ-</span> 
     </span>
     <span class='ocr_line' id='line_1_35' title="bbox 312 2294 1353 2349; baseline 0.006 -17"><span class='ocrx_word' id='word_1_264' title='bbox 312 2295 412 2342; x_wconf 84' lang='grc' dir='ltr'>ξατο,</span> <span class='ocrx_word' id='word_1_265' title='bbox 439 2295 531 2339; x_wconf 75' lang='grc' dir='ltr'>ὅπως</span> <span class='ocrx_word' id='word_1_266' title='bbox 557 2294 609 2334; x_wconf 81' lang='grc' dir='ltr'><strong>ὅτι</strong></span> <span class='ocrx_word' id='word_1_267' title='bbox 633 2298 880 2349; x_wconf 63' lang='grc' dir='ltr'>Μιιπρότατον</span> <span class='ocrx_word' id='word_1_268' title='bbox 915 2300 996 2337; x_wconf 78' lang='grc' dir='ltr'>ἰδεῖν</span> <span class='ocrx_word' id='word_1_269' title='bbox 1021 2316 1054 2337; x_wconf 85' lang='grc' dir='ltr'><strong>τε</strong></span> <span class='ocrx_word' id='word_1_270' title='bbox 1075 2300 1260 2338; x_wconf 81' lang='grc' dir='ltr'>κάλλιστον</span> <span class='ocrx_word' id='word_1_271' title='bbox 1279 2299 1353 2348; x_wconf 86' lang='grc' dir='ltr'>εἴη,</span> 
     </span>
     <span class='ocr_line' id='line_1_36' title="bbox 312 2354 1355 2407; baseline 0.008 -17"><span class='ocrx_word' id='word_1_272' title='bbox 312 2356 361 2404; x_wconf 81' lang='grc' dir='ltr'><strong>τῷ</strong></span> <span class='ocrx_word' id='word_1_273' title='bbox 382 2355 416 2391; x_wconf 81' lang='grc' dir='ltr'><strong>δὲ</strong></span> <span class='ocrx_word' id='word_1_274' title='bbox 437 2354 540 2392; x_wconf 84' lang='grc' dir='ltr'>παντὶ</span> <span class='ocrx_word' id='word_1_275' title='bbox 572 2357 809 2407; x_wconf 74' lang='grc' dir='ltr'>προσεικάζων</span> <span class='ocrx_word' id='word_1_276' title='bbox 831 2357 996 2395; x_wconf 82' lang='grc' dir='ltr'>εὔκυκλον</span> <span class='ocrx_word' id='word_1_277' title='bbox 1029 2358 1157 2406; x_wconf 81' lang='grc' dir='ltr'>ἐποίει,</span> <span class='ocrx_word' id='word_1_278' title='bbox 1183 2358 1299 2406; x_wconf 76' lang='grc' dir='ltr'>τίθησί</span> <span class='ocrx_word' id='word_1_279' title='bbox 1318 2376 1355 2398; x_wconf 85' lang='grc' dir='ltr'><strong>τε</strong></span> 
     </span>
     <span class='ocr_line' id='line_1_37' title="bbox 316 2412 1353 2469; baseline 0.008 -20"><span class='ocrx_word' id='word_1_280' title='bbox 316 2414 362 2455; x_wconf 86' lang='grc' dir='ltr'>εἷς</span> <span class='ocrx_word' id='word_1_281' title='bbox 381 2412 442 2458; x_wconf 79' lang='grc' dir='ltr'><strong>τὴν</strong></span> <span class='ocrx_word' id='word_1_282' title='bbox 471 2417 530 2450; x_wconf 79' lang='grc' dir='ltr'><strong>τοῦ</strong></span> <span class='ocrx_word' id='word_1_283' title='bbox 560 2414 746 2465; x_wconf 85' lang='grc' dir='ltr'>κρατίστου</span> <span class='ocrx_word' id='word_1_284' title='bbox 776 2416 939 2469; x_wconf 71' lang='grc' dir='ltr'>φρόνησιν</span> <span class='ocrx_word' id='word_1_285' title='bbox 970 2417 1088 2456; x_wconf 84' lang='grc' dir='ltr'>ἐκείνω</span> <span class='ocrx_word' id='word_1_286' title='bbox 1113 2418 1353 2468; x_wconf 86' lang='grc' dir='ltr'>ξυνεπόμενον,</span> 
     </span>
     <span class='ocr_line' id='line_1_38' title="bbox 316 2470 1353 2528; baseline 0.01 -21"><span class='ocrx_word' id='word_1_287' title='bbox 316 2470 435 2519; x_wconf 73' lang='grc' dir='ltr'>νείμας</span> <span class='ocrx_word' id='word_1_288' title='bbox 455 2472 533 2525; x_wconf 83' lang='grc' dir='ltr'>περὶ</span> <span class='ocrx_word' id='word_1_289' title='bbox 553 2472 667 2510; x_wconf 86' lang='grc' dir='ltr'>πάντα</span> <span class='ocrx_word' id='word_1_290' title='bbox 695 2475 812 2512; x_wconf 76' lang='grc' dir='ltr'>κύκλι)</span> <span class='ocrx_word' id='word_1_291' title='bbox 834 2492 891 2514; x_wconf 94' lang='grc' dir='ltr'><strong>τον</strong></span> <span class='ocrx_word' id='word_1_292' title='bbox 913 2476 1056 2526; x_wconf 80' lang='grc' dir='ltr'>οὐρανόν</span> <span class='ocrx_word' id='word_1_293' title='bbox 1070 2508 1081 2524; x_wconf 82' lang='lat'>‚</span> <span class='ocrx_word' id='word_1_294' title='bbox 1112 2477 1242 2528; x_wconf 75' lang='grc' dir='ltr'>κόσμον</span> <span class='ocrx_word' id='word_1_295' title='bbox 1265 2480 1353 2524; x_wconf 82' lang='grc' dir='ltr'>ἀλη-·</span> 
     </span>
     <span class='ocr_line' id='line_1_39' title="bbox 316 2529 1354 2583; baseline 0.008 -18"><span class='ocrx_word' id='word_1_296' title='bbox 316 2529 406 2566; x_wconf 87' lang='grc' dir='ltr'>Οινον</span> <span class='ocrx_word' id='word_1_297' title='bbox 427 2531 520 2567; x_wconf 81' lang='grc' dir='ltr'>αὐτῶ</span> <span class='ocrx_word' id='word_1_298' title='bbox 541 2533 807 2581; x_wconf 78' lang='grc' dir='ltr'>πεποικιλμένον</span> <span class='ocrx_word' id='word_1_299' title='bbox 836 2537 923 2572; x_wconf 77' lang='grc' dir='ltr'>εἶναι</span> <span class='ocrx_word' id='word_1_300' title='bbox 944 2536 1021 2573; x_wconf 80' lang='grc' dir='ltr'>καθ’</span> <span class='ocrx_word' id='word_1_301' title='bbox 1045 2535 1136 2574; x_wconf 81' lang='grc' dir='ltr'>ὅλον.</span> <span class='ocrx_word' id='word_1_302' title='bbox 1193 2538 1354 2583; x_wconf 83' lang='grc' dir='ltr'>Κινήσεις</span> 
     </span>
     <span class='ocr_line' id='line_1_40' title="bbox 337 2586 1353 2643; baseline 0.009 -20.407"><span class='ocrx_word' id='word_1_303' title='bbox 337 2586 440 2624; x_wconf 80' lang='grc' dir='ltr'>ὲδύο</span> <span class='ocrx_word' id='word_1_304' title='bbox 462 2591 622 2640; x_wconf 61' lang='grc' dir='ltr'>προσῆψε</span> <span class='ocrx_word' id='word_1_305' title='bbox 625 2605 641 2625; x_wconf 94' lang='grc' dir='ltr'><strong>ν</strong></span> <span class='ocrx_word' id='word_1_306' title='bbox 675 2590 848 2643; x_wconf 79' lang='grc' dir='ltr'>ἑκάστῳ,</span> <span class='ocrx_word' id='word_1_307' title='bbox 874 2592 936 2639; x_wconf 77' lang='grc' dir='ltr'><strong>τὴν</strong></span> <span class='ocrx_word' id='word_1_308' title='bbox 966 2593 1028 2643; x_wconf 85' lang='grc' dir='ltr'><strong>μὲν</strong></span> <span class='ocrx_word' id='word_1_309' title='bbox 1051 2596 1084 2631; x_wconf 77' lang='grc' dir='ltr'><strong>ἐν</strong></span> <span class='ocrx_word' id='word_1_310' title='bbox 1117 2596 1234 2633; x_wconf 80' lang='grc' dir='ltr'><strong>ταύτῶ</strong></span> <span class='ocrx_word' id='word_1_311' title='bbox 1263 2595 1353 2633; x_wconf 86' lang='grc' dir='ltr'>κατὰ</span> 
     </span>
     <span class='ocr_line' id='line_1_41' title="bbox 316 2644 1353 2697; baseline 0.01 -17"><span class='ocrx_word' id='word_1_312' title='bbox 316 2644 425 2682; x_wconf 79' lang='grc' dir='ltr'><strong>ταύτὰ</strong></span> <span class='ocrx_word' id='word_1_313' title='bbox 454 2646 532 2697; x_wconf 84' lang='grc' dir='ltr'>περὶ</span> <span class='ocrx_word' id='word_1_314' title='bbox 553 2649 621 2683; x_wconf 82' lang='grc' dir='ltr'><strong>τῶν</strong></span> <span class='ocrx_word' id='word_1_315' title='bbox 649 2649 761 2686; x_wconf 81' lang='grc' dir='ltr'>αὐτῶν</span> <span class='ocrx_word' id='word_1_316' title='bbox 786 2649 840 2688; x_wconf 83' lang='grc' dir='ltr'><strong>ἀει</strong></span> <span class='ocrx_word' id='word_1_317' title='bbox 867 2650 911 2688; x_wconf 78' lang='grc' dir='ltr'><strong>τὰ</strong></span> <span class='ocrx_word' id='word_1_318' title='bbox 934 2650 1023 2689; x_wconf 78' lang='grc' dir='ltr'>αὐτὰ</span> <span class='ocrx_word' id='word_1_319' title='bbox 1055 2654 1167 2690; x_wconf 72' lang='grc' dir='ltr'>ἑαυτῧ</span> <span class='ocrx_word' id='word_1_320' title='bbox 1198 2654 1353 2692; x_wconf 41' lang='grc' dir='ltr'>διανοου*</span> 
     </span>
     <span class='ocr_line' id='line_1_42' title="bbox 319 2702 1353 2760; baseline 0.012 -22"><span class='ocrx_word' id='word_1_321' title='bbox 319 2702 428 2754; x_wconf 81' lang='grc' dir='ltr'>μένῳ,</span> <span class='ocrx_word' id='word_1_322' title='bbox 455 2702 517 2749; x_wconf 85' lang='grc' dir='ltr'><strong>τὴν</strong></span> <span class='ocrx_word' id='word_1_323' title='bbox 545 2703 580 2742; x_wconf 76' lang='grc' dir='ltr'><strong>δὲ</strong></span> <span class='ocrx_word' id='word_1_324' title='bbox 614 2707 661 2750; x_wconf 84' lang='grc' dir='ltr'>εἷς</span> <span class='ocrx_word' id='word_1_325' title='bbox 694 2707 735 2745; x_wconf 80' lang='grc' dir='ltr'><strong>τὸ</strong></span> <span class='ocrx_word' id='word_1_326' title='bbox 766 2709 914 2760; x_wconf 86' lang='grc' dir='ltr'>πρόσθεν</span> <span class='ocrx_word' id='word_1_327' title='bbox 945 2709 1011 2748; x_wconf 74' lang='grc' dir='ltr'>ὑπὸ</span> <span class='ocrx_word' id='word_1_328' title='bbox 1042 2713 1103 2757; x_wconf 71' lang='grc' dir='ltr'><strong>τῆς</strong></span> <span class='ocrx_word' id='word_1_329' title='bbox 1129 2712 1261 2750; x_wconf 76' lang='grc' dir='ltr'>ταύτοῦ</span> <span class='ocrx_word' id='word_1_330' title='bbox 1293 2712 1353 2750; x_wconf 81' lang='grc' dir='ltr'><strong>καὶ</strong></span> 
     </span>
    </p>
   </div>
   <div class='ocr_carea' id='block_1_7' title="bbox 1412 356 2526 1636">
    <p class='ocr_par' dir='ltr' id='par_1_7' title="bbox 1412 356 2526 1636">
     <span class='ocr_line' id='line_1_43' title="bbox 1412 356 2458 397; baseline 0.002 -9"><span class='ocrx_word' id='word_1_331' title='bbox 1412 357 1496 389; x_wconf 82' lang='lat' dir='ltr'><strong>turae</strong></span> <span class='ocrx_word' id='word_1_332' title='bbox 1507 356 1696 389; x_wconf 85' lang='lat' dir='ltr'><strong>coercitione</strong></span> <span class='ocrx_word' id='word_1_333' title='bbox 1710 356 1794 389; x_wconf 87' lang='lat' dir='ltr'><strong>intra</strong></span> <span class='ocrx_word' id='word_1_334' title='bbox 1806 356 1968 397; x_wconf 84' lang='lat' dir='ltr'><strong>objectum</strong></span> <span class='ocrx_word' id='word_1_335' title='bbox 1983 356 2053 397; x_wconf 84' lang='lat' dir='ltr'><strong>ejus</strong></span> <span class='ocrx_word' id='word_1_336' title='bbox 2063 357 2260 390; x_wconf 83' lang='lat' dir='ltr'><strong>rotabundus</strong></span> <span class='ocrx_word' id='word_1_337' title='bbox 2275 360 2435 390; x_wconf 85' lang='lat' dir='ltr'><strong>teneretur</strong></span> <span class='ocrx_word' id='word_1_338' title='bbox 2446 369 2458 391; x_wconf 70' lang='grc' dir='ltr'>ε</span> 
     </span>
     <span class='ocr_line' id='line_1_44' title="bbox 1413 415 2460 458; baseline 0.003 -12"><span class='ocrx_word' id='word_1_339' title='bbox 1413 415 1557 456; x_wconf 87' lang='lat' dir='ltr'><strong>quinque</strong></span> <span class='ocrx_word' id='word_1_340' title='bbox 1572 415 1634 447; x_wconf 86' lang='lat' dir='ltr'><strong>illis</strong></span> <span class='ocrx_word' id='word_1_341' title='bbox 1650 416 1796 448; x_wconf 83' lang='lat' dir='ltr'><strong>erraticis</strong></span> <span class='ocrx_word' id='word_1_342' title='bbox 1809 439 1818 456; x_wconf 87' lang='lat'>,</span> <span class='ocrx_word' id='word_1_343' title='bbox 1841 417 1874 448; x_wconf 91' lang='lat' dir='ltr'><strong>et</strong></span> <span class='ocrx_word' id='word_1_344' title='bbox 1891 415 2064 447; x_wconf 84' lang='lat' dir='ltr'><strong>contrariis</strong></span> <span class='ocrx_word' id='word_1_345' title='bbox 2083 415 2144 448; x_wconf 84' lang='lat' dir='ltr'><strong>sibi</strong></span> <span class='ocrx_word' id='word_1_346' title='bbox 2161 416 2299 448; x_wconf 74' lang='lat' dir='ltr'><strong>invicem</strong></span> <span class='ocrx_word' id='word_1_347' title='bbox 2311 439 2321 455; x_wconf 83' lang='lat'>‚</span> <span class='ocrx_word' id='word_1_348' title='bbox 2343 417 2460 458; x_wconf 82' lang='lat' dir='ltr'><strong>prohi-</strong></span> 
     </span>
     <span class='ocr_line' id='line_1_45' title="bbox 1413 474 2459 516; baseline 0.003 -10"><span class='ocrx_word' id='word_1_349' title='bbox 1413 474 1488 507; x_wconf 89' lang='lat' dir='ltr'><strong>bitis</strong></span> <span class='ocrx_word' id='word_1_350' title='bbox 1507 475 1670 516; x_wconf 85' lang='lat' dir='ltr'><strong>motibus;</strong></span> <span class='ocrx_word' id='word_1_351' title='bbox 1697 476 1733 508; x_wconf 87' lang='lat' dir='ltr'><strong>ut</strong></span> <span class='ocrx_word' id='word_1_352' title='bbox 1752 476 1888 515; x_wconf 88' lang='lat' dir='ltr'><strong>uterque</strong></span> <span class='ocrx_word' id='word_1_353' title='bbox 1907 474 2047 507; x_wconf 88' lang='lat' dir='ltr'><strong>circulus</strong></span> <span class='ocrx_word' id='word_1_354' title='bbox 2069 476 2153 508; x_wconf 72' lang='lat' dir='ltr'><strong>esset</strong></span> <span class='ocrx_word' id='word_1_355' title='bbox 2181 475 2211 507; x_wconf 90' lang='lat' dir='ltr'><strong>in</strong></span> <span class='ocrx_word' id='word_1_356' title='bbox 2232 475 2354 516; x_wconf 90' lang='lat' dir='ltr'><strong>optimo</strong></span> <span class='ocrx_word' id='word_1_357' title='bbox 2382 475 2459 509; x_wconf 73' lang='lat' dir='ltr'><strong>bea-</strong></span> 
     </span>
     <span class='ocr_line' id='line_1_46' title="bbox 1414 533 2463 575; baseline 0.004 -11"><span class='ocrx_word' id='word_1_358' title='bbox 1414 533 1604 575; x_wconf 80' lang='lat' dir='ltr'><strong>tissimoque</strong></span> <span class='ocrx_word' id='word_1_359' title='bbox 1638 533 1819 573; x_wconf 86' lang='lat' dir='ltr'><strong>agitationis</strong></span> <span class='ocrx_word' id='word_1_360' title='bbox 1848 535 1947 565; x_wconf 85' lang='lat' dir='ltr'><strong>statu.</strong></span> <span class='ocrx_word' id='word_1_361' title='bbox 1992 534 2063 570; x_wconf 88' lang='lat' dir='ltr'><strong>Qua</strong></span> <span class='ocrx_word' id='word_1_362' title='bbox 2095 542 2134 565; x_wconf 89' lang='lat' dir='ltr'><strong>ex</strong></span> <span class='ocrx_word' id='word_1_363' title='bbox 2164 542 2262 566; x_wconf 82' lang='lat' dir='ltr'><strong>causa</strong></span> <span class='ocrx_word' id='word_1_364' title='bbox 2285 534 2360 567; x_wconf 77' lang='lat' dir='ltr'><strong>sacti</strong></span> <span class='ocrx_word' id='word_1_365' title='bbox 2384 536 2463 569; x_wconf 76' lang='lat' dir='ltr'><strong>sunt.</strong></span> 
     </span>
     <span class='ocr_line' id='line_1_47' title="bbox 1412 592 2460 636; baseline 0.003 -12"><span class='ocrx_word' id='word_1_366' title='bbox 1412 601 1539 624; x_wconf 84' lang='lat' dir='ltr'><strong>summa</strong></span> <span class='ocrx_word' id='word_1_367' title='bbox 1565 592 1692 633; x_wconf 84' lang='lat' dir='ltr'><strong>praediti</strong></span> <span class='ocrx_word' id='word_1_368' title='bbox 1719 592 1904 631; x_wconf 84' lang='lat' dir='ltr'><strong>divinitate,</strong></span> <span class='ocrx_word' id='word_1_369' title='bbox 1933 601 2045 624; x_wconf 82' lang='lat' dir='ltr'><strong>omnes</strong></span> <span class='ocrx_word' id='word_1_370' title='bbox 2067 593 2110 624; x_wconf 88' lang='lat' dir='ltr'><strong>illi</strong></span> <span class='ocrx_word' id='word_1_371' title='bbox 2139 592 2252 625; x_wconf 87' lang='lat' dir='ltr'><strong>siderei</strong></span> <span class='ocrx_word' id='word_1_372' title='bbox 2274 594 2383 634; x_wconf 87' lang='lat' dir='ltr'><strong>ignes;</strong></span> <span class='ocrx_word' id='word_1_373' title='bbox 2403 594 2460 636; x_wconf 80' lang='lat' dir='ltr'><strong>qni</strong></span> 
     </span>
     <span class='ocr_line' id='line_1_48' title="bbox 1413 646 2460 693; baseline 0.003 -10"><span class='ocrx_word' id='word_1_374' title='bbox 1413 651 1519 684; x_wconf 91' lang='lat' dir='ltr'><strong>nullos</strong></span> <span class='ocrx_word' id='word_1_375' title='bbox 1534 661 1658 683; x_wconf 81' lang='lat' dir='ltr'><strong>errores</strong></span> <span class='ocrx_word' id='word_1_376' title='bbox 1670 676 1679 690; x_wconf 91' lang='lat'>,</span> <span class='ocrx_word' id='word_1_377' title='bbox 1696 651 2037 692; x_wconf 80' lang='lat' dir='ltr'><strong>exorbitationesque,</strong></span> <span class='ocrx_word' id='word_1_378' title='bbox 2055 651 2223 692; x_wconf 83' lang='lat' dir='ltr'><strong>patiuntur</strong></span> <span class='ocrx_word' id='word_1_379' title='bbox 2238 663 2247 685; x_wconf 75' lang='grc' dir='ltr'>ε</span> <span class='ocrx_word' id='word_1_380' title='bbox 2275 646 2460 693; x_wconf 57' lang='grc' dir='ltr'>ριορίεταιέ</span> 
     </span>
     <span class='ocr_line' id='line_1_49' title="bbox 1413 710 2463 751; baseline 0.003 -9"><span class='ocrx_word' id='word_1_381' title='bbox 1413 719 1477 751; x_wconf 90' lang='lat' dir='ltr'><strong>que</strong></span> <span class='ocrx_word' id='word_1_382' title='bbox 1512 710 1544 742; x_wconf 88' lang='lat' dir='ltr'><strong>in</strong></span> <span class='ocrx_word' id='word_1_383' title='bbox 1580 711 1770 751; x_wconf 87' lang='lat' dir='ltr'><strong>semetipsos</strong></span> <span class='ocrx_word' id='word_1_384' title='bbox 1803 711 2036 742; x_wconf 85' lang='lat' dir='ltr'><strong>convertuntur</strong></span> <span class='ocrx_word' id='word_1_385' title='bbox 2071 711 2193 742; x_wconf 85' lang='lat' dir='ltr'><strong>aeterno</strong></span> <span class='ocrx_word' id='word_1_386' title='bbox 2229 710 2376 744; x_wconf 82' lang='lat' dir='ltr'><strong>circuitu.</strong></span> <span class='ocrx_word' id='word_1_387' title='bbox 2420 712 2463 745; x_wconf 69' lang='lat' dir='ltr'><strong>A!</strong></span> 
     </span>
     <span class='ocr_line' id='line_1_50' title="bbox 1414 769 2463 810; baseline 0.002 -8"><span class='ocrx_word' id='word_1_388' title='bbox 1414 778 1493 802; x_wconf 88' lang='lat' dir='ltr'><strong>vero</strong></span> <span class='ocrx_word' id='word_1_389' title='bbox 1519 769 1573 802; x_wconf 89' lang='lat' dir='ltr'><strong>alii</strong></span> <span class='ocrx_word' id='word_1_390' title='bbox 1594 769 1687 810; x_wconf 75' lang='lat' dir='ltr'><strong>vagi,</strong></span> <span class='ocrx_word' id='word_1_391' title='bbox 1713 769 1922 810; x_wconf 82' lang='lat' dir='ltr'><strong>palantesque</strong></span> <span class='ocrx_word' id='word_1_392' title='bbox 1948 769 2034 810; x_wconf 84' lang='lat' dir='ltr'><strong>ignes</strong></span> <span class='ocrx_word' id='word_1_393' title='bbox 2054 769 2172 802; x_wconf 85' lang='lat' dir='ltr'><strong>erroris</strong></span> <span class='ocrx_word' id='word_1_394' title='bbox 2190 777 2319 802; x_wconf 80' lang='lat' dir='ltr'><strong>causam</strong></span> <span class='ocrx_word' id='word_1_395' title='bbox 2343 769 2463 804; x_wconf 75' lang='lat' dir='ltr'><strong>liabent</strong></span> 
     </span>
     <span class='ocr_line' id='line_1_51' title="bbox 1415 827 2460 868; baseline 0.001 -7"><span class='ocrx_word' id='word_1_396' title='bbox 1415 837 1504 867; x_wconf 83' lang='lat' dir='ltr'><strong>eam,</strong></span> <span class='ocrx_word' id='word_1_397' title='bbox 1537 828 1629 868; x_wconf 87' lang='lat' dir='ltr'><strong>cnjus</strong></span> <span class='ocrx_word' id='word_1_398' title='bbox 1660 829 1692 860; x_wconf 90' lang='lat' dir='ltr'><strong>in</strong></span> <span class='ocrx_word' id='word_1_399' title='bbox 1717 828 1935 868; x_wconf 84' lang='lat' dir='ltr'><strong>superioribus</strong></span> <span class='ocrx_word' id='word_1_400' title='bbox 1960 827 2070 860; x_wconf 81' lang='lat' dir='ltr'><strong>nahita</strong></span> <span class='ocrx_word' id='word_1_401' title='bbox 2104 829 2371 862; x_wconf 81' lang='lat' dir='ltr'><strong>commemoratio</strong></span> <span class='ocrx_word' id='word_1_402' title='bbox 2400 829 2460 862; x_wconf 82' lang='lat' dir='ltr'><strong>est.</strong></span> 
     </span>
     <span class='ocr_line' id='line_1_52' title="bbox 1415 886 2461 926; baseline 0.001 -7"><span class='ocrx_word' id='word_1_403' title='bbox 1415 889 1548 920; x_wconf 87' lang='lat' dir='ltr'><strong>Terram</strong></span> <span class='ocrx_word' id='word_1_404' title='bbox 1569 895 1644 919; x_wconf 90' lang='lat' dir='ltr'><strong>vero</strong></span> <span class='ocrx_word' id='word_1_405' title='bbox 1670 889 1830 926; x_wconf 88' lang='lat' dir='ltr'><strong>matrem,</strong></span> <span class='ocrx_word' id='word_1_406' title='bbox 1851 888 1885 919; x_wconf 90' lang='lat' dir='ltr'><strong>et</strong></span> <span class='ocrx_word' id='word_1_407' title='bbox 1915 886 2058 919; x_wconf 86' lang='lat' dir='ltr'><strong>altricem</strong></span> <span class='ocrx_word' id='word_1_408' title='bbox 2086 886 2233 919; x_wconf 90' lang='lat' dir='ltr'><strong>omnium</strong></span> <span class='ocrx_word' id='word_1_409' title='bbox 2259 889 2461 920; x_wconf 84' lang='lat' dir='ltr'><strong>terrenorum</strong></span> 
     </span>
     <span class='ocr_line' id='line_1_53' title="bbox 1415 941 2506 989; baseline 0.001 -11"><span class='ocrx_word' id='word_1_410' title='bbox 1415 946 1627 978; x_wconf 86' lang='lat' dir='ltr'><strong>animantium</strong></span> <span class='ocrx_word' id='word_1_411' title='bbox 1639 970 1648 986; x_wconf 89' lang='lat'>‚</span> <span class='ocrx_word' id='word_1_412' title='bbox 1666 946 1870 977; x_wconf 83' lang='lat' dir='ltr'><strong>constrictam</strong></span> <span class='ocrx_word' id='word_1_413' title='bbox 1889 945 2047 978; x_wconf 83' lang='lat' dir='ltr'><strong>limitibus</strong></span> <span class='ocrx_word' id='word_1_414' title='bbox 2066 954 2121 986; x_wconf 87' lang='lat' dir='ltr'><strong>per</strong></span> <span class='ocrx_word' id='word_1_415' title='bbox 2139 945 2247 978; x_wconf 86' lang='lat' dir='ltr'><strong>omnia</strong></span> <span class='ocrx_word' id='word_1_416' title='bbox 2266 945 2414 989; x_wconf 77' lang='lat' dir='ltr'><strong>vadentis</strong></span> <span class='ocrx_word' id='word_1_417' title='bbox 2427 946 2462 980; x_wconf 78' lang='lat' dir='ltr'><strong>et</strong></span> <span class='ocrx_word' id='word_1_418' title='bbox 2503 941 2506 949; x_wconf 88' lang='lat'>&#39;</span> 
     </span>
     <span class='ocr_line' id='line_1_54' title="bbox 1417 1003 2456 1046; baseline 0.002 -10"><span class='ocrx_word' id='word_1_419' title='bbox 1417 1008 1534 1037; x_wconf 89' lang='lat' dir='ltr'><strong>cuncta</strong></span> <span class='ocrx_word' id='word_1_420' title='bbox 1552 1005 1744 1036; x_wconf 87' lang='lat' dir='ltr'><strong>continentis</strong></span> <span class='ocrx_word' id='word_1_421' title='bbox 1764 1005 1844 1046; x_wconf 90' lang='lat' dir='ltr'><strong>poli,</strong></span> <span class='ocrx_word' id='word_1_422' title='bbox 1870 1004 1932 1036; x_wconf 87' lang='lat' dir='ltr'><strong>diei</strong></span> <span class='ocrx_word' id='word_1_423' title='bbox 1955 1004 2124 1045; x_wconf 85' lang='lat' dir='ltr'><strong>noctisque</strong></span> <span class='ocrx_word' id='word_1_424' title='bbox 2143 1003 2307 1037; x_wconf 83' lang='lat' dir='ltr'><strong>custodem</strong></span> <span class='ocrx_word' id='word_1_425' title='bbox 2326 1004 2456 1046; x_wconf 78' lang='lat' dir='ltr'><strong>locavit,</strong></span> 
     </span>
     <span class='ocr_line' id='line_1_55' title="bbox 1419 1063 2461 1106; baseline 0.002 -10"><span class='ocrx_word' id='word_1_426' title='bbox 1419 1064 1698 1104; x_wconf 85' lang='lat' dir='ltr'><strong>antiquissimam,</strong></span> <span class='ocrx_word' id='word_1_427' title='bbox 1719 1065 1751 1096; x_wconf 84' lang='lat' dir='ltr'><strong>et</strong></span> <span class='ocrx_word' id='word_1_428' title='bbox 1767 1064 1894 1096; x_wconf 85' lang='lat' dir='ltr'><strong>eximiae</strong></span> <span class='ocrx_word' id='word_1_429' title='bbox 1913 1063 2075 1104; x_wconf 83' lang='lat' dir='ltr'><strong>dignitatis</strong></span> <span class='ocrx_word' id='word_1_430' title='bbox 2090 1064 2183 1097; x_wconf 90' lang='lat' dir='ltr'><strong>deam</strong></span> <span class='ocrx_word' id='word_1_431' title='bbox 2196 1089 2208 1106; x_wconf 90' lang='lat'>‚</span> <span class='ocrx_word' id='word_1_432' title='bbox 2220 1074 2260 1098; x_wconf 79' lang='lat' dir='ltr'><strong>ex</strong></span> <span class='ocrx_word' id='word_1_433' title='bbox 2276 1073 2388 1098; x_wconf 88' lang='lat' dir='ltr'><strong>eorum</strong></span> <span class='ocrx_word' id='word_1_434' title='bbox 2404 1073 2461 1097; x_wconf 88' lang='lat' dir='ltr'><strong>nu·</strong></span> 
     </span>
     <span class='ocr_line' id='line_1_56' title="bbox 1418 1121 2461 1163; baseline 0.002 -9"><span class='ocrx_word' id='word_1_435' title='bbox 1418 1131 1528 1162; x_wconf 87' lang='lat' dir='ltr'><strong>mero,</strong></span> <span class='ocrx_word' id='word_1_436' title='bbox 1546 1122 1601 1162; x_wconf 90' lang='lat' dir='ltr'><strong>qui</strong></span> <span class='ocrx_word' id='word_1_437' title='bbox 1636 1122 1718 1154; x_wconf 89' lang='lat' dir='ltr'><strong>intra</strong></span> <span class='ocrx_word' id='word_1_438' title='bbox 1749 1121 1862 1154; x_wconf 91' lang='lat' dir='ltr'><strong>mundi</strong></span> <span class='ocrx_word' id='word_1_439' title='bbox 1887 1122 2045 1154; x_wconf 89' lang='lat' dir='ltr'><strong>ambitum</strong></span> <span class='ocrx_word' id='word_1_440' title='bbox 2071 1122 2289 1163; x_wconf 75' lang='lat' dir='ltr'><strong>continentur,</strong></span> <span class='ocrx_word' id='word_1_441' title='bbox 2315 1123 2461 1156; x_wconf 73' lang='lat' dir='ltr'><strong>deni-mn.</strong></span> 
     </span>
     <span class='ocr_line' id='line_1_57' title="bbox 1416 1181 2526 1224; baseline 0 -10"><span class='ocrx_word' id='word_1_442' title='bbox 1416 1182 1591 1214; x_wconf 83' lang='lat' dir='ltr'><strong>Stellarum</strong></span> <span class='ocrx_word' id='word_1_443' title='bbox 1608 1191 1683 1213; x_wconf 88' lang='lat' dir='ltr'><strong>vero</strong></span> <span class='ocrx_word' id='word_1_444' title='bbox 1702 1182 1856 1222; x_wconf 82' lang='lat' dir='ltr'><strong>choreas,</strong></span> <span class='ocrx_word' id='word_1_445' title='bbox 1875 1183 1908 1215; x_wconf 88' lang='lat' dir='ltr'><strong>et</strong></span> <span class='ocrx_word' id='word_1_446' title='bbox 1926 1181 2057 1214; x_wconf 84' lang='lat' dir='ltr'><strong>alterius</strong></span> <span class='ocrx_word' id='word_1_447' title='bbox 2072 1182 2301 1224; x_wconf 81' lang='lat' dir='ltr'><strong>applicationes</strong></span> <span class='ocrx_word' id='word_1_448' title='bbox 2318 1182 2358 1214; x_wconf 82' lang='lat' dir='ltr'><strong>ad</strong></span> <span class='ocrx_word' id='word_1_449' title='bbox 2378 1183 2460 1216; x_wconf 84' lang='lat' dir='ltr'><strong>alte·</strong></span> <span class='ocrx_word' id='word_1_450' title='bbox 2483 1183 2526 1214; x_wconf 61' lang='lat' dir='ltr'><strong>vs</strong></span> 
     </span>
     <span class='ocr_line' id='line_1_58' title="bbox 1418 1239 2461 1282; baseline 0.001 -9"><span class='ocrx_word' id='word_1_451' title='bbox 1418 1250 1486 1273; x_wconf 89' lang='lat' dir='ltr'><strong>ram</strong></span> <span class='ocrx_word' id='word_1_452' title='bbox 1498 1263 1508 1276; x_wconf 89' lang='lat'>,</span> <span class='ocrx_word' id='word_1_453' title='bbox 1525 1241 1699 1281; x_wconf 88' lang='lat' dir='ltr'><strong>variosque</strong></span> <span class='ocrx_word' id='word_1_454' title='bbox 1719 1249 1813 1281; x_wconf 82' lang='lat' dir='ltr'><strong>gyros</strong></span> <span class='ocrx_word' id='word_1_455' title='bbox 1826 1263 1835 1279; x_wconf 93' lang='lat'><strong><em>‚</em></strong></span> <span class='ocrx_word' id='word_1_456' title='bbox 1853 1249 1936 1280; x_wconf 91' lang='lat' dir='ltr'><strong>quos</strong></span> <span class='ocrx_word' id='word_1_457' title='bbox 1952 1239 2053 1272; x_wconf 87' lang='lat' dir='ltr'><strong>edunt</strong></span> <span class='ocrx_word' id='word_1_458' title='bbox 2070 1239 2251 1272; x_wconf 84' lang='lat' dir='ltr'><strong>admirabili</strong></span> <span class='ocrx_word' id='word_1_459' title='bbox 2271 1241 2438 1274; x_wconf 80' lang='lat' dir='ltr'><strong>venustate</strong></span> <span class='ocrx_word' id='word_1_460' title='bbox 2451 1265 2461 1282; x_wconf 83' lang='lat'>,</span> 
     </span>
     <span class='ocr_line' id='line_1_59' title="bbox 1413 1291 2461 1340; baseline 0.002 -9"><span class='ocrx_word' id='word_1_461' title='bbox 1413 1300 1507 1340; x_wconf 79' lang='lat' dir='ltr'><strong>Juxta</strong></span> <span class='ocrx_word' id='word_1_462' title='bbox 1526 1300 1667 1331; x_wconf 84' lang='lat' dir='ltr'><strong>ambitus</strong></span> <span class='ocrx_word' id='word_1_463' title='bbox 1690 1299 1905 1339; x_wconf 86' lang='lat' dir='ltr'><strong>circulorum,</strong></span> <span class='ocrx_word' id='word_1_464' title='bbox 1933 1299 2141 1340; x_wconf 86' lang='lat' dir='ltr'><strong>reditusque,</strong></span> <span class='ocrx_word' id='word_1_465' title='bbox 2165 1302 2198 1332; x_wconf 83' lang='lat' dir='ltr'><strong>et</strong></span> <span class='ocrx_word' id='word_1_466' title='bbox 2215 1291 2400 1340; x_wconf 74' lang='lat' dir='ltr'><strong>anfractus,</strong></span> <span class='ocrx_word' id='word_1_467' title='bbox 2418 1300 2461 1333; x_wconf 75' lang='lat' dir='ltr'><strong>ad</strong></span> 
     </span>
     <span class='ocr_line' id='line_1_60' title="bbox 1416 1358 2456 1399; baseline 0.002 -8"><span class='ocrx_word' id='word_1_468' title='bbox 1416 1369 1470 1392; x_wconf 88' lang='lat' dir='ltr'><strong>eas</strong></span> <span class='ocrx_word' id='word_1_469' title='bbox 1488 1359 1595 1399; x_wconf 87' lang='lat' dir='ltr'><strong>sedes,</strong></span> <span class='ocrx_word' id='word_1_470' title='bbox 1615 1368 1655 1390; x_wconf 77' lang='lat' dir='ltr'><strong>ex</strong></span> <span class='ocrx_word' id='word_1_471' title='bbox 1681 1359 1798 1399; x_wconf 88' lang='lat' dir='ltr'><strong>quibus</strong></span> <span class='ocrx_word' id='word_1_472' title='bbox 1818 1367 1996 1399; x_wconf 64' lang='lat' dir='ltr'><strong>progressa}</strong></span> <span class='ocrx_word' id='word_1_473' title='bbox 2015 1361 2112 1398; x_wconf 89' lang='lat' dir='ltr'><strong>sunt;</strong></span> <span class='ocrx_word' id='word_1_474' title='bbox 2135 1366 2283 1390; x_wconf 86' lang='lat' dir='ltr'><strong>accessus</strong></span> <span class='ocrx_word' id='word_1_475' title='bbox 2302 1358 2400 1391; x_wconf 87' lang='lat' dir='ltr'><strong>etiam</strong></span> <span class='ocrx_word' id='word_1_476' title='bbox 2421 1361 2456 1393; x_wconf 78' lang='lat' dir='ltr'><strong>et</strong></span> 
     </span>
     <span class='ocr_line' id='line_1_61' title="bbox 1417 1417 2458 1459; baseline 0.001 -9"><span class='ocrx_word' id='word_1_477' title='bbox 1417 1427 1560 1450; x_wconf 84' lang='lat' dir='ltr'><strong>recessus</strong></span> <span class='ocrx_word' id='word_1_478' title='bbox 1581 1427 1588 1449; x_wconf 92' lang='lat'><strong>:</strong></span> <span class='ocrx_word' id='word_1_479' title='bbox 1607 1426 1747 1458; x_wconf 83' lang='lat' dir='ltr'><strong>cunique</strong></span> <span class='ocrx_word' id='word_1_480' title='bbox 1766 1417 1923 1457; x_wconf 85' lang='lat' dir='ltr'><strong>contiguae</strong></span> <span class='ocrx_word' id='word_1_481' title='bbox 1939 1417 1999 1449; x_wconf 88' lang='lat' dir='ltr'><strong>sibi</strong></span> <span class='ocrx_word' id='word_1_482' title='bbox 2015 1417 2151 1449; x_wconf 89' lang='lat' dir='ltr'><strong>invicem</strong></span> <span class='ocrx_word' id='word_1_483' title='bbox 2169 1417 2268 1458; x_wconf 83' lang='lat' dir='ltr'><strong>flunt,</strong></span> <span class='ocrx_word' id='word_1_484' title='bbox 2286 1417 2400 1459; x_wconf 86' lang='lat' dir='ltr'><strong>quales</strong></span> <span class='ocrx_word' id='word_1_485' title='bbox 2416 1426 2458 1451; x_wconf 81' lang='lat' dir='ltr'><strong>ex</strong></span> 
     </span>
     <span class='ocr_line' id='line_1_62' title="bbox 1418 1475 2461 1518; baseline 0 -9"><span class='ocrx_word' id='word_1_486' title='bbox 1418 1477 1607 1516; x_wconf 84' lang='lat' dir='ltr'><strong>contagione</strong></span> <span class='ocrx_word' id='word_1_487' title='bbox 1626 1476 1676 1508; x_wconf 87' lang='lat' dir='ltr'><strong>sui</strong></span> <span class='ocrx_word' id='word_1_488' title='bbox 1698 1475 1900 1508; x_wconf 85' lang='lat' dir='ltr'><strong>conditiones</strong></span> <span class='ocrx_word' id='word_1_489' title='bbox 1916 1477 2091 1518; x_wconf 81' lang='lat' dir='ltr'><strong>accipiant3</strong></span> <span class='ocrx_word' id='word_1_490' title='bbox 2113 1484 2276 1517; x_wconf 86' lang='lat' dir='ltr'><strong>quamque</strong></span> <span class='ocrx_word' id='word_1_491' title='bbox 2299 1476 2334 1509; x_wconf 80' lang='lat' dir='ltr'><strong>et</strong></span> <span class='ocrx_word' id='word_1_492' title='bbox 2353 1476 2461 1518; x_wconf 72' lang='lat' dir='ltr'><strong>cuius-</strong></span> 
     </span>
     <span class='ocr_line' id='line_1_63' title="bbox 1418 1534 2460 1576; baseline -0.001 -7"><span class='ocrx_word' id='word_1_493' title='bbox 1418 1536 1505 1569; x_wconf 92' lang='lat' dir='ltr'><strong>modi</strong></span> <span class='ocrx_word' id='word_1_494' title='bbox 1542 1535 1767 1568; x_wconf 88' lang='lat' dir='ltr'><strong>nanciscantur</strong></span> <span class='ocrx_word' id='word_1_495' title='bbox 1797 1535 1983 1575; x_wconf 78' lang='lat' dir='ltr'><strong>qualitatem</strong></span> <span class='ocrx_word' id='word_1_496' title='bbox 2014 1544 2052 1568; x_wconf 85' lang='lat' dir='ltr'><strong>ex</strong></span> <span class='ocrx_word' id='word_1_497' title='bbox 2081 1535 2170 1567; x_wconf 86' lang='lat' dir='ltr'><strong>varia</strong></span> <span class='ocrx_word' id='word_1_498' title='bbox 2199 1534 2417 1576; x_wconf 78' lang='lat' dir='ltr'><strong>designatione</strong></span> <span class='ocrx_word' id='word_1_499' title='bbox 2450 1545 2460 1568; x_wconf 74' lang='grc' dir='ltr'><strong>τ</strong></span> 
     </span>
     <span class='ocr_line' id='line_1_64' title="bbox 1416 1593 2454 1636; baseline 0 -9"><span class='ocrx_word' id='word_1_500' title='bbox 1416 1604 1576 1636; x_wconf 85' lang='lat' dir='ltr'><strong>cumque,</strong></span> <span class='ocrx_word' id='word_1_501' title='bbox 1597 1594 1683 1635; x_wconf 89' lang='lat' dir='ltr'><strong>quod</strong></span> <span class='ocrx_word' id='word_1_502' title='bbox 1707 1594 1872 1635; x_wconf 87' lang='lat' dir='ltr'><strong>aliquanto</strong></span> <span class='ocrx_word' id='word_1_503' title='bbox 1892 1594 2061 1626; x_wconf 87' lang='lat' dir='ltr'><strong>intervallo</strong></span> <span class='ocrx_word' id='word_1_504' title='bbox 2087 1594 2238 1636; x_wconf 86' lang='lat' dir='ltr'><strong>temporis</strong></span> <span class='ocrx_word' id='word_1_505' title='bbox 2261 1593 2328 1627; x_wconf 84' lang='lat' dir='ltr'><strong>lieri</strong></span> <span class='ocrx_word' id='word_1_506' title='bbox 2352 1594 2454 1635; x_wconf 82' lang='lat' dir='ltr'><strong>solet,</strong></span> 
     </span>
    </p>
   </div>
   <div class='ocr_carea' id='block_1_8' title="bbox 1416 1713 2516 2765">
    <p class='ocr_par' dir='ltr' id='par_1_8' title="bbox 1416 1713 2516 2763">
     <span class='ocr_line' id='line_1_65' title="bbox 1419 1713 2462 1767; baseline 0.001 -14"><span class='ocrx_word' id='word_1_507' title='bbox 1419 1714 1541 1766; x_wconf 86' lang='grc' dir='ltr'>ὁμοίου</span> <span class='ocrx_word' id='word_1_508' title='bbox 1561 1719 1750 1767; x_wconf 74' lang='grc' dir='ltr'>περιφορᾶς</span> <span class='ocrx_word' id='word_1_509' title='bbox 1773 1713 2022 1766; x_wconf 79' lang='grc' dir='ltr'>κρατουμένῳ·</span> <span class='ocrx_word' id='word_1_510' title='bbox 2042 1714 2104 1758; x_wconf 83' lang='grc' dir='ltr'><strong>τὰς</strong></span> <span class='ocrx_word' id='word_1_511' title='bbox 2130 1713 2165 1753; x_wconf 77' lang='grc' dir='ltr'><strong>δὲ</strong></span> <span class='ocrx_word' id='word_1_512' title='bbox 2187 1713 2291 1754; x_wconf 84' lang='grc' dir='ltr'>πέντε</span> <span class='ocrx_word' id='word_1_513' title='bbox 2309 1715 2462 1762; x_wconf 80' lang='grc' dir='ltr'>κινήσεις</span> 
     </span>
     <span class='ocr_line' id='line_1_66' title="bbox 1419 1771 2458 1825; baseline 0.001 -13"><span class='ocrx_word' id='word_1_514' title='bbox 1419 1774 1580 1820; x_wconf 87' lang='grc' dir='ltr'>ἀκίνητον</span> <span class='ocrx_word' id='word_1_515' title='bbox 1610 1773 1670 1812; x_wconf 79' lang='grc' dir='ltr'><strong>καὶ</strong></span> <span class='ocrx_word' id='word_1_516' title='bbox 1697 1771 1810 1822; x_wconf 83' lang='grc' dir='ltr'>ἑστός,</span> <span class='ocrx_word' id='word_1_517' title='bbox 1841 1772 1886 1811; x_wconf 81' lang='grc' dir='ltr'><strong>ἵν’</strong></span> <span class='ocrx_word' id='word_1_518' title='bbox 1908 1771 1960 1810; x_wconf 82' lang='grc' dir='ltr'><strong>ὅτι</strong></span> <span class='ocrx_word' id='word_1_519' title='bbox 1991 1773 2144 1824; x_wconf 79' lang='grc' dir='ltr'>μάλιστα</span> <span class='ocrx_word' id='word_1_520' title='bbox 2173 1774 2286 1812; x_wconf 70' lang='grc' dir='ltr'>αὐτῶν</span> <span class='ocrx_word' id='word_1_521' title='bbox 2311 1772 2458 1825; x_wconf 60' lang='grc' dir='ltr'>ἕκασταν</span> 
     </span>
     <span class='ocr_line' id='line_1_67' title="bbox 1418 1825 2458 1884; baseline -0.001 -14"><span class='ocrx_word' id='word_1_522' title='bbox 1418 1831 1553 1883; x_wconf 82' lang='grc' dir='ltr'>γένοιτο</span> <span class='ocrx_word' id='word_1_523' title='bbox 1582 1834 1628 1875; x_wconf 81' lang='grc' dir='ltr'><strong>ὡς</strong></span> <span class='ocrx_word' id='word_1_524' title='bbox 1651 1831 1808 1884; x_wconf 77' lang='grc' dir='ltr'>ἄριστον.</span> <span class='ocrx_word' id='word_1_525' title='bbox 1866 1831 1929 1876; x_wconf 78' lang='grc' dir='ltr'><strong>Ἐξ</strong></span> <span class='ocrx_word' id='word_1_526' title='bbox 1954 1825 1995 1878; x_wconf 67' lang='grc' dir='ltr'><strong>ἧς</strong></span> <span class='ocrx_word' id='word_1_527' title='bbox 2027 1833 2068 1878; x_wconf 78' lang='grc' dir='ltr'><strong>’δὴ</strong></span> <span class='ocrx_word' id='word_1_528' title='bbox 2099 1834 2159 1878; x_wconf 78' lang='grc' dir='ltr'><strong>τῆς</strong></span> <span class='ocrx_word' id='word_1_529' title='bbox 2189 1831 2304 1876; x_wconf 80' lang='grc' dir='ltr'>αἰτίας</span> <span class='ocrx_word' id='word_1_530' title='bbox 2322 1830 2458 1882; x_wconf 85' lang='grc' dir='ltr'>γέγονεν</span> 
     </span>
     <span class='ocr_line' id='line_1_68' title="bbox 1421 1887 2461 1944; baseline -0.001 -15"><span class='ocrx_word' id='word_1_531' title='bbox 1421 1891 1473 1930; x_wconf 78' lang='grc' dir='ltr'>δ’σ’</span> <span class='ocrx_word' id='word_1_532' title='bbox 1496 1892 1636 1938; x_wconf 70' lang='grc' dir='ltr'>ἀπλανῆ</span> <span class='ocrx_word' id='word_1_533' title='bbox 1656 1894 1724 1929; x_wconf 82' lang='grc' dir='ltr'><strong>τῶν</strong></span> <span class='ocrx_word' id='word_1_534' title='bbox 1747 1891 1882 1943; x_wconf 84' lang='grc' dir='ltr'>ἄστρων</span> <span class='ocrx_word' id='word_1_535' title='bbox 1901 1893 1974 1944; x_wconf 85' lang='grc' dir='ltr'><strong>ζῷα</strong></span> <span class='ocrx_word' id='word_1_536' title='bbox 1999 1894 2072 1928; x_wconf 84' lang='grc' dir='ltr'>θεῖα</span> <span class='ocrx_word' id='word_1_537' title='bbox 2093 1890 2173 1929; x_wconf 82' lang='grc' dir='ltr'>ὄντα</span> <span class='ocrx_word' id='word_1_538' title='bbox 2198 1890 2258 1930; x_wconf 77' lang='grc' dir='ltr'><strong>καὶ</strong></span> <span class='ocrx_word' id='word_1_539' title='bbox 2278 1887 2374 1929; x_wconf 76' lang='grc' dir='ltr'>ἀΐδια</span> <span class='ocrx_word' id='word_1_540' title='bbox 2400 1889 2461 1929; x_wconf 77' lang='grc' dir='ltr'><strong>καὶ</strong></span> 
     </span>
     <span class='ocr_line' id='line_1_69' title="bbox 1421 1947 2460 2001; baseline 0 -14"><span class='ocrx_word' id='word_1_541' title='bbox 1421 1949 1510 1988; x_wconf 79' lang='grc' dir='ltr'>κατὰ</span> <span class='ocrx_word' id='word_1_542' title='bbox 1543 1949 1653 1988; x_wconf 77' lang='grc' dir='ltr'><strong>ταύτὰ</strong></span> <span class='ocrx_word' id='word_1_543' title='bbox 1674 1951 1708 1988; x_wconf 82' lang='grc' dir='ltr'><strong>ἐν</strong></span> <span class='ocrx_word' id='word_1_544' title='bbox 1741 1951 1860 2001; x_wconf 77' lang='grc' dir='ltr'><strong>ταῦτῷ</strong></span> <span class='ocrx_word' id='word_1_545' title='bbox 1885 1949 2103 2001; x_wconf 69' lang='grc' dir='ltr'>στρεφόμενα</span> <span class='ocrx_word' id='word_1_546' title='bbox 2137 1947 2190 1987; x_wconf 78' lang='grc' dir='ltr'><strong>ἀεὶ</strong></span> <span class='ocrx_word' id='word_1_547' title='bbox 2220 1948 2335 1999; x_wconf 84' lang='grc' dir='ltr'>με’νει·</span> <span class='ocrx_word' id='word_1_548' title='bbox 2354 1947 2400 1987; x_wconf 78' lang='grc' dir='ltr'><strong>τὰ</strong></span> <span class='ocrx_word' id='word_1_549' title='bbox 2424 1947 2460 1988; x_wconf 79' lang='grc' dir='ltr'><strong>δὲ</strong></span> 
     </span>
     <span class='ocr_line' id='line_1_70' title="bbox 1419 2008 2460 2061; baseline -0.001 -14"><span class='ocrx_word' id='word_1_550' title='bbox 1419 2008 1617 2059; x_wconf 65' lang='grc' dir='ltr'>τρεπόμενα</span> <span class='ocrx_word' id='word_1_551' title='bbox 1639 2011 1699 2047; x_wconf 82' lang='grc' dir='ltr'><strong>καὶ</strong></span> <span class='ocrx_word' id='word_1_552' title='bbox 1717 2008 1854 2055; x_wconf 78' lang='grc' dir='ltr'>πλάνην</span> <span class='ocrx_word' id='word_1_553' title='bbox 1872 2008 2035 2054; x_wconf 80' lang='grc' dir='ltr'>τοιαύτην</span> <span class='ocrx_word' id='word_1_554' title='bbox 2054 2009 2197 2060; x_wconf 83' lang='grc' dir='ltr'>ἴσχοντα</span> <span class='ocrx_word' id='word_1_555' title='bbox 2209 2037 2221 2056; x_wconf 84' lang='grc'><em>,</em></span> <span class='ocrx_word' id='word_1_556' title='bbox 2245 2008 2405 2061; x_wconf 78' lang='grc' dir='ltr'>καθάπερ</span> <span class='ocrx_word' id='word_1_557' title='bbox 2425 2009 2460 2047; x_wconf 78' lang='grc' dir='ltr'><strong>ἓν</strong></span> 
     </span>
     <span class='ocr_line' id='line_1_71' title="bbox 1418 2066 2460 2121; baseline 0 -15"><span class='ocrx_word' id='word_1_558' title='bbox 1418 2084 1489 2112; x_wconf 88' lang='grc' dir='ltr'>τοις</span> <span class='ocrx_word' id='word_1_559' title='bbox 1525 2067 1672 2119; x_wconf 81' lang='grc' dir='ltr'>πρόσθεν</span> <span class='ocrx_word' id='word_1_560' title='bbox 1704 2067 1852 2121; x_wconf 71' lang='grc' dir='ltr'>ε’ῤῥήθη,</span> <span class='ocrx_word' id='word_1_561' title='bbox 1872 2069 1950 2105; x_wconf 80' lang='grc' dir='ltr'>κατ’</span> <span class='ocrx_word' id='word_1_562' title='bbox 1975 2068 2090 2105; x_wconf 82' lang='grc' dir='ltr'>ἐκεῖνα</span> <span class='ocrx_word' id='word_1_563' title='bbox 2122 2067 2254 2118; x_wconf 83' lang='grc' dir='ltr'>γέγονε.</span> <span class='ocrx_word' id='word_1_564' title='bbox 2314 2069 2387 2114; x_wconf 75' lang='grc' dir='ltr'><strong>Γῆν</strong></span> <span class='ocrx_word' id='word_1_565' title='bbox 2423 2066 2460 2106; x_wconf 81' lang='grc' dir='ltr'><strong>δὲ</strong></span> 
     </span>
     <span class='ocr_line' id='line_1_72' title="bbox 1417 2125 2516 2198; baseline -0.003 -32"><span class='ocrx_word' id='word_1_566' title='bbox 1417 2127 1571 2198; x_wconf 77' lang='grc' dir='ltr'>τροφὸν</span> <span class='ocrx_word' id='word_1_567' title='bbox 1566 2126 1629 2165; x_wconf 75' lang='grc' dir='ltr'><strong>μὲν</strong></span> <span class='ocrx_word' id='word_1_568' title='bbox 1643 2128 1839 2178; x_wconf 75' lang='grc' dir='ltr'>ἡμετέραν,</span> <span class='ocrx_word' id='word_1_569' title='bbox 1855 2126 2058 2176; x_wconf 80' lang='grc' dir='ltr'>εἳλλομένην</span> <span class='ocrx_word' id='word_1_570' title='bbox 2080 2126 2116 2164; x_wconf 81' lang='grc' dir='ltr'><strong>δὲ</strong></span> <span class='ocrx_word' id='word_1_571' title='bbox 2131 2125 2210 2179; x_wconf 85' lang='grc' dir='ltr'>περὶ</span> <span class='ocrx_word' id='word_1_572' title='bbox 2225 2125 2282 2164; x_wconf 81' lang='grc' dir='ltr'><strong>τὸν</strong></span> <span class='ocrx_word' id='word_1_573' title='bbox 2303 2125 2360 2164; x_wconf 76' lang='grc' dir='ltr'><strong>διὰ</strong></span> <span class='ocrx_word' id='word_1_574' title='bbox 2374 2141 2460 2166; x_wconf 78' lang='grc' dir='ltr'>παν·</span> <span class='ocrx_word' id='word_1_575' title='bbox 2488 2139 2516 2168; x_wconf 87' lang='lat' dir='ltr'><strong>c</strong></span> 
     </span>
     <span class='ocr_line' id='line_1_73' title="bbox 1417 2184 2460 2238; baseline 0 -14"><span class='ocrx_word' id='word_1_576' title='bbox 1417 2187 1474 2230; x_wconf 83' lang='grc' dir='ltr'><strong>τὸς</strong></span> <span class='ocrx_word' id='word_1_577' title='bbox 1496 2186 1600 2225; x_wconf 80' lang='grc' dir='ltr'>πόλοι</span> <span class='ocrx_word' id='word_1_578' title='bbox 1624 2185 1811 2236; x_wconf 84' lang='grc' dir='ltr'>τεταμένον</span> <span class='ocrx_word' id='word_1_579' title='bbox 1834 2185 1971 2238; x_wconf 81' lang='grc' dir='ltr'>φύλακα</span> <span class='ocrx_word' id='word_1_580' title='bbox 1989 2201 2049 2223; x_wconf 81' lang='grc' dir='ltr'><strong>και</strong></span> <span class='ocrx_word' id='word_1_581' title='bbox 2066 2184 2273 2238; x_wconf 84' lang='grc' dir='ltr'>δημιουργον</span> <span class='ocrx_word' id='word_1_582' title='bbox 2287 2184 2409 2229; x_wconf 81' lang='grc' dir='ltr'>νυκτός</span> <span class='ocrx_word' id='word_1_583' title='bbox 2422 2201 2460 2224; x_wconf 79' lang='grc' dir='ltr'><strong>τε</strong></span> 
     </span>
     <span class='ocr_line' id='line_1_74' title="bbox 1418 2242 2460 2297; baseline -0.001 -14"><span class='ocrx_word' id='word_1_584' title='bbox 1418 2261 1475 2283; x_wconf 71' lang='lat' dir='ltr'><strong>mr.</strong></span> <span class='ocrx_word' id='word_1_585' title='bbox 1498 2245 1631 2296; x_wconf 79' lang='grc' dir='ltr'>ἡμέρας</span> <span class='ocrx_word' id='word_1_586' title='bbox 1659 2244 1932 2296; x_wconf 72' lang='grc' dir='ltr'>εμηχανήσατο,</span> <span class='ocrx_word' id='word_1_587' title='bbox 1961 2244 2103 2297; x_wconf 83' lang='grc' dir='ltr'>πρώτην</span> <span class='ocrx_word' id='word_1_588' title='bbox 2133 2243 2193 2282; x_wconf 82' lang='grc' dir='ltr'><strong>καὶ</strong></span> <span class='ocrx_word' id='word_1_589' title='bbox 2214 2242 2460 2296; x_wconf 72' lang='grc' dir='ltr'>πρεσὸυτοίτην</span> 
     </span>
     <span class='ocr_line' id='line_1_75' title="bbox 1419 2301 2459 2355; baseline -0.001 -14"><span class='ocrx_word' id='word_1_590' title='bbox 1419 2306 1504 2341; x_wconf 76' lang='grc' dir='ltr'>θεῶν</span> <span class='ocrx_word' id='word_1_591' title='bbox 1533 2303 1606 2342; x_wconf 83' lang='grc' dir='ltr'>ὅσοι</span> <span class='ocrx_word' id='word_1_592' title='bbox 1631 2303 1725 2347; x_wconf 79' lang='grc' dir='ltr'>ἐντὸς</span> <span class='ocrx_word' id='word_1_593' title='bbox 1744 2305 1888 2355; x_wconf 77' lang='grc' dir='ltr'>οὐρανοῦ</span> <span class='ocrx_word' id='word_1_594' title='bbox 1916 2302 2092 2354; x_wconf 85' lang='grc' dir='ltr'>γεγόνασι.</span> <span class='ocrx_word' id='word_1_595' title='bbox 2150 2302 2302 2355; x_wconf 85' lang='grc' dir='ltr'>Χορείας</span> <span class='ocrx_word' id='word_1_596' title='bbox 2321 2301 2372 2340; x_wconf 85' lang='grc' dir='ltr'><strong>δὲ</strong></span> <span class='ocrx_word' id='word_1_597' title='bbox 2377 2303 2459 2347; x_wconf 59' lang='lat'>⁴:035-</span> 
     </span>
     <span class='ocr_line' id='line_1_76' title="bbox 1418 2359 2456 2414; baseline 0.001 -16"><span class='ocrx_word' id='word_1_598' title='bbox 1418 2377 1485 2398; x_wconf 84' lang='grc' dir='ltr'><strong>των</strong></span> <span class='ocrx_word' id='word_1_599' title='bbox 1508 2363 1621 2400; x_wconf 76' lang='grc' dir='ltr'>αὐτῶν</span> <span class='ocrx_word' id='word_1_600' title='bbox 1636 2362 1697 2400; x_wconf 81' lang='grc' dir='ltr'><strong>καὶ</strong></span> <span class='ocrx_word' id='word_1_601' title='bbox 1717 2361 1921 2414; x_wconf 69' lang='grc' dir='ltr'>παραδολὰς</span> <span class='ocrx_word' id='word_1_602' title='bbox 1937 2361 2097 2406; x_wconf 76' lang='grc' dir='ltr'>ἀλλήλων</span> <span class='ocrx_word' id='word_1_603' title='bbox 2109 2392 2119 2409; x_wconf 84' lang='grc'><em>,</em></span> <span class='ocrx_word' id='word_1_604' title='bbox 2132 2361 2192 2400; x_wconf 75' lang='grc' dir='ltr'><strong>καὶ</strong></span> <span class='ocrx_word' id='word_1_605' title='bbox 2211 2360 2292 2414; x_wconf 81' lang='grc' dir='ltr'>περὶ</span> <span class='ocrx_word' id='word_1_606' title='bbox 2307 2359 2371 2405; x_wconf 78' lang='grc' dir='ltr'><strong>τὰς</strong></span> <span class='ocrx_word' id='word_1_607' title='bbox 2386 2363 2456 2399; x_wconf 75' lang='grc' dir='ltr'><strong>τῶν</strong></span> 
     </span>
     <span class='ocr_line' id='line_1_77' title="bbox 1417 2418 2458 2472; baseline 0 -16"><span class='ocrx_word' id='word_1_608' title='bbox 1417 2421 1555 2458; x_wconf 83' lang='grc' dir='ltr'>κυκλων</span> <span class='ocrx_word' id='word_1_609' title='bbox 1577 2420 1660 2472; x_wconf 75' lang='grc' dir='ltr'>πρὸς</span> <span class='ocrx_word' id='word_1_610' title='bbox 1682 2418 1824 2463; x_wconf 80' lang='grc' dir='ltr'>ἑαυτοὺς</span> <span class='ocrx_word' id='word_1_611' title='bbox 1845 2419 2143 2466; x_wconf 78' lang='grc' dir='ltr'>ἐπανακυκλήσεις</span> <span class='ocrx_word' id='word_1_612' title='bbox 2166 2418 2226 2457; x_wconf 77' lang='grc' dir='ltr'><strong>καὶ</strong></span> <span class='ocrx_word' id='word_1_613' title='bbox 2245 2418 2458 2472; x_wconf 74' lang='grc' dir='ltr'>προσχωρή-</span> 
     </span>
     <span class='ocr_line' id='line_1_78' title="bbox 1417 2475 2515 2530; baseline -0.001 -15"><span class='ocrx_word' id='word_1_614' title='bbox 1417 2494 1486 2521; x_wconf 83' lang='grc' dir='ltr'>σεις</span> <span class='ocrx_word' id='word_1_615' title='bbox 1499 2509 1508 2525; x_wconf 83' lang='grc'>,</span> <span class='ocrx_word' id='word_1_616' title='bbox 1530 2478 1563 2517; x_wconf 81' lang='grc' dir='ltr'><strong>ἔν</strong></span> <span class='ocrx_word' id='word_1_617' title='bbox 1584 2494 1621 2516; x_wconf 88' lang='grc' dir='ltr'><strong>τε</strong></span> <span class='ocrx_word' id='word_1_618' title='bbox 1637 2481 1714 2522; x_wconf 77' lang='grc' dir='ltr'>ταῖς</span> <span class='ocrx_word' id='word_1_619' title='bbox 1734 2477 1917 2530; x_wconf 82' lang='grc' dir='ltr'>ξυνάψεσιν</span> <span class='ocrx_word' id='word_1_620' title='bbox 1935 2481 2047 2517; x_wconf 86' lang='grc' dir='ltr'>ὁποῖοι</span> <span class='ocrx_word' id='word_1_621' title='bbox 2063 2480 2130 2516; x_wconf 88' lang='grc' dir='ltr'><strong>τῶν</strong></span> <span class='ocrx_word' id='word_1_622' title='bbox 2147 2479 2232 2516; x_wconf 78' lang='grc' dir='ltr'>θεῶν</span> <span class='ocrx_word' id='word_1_623' title='bbox 2251 2479 2331 2515; x_wconf 82' lang='grc' dir='ltr'>κατ’</span> <span class='ocrx_word' id='word_1_624' title='bbox 2346 2475 2456 2525; x_wconf 53' lang='grc' dir='ltr'><strong>ἅλλῆφ</strong></span> <span class='ocrx_word' id='word_1_625' title='bbox 2509 2479 2515 2484; x_wconf 90' lang='grc'><strong>’</strong></span> 
     </span>
     <span class='ocr_line' id='line_1_79' title="bbox 1417 2533 2459 2588; baseline 0.001 -15"><span class='ocrx_word' id='word_1_626' title='bbox 1417 2550 1495 2579; x_wconf 81' lang='grc' dir='ltr'>Λους</span> <span class='ocrx_word' id='word_1_627' title='bbox 1523 2536 1719 2586; x_wconf 83' lang='grc' dir='ltr'>γιγνόμενοι</span> <span class='ocrx_word' id='word_1_628' title='bbox 1746 2536 1806 2574; x_wconf 80' lang='grc' dir='ltr'><strong>καὶ</strong></span> <span class='ocrx_word' id='word_1_629' title='bbox 1835 2535 1908 2574; x_wconf 75' lang='grc' dir='ltr'>ὅσοι</span> <span class='ocrx_word' id='word_1_630' title='bbox 1935 2535 2167 2588; x_wconf 81' lang='grc' dir='ltr'>καταντικρύ,</span> <span class='ocrx_word' id='word_1_631' title='bbox 2196 2533 2272 2586; x_wconf 74' lang='grc' dir='ltr'>μεθ’</span> <span class='ocrx_word' id='word_1_632' title='bbox 2297 2534 2459 2586; x_wconf 76' lang='grc' dir='ltr'>οὕστινάς</span> 
     </span>
     <span class='ocr_line' id='line_1_80' title="bbox 1416 2593 2459 2647; baseline 0.001 -16"><span class='ocrx_word' id='word_1_633' title='bbox 1416 2610 1452 2632; x_wconf 87' lang='grc' dir='ltr'><strong>τε</strong></span> <span class='ocrx_word' id='word_1_634' title='bbox 1478 2594 1683 2647; x_wconf 82' lang='grc' dir='ltr'>ἐπίπροσθεν</span> <span class='ocrx_word' id='word_1_635' title='bbox 1705 2594 1869 2641; x_wconf 75' lang='grc' dir='ltr'>ἀλλήλοις</span> <span class='ocrx_word' id='word_1_636' title='bbox 1889 2598 1974 2645; x_wconf 73' lang='grc' dir='ltr'>ἡμῖν</span> <span class='ocrx_word' id='word_1_637' title='bbox 1997 2610 2033 2633; x_wconf 88' lang='grc' dir='ltr'><strong>τε</strong></span> <span class='ocrx_word' id='word_1_638' title='bbox 2053 2595 2144 2633; x_wconf 80' lang='grc' dir='ltr'>κατὰ</span> <span class='ocrx_word' id='word_1_639' title='bbox 2164 2594 2309 2647; x_wconf 81' lang='grc' dir='ltr'>χρόνους</span> <span class='ocrx_word' id='word_1_640' title='bbox 2338 2593 2459 2634; x_wconf 80' lang='grc' dir='ltr'>οὕστι-</span> 
     </span>
     <span class='ocr_line' id='line_1_81' title="bbox 1416 2650 2455 2707; baseline 0.001 -17"><span class='ocrx_word' id='word_1_641' title='bbox 1416 2669 1475 2696; x_wconf 83' lang='grc' dir='ltr'><strong>νας</strong></span> <span class='ocrx_word' id='word_1_642' title='bbox 1495 2651 1634 2692; x_wconf 81' lang='grc' dir='ltr'>ε’καστοι</span> <span class='ocrx_word' id='word_1_643' title='bbox 1653 2652 1985 2693; x_wconf 82' lang='grc' dir='ltr'>κατακαλύπτονται</span> <span class='ocrx_word' id='word_1_644' title='bbox 2004 2653 2064 2691; x_wconf 79' lang='grc' dir='ltr'><strong>καὶ</strong></span> <span class='ocrx_word' id='word_1_645' title='bbox 2087 2653 2194 2692; x_wconf 83' lang='grc' dir='ltr'>πάλιν</span> <span class='ocrx_word' id='word_1_646' title='bbox 2213 2650 2455 2707; x_wconf 77' lang='grc' dir='ltr'>ἀναφαινόμε-</span> 
     </span>
     <span class='ocr_line' id='line_1_82' title="bbox 1417 2705 2514 2765; baseline -0.001 -14"><span class='ocrx_word' id='word_1_647' title='bbox 1417 2728 1469 2751; x_wconf 87' lang='grc' dir='ltr'><strong>νοι</strong></span> <span class='ocrx_word' id='word_1_648' title='bbox 1496 2711 1620 2765; x_wconf 66' lang='grc' dir='ltr'>φόὸους</span> <span class='ocrx_word' id='word_1_649' title='bbox 1645 2728 1706 2751; x_wconf 78' lang='grc' dir='ltr'><strong>χαι</strong></span> <span class='ocrx_word' id='word_1_650' title='bbox 1727 2718 1859 2763; x_wconf 83' lang='grc' dir='ltr'>σημεῖα</span> <span class='ocrx_word' id='word_1_651' title='bbox 1878 2714 1946 2751; x_wconf 82' lang='grc' dir='ltr'><strong>τῶν</strong></span> <span class='ocrx_word' id='word_1_652' title='bbox 1973 2710 2062 2762; x_wconf 79' lang='grc' dir='ltr'>μετὰ</span> <span class='ocrx_word' id='word_1_653' title='bbox 2083 2727 2195 2750; x_wconf 79' lang='grc' dir='ltr'>ταυτα</span> <span class='ocrx_word' id='word_1_654' title='bbox 2213 2711 2457 2763; x_wconf 79' lang='grc' dir='ltr'>γενησομένων</span> <span class='ocrx_word' id='word_1_655' title='bbox 2487 2705 2514 2759; x_wconf 50' lang='grc' dir='ltr'><em>Α</em></span> 
     </span>
    </p>
   </div>
   <div class='ocr_carea' id='block_1_9' title="bbox 325 2790 2454 2813">
    <p class='ocr_par' dir='ltr' id='par_1_9' title="bbox 325 2790 2454 2813">
     <span class='ocr_line' id='line_1_83' title="bbox 325 2790 2454 2813; baseline -0.003 0"><span class='ocrx_word' id='word_1_656' title='bbox 325 2790 2454 2813; x_wconf 45' lang='lat' dir='ltr'><strong>m</strong></span> 
     </span>
    </p>
   </div>
   <div class='ocr_carea' id='block_1_10' title="bbox 315 2838 1356 3522">
    <p class='ocr_par' dir='ltr' id='par_1_10' title="bbox 315 2838 1356 3353">
     <span class='ocr_line' id='line_1_84' title="bbox 317 2838 1353 2889; baseline 0.014 -23"><span class='ocrx_word' id='word_1_657' title='bbox 317 2838 492 2868; x_wconf 87' lang='lat' dir='ltr'><strong>cernuntur</strong></span> <span class='ocrx_word' id='word_1_658' title='bbox 526 2839 646 2879; x_wconf 88' lang='lat' dir='ltr'><strong>quique</strong></span> <span class='ocrx_word' id='word_1_659' title='bbox 685 2841 745 2872; x_wconf 91' lang='lat' dir='ltr'><strong>orti</strong></span> <span class='ocrx_word' id='word_1_660' title='bbox 778 2844 872 2881; x_wconf 89' lang='lat' dir='ltr'><strong>sunt,</strong></span> <span class='ocrx_word' id='word_1_661' title='bbox 910 2846 1022 2876; x_wconf 88' lang='lat' dir='ltr'><strong>natura</strong></span> <span class='ocrx_word' id='word_1_662' title='bbox 1056 2847 1180 2886; x_wconf 73' lang='lat' dir='ltr'><strong>praet&#39;ati</strong></span> <span class='ocrx_word' id='word_1_663' title='bbox 1222 2857 1353 2889; x_wconf 74' lang='lat' dir='ltr'><strong>sumna,</strong></span> 
     </span>
     <span class='ocr_line' id='line_1_85' title="bbox 319 2893 1356 2946; baseline 0.014 -22"><span class='ocrx_word' id='word_1_664' title='bbox 319 2893 455 2926; x_wconf 82' lang='lat' dir='ltr'><strong>habeant</strong></span> <span class='ocrx_word' id='word_1_665' title='bbox 491 2895 575 2927; x_wconf 82' lang='lat' dir='ltr'><strong>liunc</strong></span> <span class='ocrx_word' id='word_1_666' title='bbox 615 2898 798 2930; x_wconf 84' lang='lat' dir='ltr'><strong>terminum.</strong></span> <span class='ocrx_word' id='word_1_667' title='bbox 860 2901 1066 2942; x_wconf 87' lang='lat' dir='ltr'><strong>Reliquorum</strong></span> <span class='ocrx_word' id='word_1_668' title='bbox 1105 2906 1232 2946; x_wconf 90' lang='lat' dir='ltr'><strong>autem,</strong></span> <span class='ocrx_word' id='word_1_669' title='bbox 1277 2915 1356 2946; x_wconf 86' lang='lat' dir='ltr'><strong>quos</strong></span> 
     </span>
     <span class='ocr_line' id='line_1_86' title="bbox 315 2952 1354 3004; baseline 0.013 -22"><span class='ocrx_word' id='word_1_670' title='bbox 315 2952 419 2983; x_wconf 82' lang='lat' dir='ltr'><strong>Graeci</strong></span> <span class='ocrx_word' id='word_1_671' title='bbox 449 2953 596 2993; x_wconf 63' lang='grc' dir='ltr'>δαίμονας</span> <span class='ocrx_word' id='word_1_672' title='bbox 621 2956 798 2996; x_wconf 84' lang='lat' dir='ltr'><strong>appellant,</strong></span> <span class='ocrx_word' id='word_1_673' title='bbox 821 2959 938 2997; x_wconf 88' lang='lat' dir='ltr'><strong>nostri,</strong></span> <span class='ocrx_word' id='word_1_674' title='bbox 966 2964 1001 2992; x_wconf 91' lang='lat' dir='ltr'><strong>nt</strong></span> <span class='ocrx_word' id='word_1_675' title='bbox 1028 2962 1155 3002; x_wconf 88' lang='lat' dir='ltr'><strong>opinor,</strong></span> <span class='ocrx_word' id='word_1_676' title='bbox 1186 2965 1304 3004; x_wconf 86' lang='lat' dir='ltr'><strong>Lares,</strong></span> <span class='ocrx_word' id='word_1_677' title='bbox 1329 2966 1354 2996; x_wconf 91' lang='lat' dir='ltr'><strong>si</strong></span> 
     </span>
     <span class='ocr_line' id='line_1_87' title="bbox 319 3011 1356 3060; baseline 0.014 -19"><span class='ocrx_word' id='word_1_678' title='bbox 319 3011 416 3042; x_wconf 86' lang='lat' dir='ltr'><strong>modo</strong></span> <span class='ocrx_word' id='word_1_679' title='bbox 445 3011 506 3043; x_wconf 80' lang='lat' dir='ltr'><strong>noc</strong></span> <span class='ocrx_word' id='word_1_680' title='bbox 534 3014 617 3045; x_wconf 84' lang='lat' dir='ltr'><strong>recte</strong></span> <span class='ocrx_word' id='word_1_681' title='bbox 645 3022 833 3047; x_wconf 81' lang='lat' dir='ltr'><strong>conversum</strong></span> <span class='ocrx_word' id='word_1_682' title='bbox 862 3017 962 3050; x_wconf 87' lang='lat' dir='ltr'><strong>videri</strong></span> <span class='ocrx_word' id='word_1_683' title='bbox 990 3021 1111 3060; x_wconf 86' lang='lat' dir='ltr'><strong>potest,</strong></span> <span class='ocrx_word' id='word_1_684' title='bbox 1148 3023 1180 3053; x_wconf 87' lang='lat' dir='ltr'><strong>et</strong></span> <span class='ocrx_word' id='word_1_685' title='bbox 1202 3031 1296 3054; x_wconf 88' lang='lat' dir='ltr'><strong>nosse</strong></span> <span class='ocrx_word' id='word_1_686' title='bbox 1325 3027 1356 3055; x_wconf 88' lang='lat' dir='ltr'><strong>et</strong></span> 
     </span>
     <span class='ocr_line' id='line_1_88' title="bbox 319 3069 1355 3120; baseline 0.014 -21"><span class='ocrx_word' id='word_1_687' title='bbox 319 3069 486 3101; x_wconf 87' lang='lat' dir='ltr'><strong>enuntiare</strong></span> <span class='ocrx_word' id='word_1_688' title='bbox 514 3072 622 3102; x_wconf 90' lang='lat' dir='ltr'><strong>ortum</strong></span> <span class='ocrx_word' id='word_1_689' title='bbox 652 3081 782 3112; x_wconf 89' lang='lat' dir='ltr'><strong>eornm,</strong></span> <span class='ocrx_word' id='word_1_690' title='bbox 810 3075 914 3114; x_wconf 82' lang='lat' dir='ltr'><strong>majus</strong></span> <span class='ocrx_word' id='word_1_691' title='bbox 935 3078 1001 3117; x_wconf 86' lang='lat' dir='ltr'><strong>est,</strong></span> <span class='ocrx_word' id='word_1_692' title='bbox 1030 3087 1127 3118; x_wconf 90' lang='lat' dir='ltr'><strong>quam</strong></span> <span class='ocrx_word' id='word_1_693' title='bbox 1157 3081 1191 3111; x_wconf 90' lang='lat' dir='ltr'><strong>ut</strong></span> <span class='ocrx_word' id='word_1_694' title='bbox 1216 3081 1355 3120; x_wconf 77' lang='lat' dir='ltr'><strong>profiteri</strong></span> 
     </span>
     <span class='ocr_line' id='line_1_89' title="bbox 319 3126 1356 3179; baseline 0.015 -23"><span class='ocrx_word' id='word_1_695' title='bbox 319 3126 460 3159; x_wconf 84' lang='lat' dir='ltr'><strong>scribere</strong></span> <span class='ocrx_word' id='word_1_696' title='bbox 477 3136 536 3159; x_wconf 89' lang='lat' dir='ltr'><strong>nos</strong></span> <span class='ocrx_word' id='word_1_697' title='bbox 552 3128 737 3163; x_wconf 81' lang='lat' dir='ltr'><strong>audeamus,</strong></span> <span class='ocrx_word' id='word_1_698' title='bbox 778 3132 984 3165; x_wconf 81' lang='lat' dir='ltr'><strong>Credendum</strong></span> <span class='ocrx_word' id='word_1_699' title='bbox 1007 3135 1161 3168; x_wconf 89' lang='lat' dir='ltr'><strong>nimirum</strong></span> <span class='ocrx_word' id='word_1_700' title='bbox 1178 3140 1226 3169; x_wconf 89' lang='lat' dir='ltr'><strong>est</strong></span> <span class='ocrx_word' id='word_1_701' title='bbox 1247 3140 1356 3179; x_wconf 85' lang='lat' dir='ltr'><strong>veteri·</strong></span> 
     </span>
     <span class='ocr_line' id='line_1_90' title="bbox 319 3183 1355 3234; baseline 0.014 -19"><span class='ocrx_word' id='word_1_702' title='bbox 319 3183 380 3216; x_wconf 92' lang='lat' dir='ltr'><strong>bus</strong></span> <span class='ocrx_word' id='word_1_703' title='bbox 401 3186 433 3217; x_wconf 91' lang='lat' dir='ltr'><strong>et</strong></span> <span class='ocrx_word' id='word_1_704' title='bbox 451 3185 581 3227; x_wconf 84' lang='lat' dir='ltr'><strong>priscis,</strong></span> <span class='ocrx_word' id='word_1_705' title='bbox 603 3189 638 3220; x_wconf 86' lang='lat' dir='ltr'><strong>ut</strong></span> <span class='ocrx_word' id='word_1_706' title='bbox 662 3188 770 3229; x_wconf 84' lang='lat' dir='ltr'><strong>aiunt,</strong></span> <span class='ocrx_word' id='word_1_707' title='bbox 788 3190 880 3232; x_wconf 65' lang='grc' dir='ltr'>νὶιὶε,</span> <span class='ocrx_word' id='word_1_708' title='bbox 899 3193 953 3232; x_wconf 84' lang='lat' dir='ltr'><strong>qui</strong></span> <span class='ocrx_word' id='word_1_709' title='bbox 973 3202 1007 3225; x_wconf 88' lang='lat' dir='ltr'><strong>se</strong></span> <span class='ocrx_word' id='word_1_710' title='bbox 1025 3196 1204 3234; x_wconf 81' lang='lat' dir='ltr'><strong>progeniem</strong></span> <span class='ocrx_word' id='word_1_711' title='bbox 1223 3197 1355 3230; x_wconf 87' lang='lat' dir='ltr'><strong>deorum</strong></span> 
     </span>
     <span class='ocr_line' id='line_1_91' title="bbox 318 3243 1354 3295; baseline 0.013 -21"><span class='ocrx_word' id='word_1_712' title='bbox 318 3251 393 3275; x_wconf 84' lang='lat' dir='ltr'><strong>esse</strong></span> <span class='ocrx_word' id='word_1_713' title='bbox 419 3243 578 3277; x_wconf 85' lang='lat' dir='ltr'><strong>dicebant.</strong></span> <span class='ocrx_word' id='word_1_714' title='bbox 608 3248 733 3287; x_wconf 88' lang='lat' dir='ltr'><strong>ltaque</strong></span> <span class='ocrx_word' id='word_1_715' title='bbox 764 3257 876 3280; x_wconf 87' lang='lat' dir='ltr'><strong>eornm</strong></span> <span class='ocrx_word' id='word_1_716' title='bbox 905 3252 1059 3283; x_wconf 86' lang='lat' dir='ltr'><strong>vocabula</strong></span> <span class='ocrx_word' id='word_1_717' title='bbox 1083 3253 1175 3285; x_wconf 90' lang='lat' dir='ltr'><strong>nobis</strong></span> <span class='ocrx_word' id='word_1_718' title='bbox 1207 3256 1354 3295; x_wconf 85' lang='lat' dir='ltr'><strong>prodide-</strong></span> 
     </span>
     <span class='ocr_line' id='line_1_92' title="bbox 319 3303 1353 3353; baseline 0.013 -21"><span class='ocrx_word' id='word_1_719' title='bbox 319 3303 407 3334; x_wconf 89' lang='lat' dir='ltr'><strong>runt.</strong></span> <span class='ocrx_word' id='word_1_720' title='bbox 451 3304 552 3335; x_wconf 87' lang='lat' dir='ltr'><strong>Nosse</strong></span> <span class='ocrx_word' id='word_1_721' title='bbox 568 3305 675 3336; x_wconf 87' lang='lat' dir='ltr'><strong>autem</strong></span> <span class='ocrx_word' id='word_1_722' title='bbox 702 3309 905 3345; x_wconf 64' lang='lat' dir='ltr'><strong>generatores</strong></span> <span class='ocrx_word' id='word_1_723' title='bbox 932 3318 1008 3340; x_wconf 88' lang='lat' dir='ltr'><strong>suos</strong></span> <span class='ocrx_word' id='word_1_724' title='bbox 1032 3310 1154 3350; x_wconf 86' lang='lat' dir='ltr'><strong>optime</strong></span> <span class='ocrx_word' id='word_1_725' title='bbox 1178 3314 1353 3353; x_wconf 89' lang='lat' dir='ltr'><strong>poterant:</strong></span> 
     </span>
    </p>

    <p class='ocr_par' dir='ltr' id='par_1_11' title="bbox 321 3359 1356 3522">
     <span class='ocr_line' id='line_1_93' title="bbox 321 3359 1355 3412; baseline 0.014 -22"><span class='ocrx_word' id='word_1_726' title='bbox 321 3367 358 3390; x_wconf 87' lang='lat' dir='ltr'><strong>ac</strong></span> <span class='ocrx_word' id='word_1_727' title='bbox 385 3359 514 3394; x_wconf 83' lang='lat' dir='ltr'><strong>difficile</strong></span> <span class='ocrx_word' id='word_1_728' title='bbox 543 3362 627 3394; x_wconf 85' lang='lat' dir='ltr'><strong>t&#39;actn</strong></span> <span class='ocrx_word' id='word_1_729' title='bbox 659 3365 725 3403; x_wconf 82' lang='lat' dir='ltr'><strong>est,</strong></span> <span class='ocrx_word' id='word_1_730' title='bbox 752 3373 770 3396; x_wconf 91' lang='lat' dir='ltr'><strong>a</strong></span> <span class='ocrx_word' id='word_1_731' title='bbox 807 3365 868 3397; x_wconf 84' lang='lat' dir='ltr'><strong>diis</strong></span> <span class='ocrx_word' id='word_1_732' title='bbox 896 3367 975 3398; x_wconf 77' lang='lat' dir='ltr'><strong>ortis</strong></span> <span class='ocrx_word' id='word_1_733' title='bbox 999 3367 1092 3400; x_wconf 85' lang='lat' dir='ltr'><strong>tidem</strong></span> <span class='ocrx_word' id='word_1_734' title='bbox 1120 3378 1185 3401; x_wconf 90' lang='lat' dir='ltr'><strong>non</strong></span> <span class='ocrx_word' id='word_1_735' title='bbox 1222 3371 1355 3412; x_wconf 78' lang='lat' dir='ltr'><strong>liabere;</strong></span> 
     </span>
     <span class='ocr_line' id='line_1_94' title="bbox 321 3422 1355 3462; baseline 0.016 -17"><span class='ocrx_word' id='word_1_736' title='bbox 321 3423 514 3457; x_wconf 87' lang='lat' dir='ltr'><strong>quamquam</strong></span> <span class='ocrx_word' id='word_1_737' title='bbox 542 3427 600 3451; x_wconf 87' lang='lat' dir='ltr'><strong>nec</strong></span> <span class='ocrx_word' id='word_1_738' title='bbox 627 3422 820 3460; x_wconf 87' lang='lat' dir='ltr'><strong>argumentis</strong></span> <span class='ocrx_word' id='word_1_739' title='bbox 843 3432 902 3456; x_wconf 88' lang='lat' dir='ltr'><strong>nec</strong></span> <span class='ocrx_word' id='word_1_740' title='bbox 923 3425 1099 3458; x_wconf 89' lang='lat' dir='ltr'><strong>rationibus</strong></span> <span class='ocrx_word' id='word_1_741' title='bbox 1126 3429 1220 3460; x_wconf 85' lang='lat' dir='ltr'><strong>certis</strong></span> <span class='ocrx_word' id='word_1_742' title='bbox 1244 3439 1355 3462; x_wconf 87' lang='lat' dir='ltr'><strong>eorum</strong></span> 
     </span>
     <span class='ocr_line' id='line_1_95' title="bbox 323 3473 1356 3522; baseline 0.017 -19"><span class='ocrx_word' id='word_1_743' title='bbox 323 3473 425 3504; x_wconf 80' lang='lat' dir='ltr'><strong>oratio</strong></span> <span class='ocrx_word' id='word_1_744' title='bbox 447 3477 654 3510; x_wconf 81' lang='lat' dir='ltr'><strong>confirmatur</strong></span> <span class='ocrx_word' id='word_1_745' title='bbox 671 3487 679 3510; x_wconf 91' lang='lat'>:</span> <span class='ocrx_word' id='word_1_746' title='bbox 693 3478 748 3511; x_wconf 90' lang='lat' dir='ltr'><strong>sed</strong></span> <span class='ocrx_word' id='word_1_747' title='bbox 766 3482 841 3522; x_wconf 89' lang='lat' dir='ltr'><strong>quia</strong></span> <span class='ocrx_word' id='word_1_748' title='bbox 857 3482 897 3515; x_wconf 89' lang='lat' dir='ltr'><strong>de</strong></span> <span class='ocrx_word' id='word_1_749' title='bbox 913 3484 982 3515; x_wconf 90' lang='lat' dir='ltr'><strong>suis</strong></span> <span class='ocrx_word' id='word_1_750' title='bbox 996 3484 1091 3517; x_wconf 91' lang='lat' dir='ltr'><strong>rebus</strong></span> <span class='ocrx_word' id='word_1_751' title='bbox 1109 3487 1193 3519; x_wconf 86' lang='lat' dir='ltr'><strong>notis</strong></span> <span class='ocrx_word' id='word_1_752' title='bbox 1208 3487 1356 3522; x_wconf 88' lang='lat' dir='ltr'><strong>videntur</strong></span> 
     </span>
    </p>
   </div>
   <div class='ocr_carea' id='block_1_11' title="bbox 1415 2848 2530 3536">
    <p class='ocr_par' dir='ltr' id='par_1_12' title="bbox 1415 2848 2530 3536">
     <span class='ocr_line' id='line_1_96' title="bbox 1417 2848 2459 2892; baseline 0.001 -11"><span class='ocrx_word' id='word_1_753' title='bbox 1417 2849 1524 2892; x_wconf 85' lang='lat' dir='ltr'><strong>loqui,</strong></span> <span class='ocrx_word' id='word_1_754' title='bbox 1544 2850 1643 2883; x_wconf 89' lang='lat' dir='ltr'><strong>veteri</strong></span> <span class='ocrx_word' id='word_1_755' title='bbox 1664 2849 1724 2890; x_wconf 86' lang='lat' dir='ltr'><strong>legi</strong></span> <span class='ocrx_word' id='word_1_756' title='bbox 1745 2850 1892 2890; x_wconf 89' lang='lat' dir='ltr'><strong>morique</strong></span> <span class='ocrx_word' id='word_1_757' title='bbox 1916 2848 2093 2890; x_wconf 83' lang='lat' dir='ltr'><strong>parendum</strong></span> <span class='ocrx_word' id='word_1_758' title='bbox 2112 2852 2183 2881; x_wconf 86' lang='lat' dir='ltr'><strong>est.·</strong></span> <span class='ocrx_word' id='word_1_759' title='bbox 2216 2849 2269 2881; x_wconf 87' lang='lat' dir='ltr'><strong>Sic</strong></span> <span class='ocrx_word' id='word_1_760' title='bbox 2290 2849 2400 2889; x_wconf 78' lang='lat' dir='ltr'><strong>igitur,</strong></span> <span class='ocrx_word' id='word_1_761' title='bbox 2421 2850 2459 2882; x_wconf 76' lang='lat' dir='ltr'><strong>ut</strong></span> 
     </span>
     <span class='ocr_line' id='line_1_97' title="bbox 1416 2908 2458 2949; baseline 0 -9"><span class='ocrx_word' id='word_1_762' title='bbox 1416 2909 1456 2940; x_wconf 91' lang='lat' dir='ltr'><strong>ab</strong></span> <span class='ocrx_word' id='word_1_763' title='bbox 1482 2909 1520 2941; x_wconf 90' lang='lat' dir='ltr'><strong>iis</strong></span> <span class='ocrx_word' id='word_1_764' title='bbox 1537 2912 1585 2941; x_wconf 84' lang='lat' dir='ltr'><strong>est</strong></span> <span class='ocrx_word' id='word_1_765' title='bbox 1603 2909 1777 2949; x_wconf 84' lang='lat' dir='ltr'><strong>traditum,</strong></span> <span class='ocrx_word' id='word_1_766' title='bbox 1793 2909 1907 2940; x_wconf 80' lang='lat' dir='ltr'><strong>liornm</strong></span> <span class='ocrx_word' id='word_1_767' title='bbox 1929 2908 2063 2940; x_wconf 89' lang='lat' dir='ltr'><strong>deorum</strong></span> <span class='ocrx_word' id='word_1_768' title='bbox 2081 2909 2171 2940; x_wconf 88' lang='lat' dir='ltr'><strong>ortus</strong></span> <span class='ocrx_word' id='word_1_769' title='bbox 2195 2908 2350 2940; x_wconf 68' lang='lat' dir='ltr'><strong>nabe-atin-</strong></span> <span class='ocrx_word' id='word_1_770' title='bbox 2362 2909 2458 2949; x_wconf 85' lang='lat' dir='ltr'><strong>atque</strong></span> 
     </span>
     <span class='ocr_line' id='line_1_98' title="bbox 1417 2965 2458 3007; baseline 0 -9"><span class='ocrx_word' id='word_1_771' title='bbox 1417 2967 1553 3007; x_wconf 86' lang='lat' dir='ltr'><strong>dicatur,</strong></span> <span class='ocrx_word' id='word_1_772' title='bbox 1573 2969 1610 2999; x_wconf 89' lang='lat' dir='ltr'><strong>ut</strong></span> <span class='ocrx_word' id='word_1_773' title='bbox 1639 2970 1805 2999; x_wconf 87' lang='lat' dir='ltr'><strong>occanum</strong></span> <span class='ocrx_word' id='word_1_774' title='bbox 1834 2966 2056 3006; x_wconf 87' lang='lat' dir='ltr'><strong>Salaciamque</strong></span> <span class='ocrx_word' id='word_1_775' title='bbox 2080 2965 2156 2998; x_wconf 84' lang='lat' dir='ltr'><strong>Caeli</strong></span> <span class='ocrx_word' id='word_1_776' title='bbox 2185 2968 2258 2998; x_wconf 81' lang='lat' dir='ltr'><strong>satu</strong></span> <span class='ocrx_word' id='word_1_777' title='bbox 2286 2967 2458 3006; x_wconf 75' lang='lat' dir='ltr'><strong>Terraeque</strong></span> 
     </span>
     <span class='ocr_line' id='line_1_99' title="bbox 1416 3023 2455 3066; baseline -0.002 -9"><span class='ocrx_word' id='word_1_778' title='bbox 1416 3027 1570 3066; x_wconf 81' lang='lat' dir='ltr'><strong>conceptu</strong></span> <span class='ocrx_word' id='word_1_779' title='bbox 1590 3027 1755 3066; x_wconf 84' lang='lat' dir='ltr'><strong>generatos</strong></span> <span class='ocrx_word' id='word_1_780' title='bbox 1773 3025 1942 3066; x_wconf 84' lang='lat' dir='ltr'><strong>editosque</strong></span> <span class='ocrx_word' id='word_1_781' title='bbox 1961 3033 2177 3056; x_wconf 84' lang='lat' dir='ltr'><strong>memoremus</strong></span> <span class='ocrx_word' id='word_1_782' title='bbox 2197 3036 2205 3056; x_wconf 70' lang='grc' dir='ltr'><strong>ι</strong></span> <span class='ocrx_word' id='word_1_783' title='bbox 2222 3033 2263 3056; x_wconf 86' lang='lat' dir='ltr'><strong>ex</strong></span> <span class='ocrx_word' id='word_1_784' title='bbox 2280 3023 2330 3056; x_wconf 82' lang='lat' dir='ltr'><strong>liis</strong></span> <span class='ocrx_word' id='word_1_785' title='bbox 2350 3024 2455 3057; x_wconf 77' lang='lat' dir='ltr'><strong>Plior-</strong></span> 
     </span>
     <span class='ocr_line' id='line_1_100' title="bbox 1415 3076 2529 3125; baseline -0.003 -10"><span class='ocrx_word' id='word_1_786' title='bbox 1415 3093 1495 3125; x_wconf 82' lang='lat' dir='ltr'><strong>eyn,</strong></span> <span class='ocrx_word' id='word_1_787' title='bbox 1515 3085 1688 3116; x_wconf 85' lang='lat' dir='ltr'><strong>Saturnum</strong></span> <span class='ocrx_word' id='word_1_788' title='bbox 1711 3086 1743 3115; x_wconf 90' lang='lat' dir='ltr'><strong>et</strong></span> <span class='ocrx_word' id='word_1_789' title='bbox 1766 3085 1867 3123; x_wconf 83' lang='lat' dir='ltr'><strong>Opem</strong></span> <span class='ocrx_word' id='word_1_790' title='bbox 1891 3092 1899 3114; x_wconf 92' lang='lat'><strong>:</strong></span> <span class='ocrx_word' id='word_1_791' title='bbox 1918 3082 2066 3123; x_wconf 86' lang='lat' dir='ltr'><strong>deinceps</strong></span> <span class='ocrx_word' id='word_1_792' title='bbox 2091 3084 2207 3115; x_wconf 82' lang='lat' dir='ltr'><strong>Jovem</strong></span> <span class='ocrx_word' id='word_1_793' title='bbox 2231 3083 2328 3122; x_wconf 86' lang='lat' dir='ltr'><strong>atque</strong></span> <span class='ocrx_word' id='word_1_794' title='bbox 2348 3076 2529 3120; x_wconf 68' lang='lat' dir='ltr'><strong>,inno-kl„</strong></span> 
     </span>
     <span class='ocr_line' id='line_1_101' title="bbox 1416 3134 2456 3183; baseline 0.002 -10"><span class='ocrx_word' id='word_1_795' title='bbox 1416 3151 1487 3174; x_wconf 89' lang='lat' dir='ltr'><strong>nem</strong></span> <span class='ocrx_word' id='word_1_796' title='bbox 1500 3137 1667 3183; x_wconf 72' lang='lat' dir='ltr'><strong>,&#39;1·eliqu0s</strong></span> <span class='ocrx_word' id='word_1_797' title='bbox 1679 3166 1688 3182; x_wconf 96' lang='lat'><strong>‚</strong></span> <span class='ocrx_word' id='word_1_798' title='bbox 1708 3136 1790 3183; x_wconf 85' lang='lat' dir='ltr'><strong>quos</strong></span> <span class='ocrx_word' id='word_1_799' title='bbox 1810 3142 1921 3174; x_wconf 80' lang='lat' dir='ltr'><strong>fratres</strong></span> <span class='ocrx_word' id='word_1_800' title='bbox 1938 3142 2021 3174; x_wconf 86' lang='lat' dir='ltr'><strong>inter</strong></span> <span class='ocrx_word' id='word_1_801' title='bbox 2036 3150 2071 3173; x_wconf 90' lang='lat' dir='ltr'><strong>se</strong></span> <span class='ocrx_word' id='word_1_802' title='bbox 2091 3134 2288 3182; x_wconf 84' lang='lat' dir='ltr'><strong>agnatosque</strong></span> <span class='ocrx_word' id='word_1_803' title='bbox 2309 3140 2456 3182; x_wconf 79' lang='lat' dir='ltr'><strong>usurpari</strong></span> 
     </span>
     <span class='ocr_line' id='line_1_102' title="bbox 1418 3199 2455 3241; baseline 0 -9"><span class='ocrx_word' id='word_1_804' title='bbox 1418 3202 1515 3240; x_wconf 87' lang='lat' dir='ltr'><strong>atque</strong></span> <span class='ocrx_word' id='word_1_805' title='bbox 1541 3201 1693 3241; x_wconf 85' lang='lat' dir='ltr'><strong>appellari</strong></span> <span class='ocrx_word' id='word_1_806' title='bbox 1721 3201 1886 3241; x_wconf 78' lang='lat' dir='ltr'><strong>videmus,</strong></span> <span class='ocrx_word' id='word_1_807' title='bbox 1911 3202 1944 3233; x_wconf 88' lang='lat' dir='ltr'><strong>et</strong></span> <span class='ocrx_word' id='word_1_808' title='bbox 1975 3209 2111 3239; x_wconf 84' lang='lat' dir='ltr'><strong>eornm,</strong></span> <span class='ocrx_word' id='word_1_809' title='bbox 2139 3201 2175 3232; x_wconf 89' lang='lat' dir='ltr'><strong>nt</strong></span> <span class='ocrx_word' id='word_1_810' title='bbox 2198 3202 2327 3232; x_wconf 90' lang='lat' dir='ltr'><strong>utamur</strong></span> <span class='ocrx_word' id='word_1_811' title='bbox 2355 3199 2455 3232; x_wconf 80' lang='lat' dir='ltr'><strong>veteri</strong></span> 
     </span>
     <span class='ocr_line' id='line_1_103' title="bbox 1415 3258 2530 3302; baseline 0.001 -13"><span class='ocrx_word' id='word_1_812' title='bbox 1415 3258 1524 3299; x_wconf 84' lang='lat' dir='ltr'><strong>verbo,</strong></span> <span class='ocrx_word' id='word_1_813' title='bbox 1543 3260 1730 3300; x_wconf 84' lang='lat' dir='ltr'><strong>prosapiam.</strong></span> <span class='ocrx_word' id='word_1_814' title='bbox 1747 3259 1781 3302; x_wconf 86' lang='lat'><strong>[§</strong></span> <span class='ocrx_word' id='word_1_815' title='bbox 1797 3258 1860 3301; x_wconf 60' lang='grc' dir='ltr'><strong>ια]</strong></span> <span class='ocrx_word' id='word_1_816' title='bbox 1874 3259 2010 3298; x_wconf 89' lang='lat' dir='ltr'><strong>Quando</strong></span> <span class='ocrx_word' id='word_1_817' title='bbox 2028 3259 2120 3297; x_wconf 70' lang='lat' dir='ltr'><strong>igitur</strong></span> <span class='ocrx_word' id='word_1_818' title='bbox 2137 3267 2247 3290; x_wconf 88' lang='lat' dir='ltr'><strong>omnes</strong></span> <span class='ocrx_word' id='word_1_819' title='bbox 2267 3260 2299 3290; x_wconf 88' lang='lat' dir='ltr'><strong>et</strong></span> <span class='ocrx_word' id='word_1_820' title='bbox 2314 3258 2369 3299; x_wconf 90' lang='lat' dir='ltr'><strong>qni</strong></span> <span class='ocrx_word' id='word_1_821' title='bbox 2383 3266 2455 3290; x_wconf 81' lang='lat' dir='ltr'><strong>mo·</strong></span> <span class='ocrx_word' id='word_1_822' title='bbox 2507 3276 2530 3301; x_wconf 54' lang='grc' dir='ltr'>μ</span> 
     </span>
     <span class='ocr_line' id='line_1_104' title="bbox 1418 3315 2455 3359; baseline 0.001 -12"><span class='ocrx_word' id='word_1_823' title='bbox 1418 3320 1529 3348; x_wconf 85' lang='lat' dir='ltr'><strong>ventur</strong></span> <span class='ocrx_word' id='word_1_824' title='bbox 1546 3317 1713 3359; x_wconf 82' lang='lat' dir='ltr'><strong>palamque</strong></span> <span class='ocrx_word' id='word_1_825' title='bbox 1732 3319 1943 3350; x_wconf 87' lang='lat' dir='ltr'><strong>ostenduntur</strong></span> <span class='ocrx_word' id='word_1_826' title='bbox 1959 3319 1992 3350; x_wconf 88' lang='lat' dir='ltr'><strong>et</strong></span> <span class='ocrx_word' id='word_1_827' title='bbox 2011 3317 2066 3359; x_wconf 91' lang='lat' dir='ltr'><strong>qui</strong></span> <span class='ocrx_word' id='word_1_828' title='bbox 2090 3318 2221 3349; x_wconf 84' lang='lat' dir='ltr'><strong>eatenus</strong></span> <span class='ocrx_word' id='word_1_829' title='bbox 2246 3316 2340 3348; x_wconf 87' lang='lat' dir='ltr'><strong>nobis</strong></span> <span class='ocrx_word' id='word_1_830' title='bbox 2352 3315 2455 3349; x_wconf 81' lang='lat' dir='ltr'><strong>decla-</strong></span> 
     </span>
     <span class='ocr_line' id='line_1_105' title="bbox 1417 3375 2450 3418; baseline 0.001 -12"><span class='ocrx_word' id='word_1_831' title='bbox 1417 3378 1538 3416; x_wconf 88' lang='lat' dir='ltr'><strong>rantur,</strong></span> <span class='ocrx_word' id='word_1_832' title='bbox 1555 3385 1619 3417; x_wconf 87' lang='lat' dir='ltr'><strong>qna</strong></span> <span class='ocrx_word' id='word_1_833' title='bbox 1642 3377 1703 3418; x_wconf 87' lang='lat' dir='ltr'><strong>ipsi</strong></span> <span class='ocrx_word' id='word_1_834' title='bbox 1725 3377 1858 3418; x_wconf 89' lang='lat' dir='ltr'><strong>volunt,</strong></span> <span class='ocrx_word' id='word_1_835' title='bbox 1877 3377 1972 3410; x_wconf 88' lang='lat' dir='ltr'><strong>creati</strong></span> <span class='ocrx_word' id='word_1_836' title='bbox 1987 3377 2062 3408; x_wconf 88' lang='lat' dir='ltr'><strong>snnt</strong></span> <span class='ocrx_word' id='word_1_837' title='bbox 2079 3389 2087 3408; x_wconf 88' lang='lat'><strong>:</strong></span> <span class='ocrx_word' id='word_1_838' title='bbox 2105 3378 2174 3408; x_wconf 87' lang='lat' dir='ltr'><strong>tum</strong></span> <span class='ocrx_word' id='word_1_839' title='bbox 2194 3375 2232 3407; x_wconf 89' lang='lat' dir='ltr'><strong>ad</strong></span> <span class='ocrx_word' id='word_1_840' title='bbox 2249 3384 2303 3408; x_wconf 87' lang='lat' dir='ltr'><strong>eos</strong></span> <span class='ocrx_word' id='word_1_841' title='bbox 2315 3376 2343 3407; x_wconf 90' lang='lat' dir='ltr'><strong>is</strong></span> <span class='ocrx_word' id='word_1_842' title='bbox 2357 3375 2450 3416; x_wconf 86' lang='lat' dir='ltr'><strong>deus,</strong></span> 
     </span>
     <span class='ocr_line' id='line_1_106' title="bbox 1415 3434 2452 3476; baseline 0.001 -11"><span class='ocrx_word' id='word_1_843' title='bbox 1415 3435 1471 3474; x_wconf 91' lang='lat' dir='ltr'><strong>qui</strong></span> <span class='ocrx_word' id='word_1_844' title='bbox 1490 3435 1597 3466; x_wconf 90' lang='lat' dir='ltr'><strong>omnia</strong></span> <span class='ocrx_word' id='word_1_845' title='bbox 1615 3436 1744 3476; x_wconf 83' lang='lat' dir='ltr'><strong>genuit,</strong></span> <span class='ocrx_word' id='word_1_846' title='bbox 1760 3436 1844 3468; x_wconf 85' lang='lat' dir='ltr'><strong>satur</strong></span> <span class='ocrx_word' id='word_1_847' title='bbox 1862 3447 1871 3468; x_wconf 74' lang='grc' dir='ltr'>ε</span> <span class='ocrx_word' id='word_1_848' title='bbox 1888 3437 1964 3468; x_wconf 79' lang='lat' dir='ltr'><strong>Haec</strong></span> <span class='ocrx_word' id='word_1_849' title='bbox 1980 3445 2056 3476; x_wconf 87' lang='lat' dir='ltr'><strong>vos,</strong></span> <span class='ocrx_word' id='word_1_850' title='bbox 2076 3435 2131 3476; x_wconf 93' lang='lat' dir='ltr'><strong>qui</strong></span> <span class='ocrx_word' id='word_1_851' title='bbox 2154 3434 2289 3467; x_wconf 86' lang='lat' dir='ltr'><strong>deornm</strong></span> <span class='ocrx_word' id='word_1_852' title='bbox 2308 3437 2378 3466; x_wconf 86' lang='lat' dir='ltr'><strong>satu</strong></span> <span class='ocrx_word' id='word_1_853' title='bbox 2391 3435 2452 3466; x_wconf 85' lang='lat' dir='ltr'><strong>orti</strong></span> 
     </span>
     <span class='ocr_line' id='line_1_107' title="bbox 1417 3491 2454 3536; baseline 0.002 -13"><span class='ocrx_word' id='word_1_854' title='bbox 1417 3492 1511 3532; x_wconf 81' lang='lat' dir='ltr'><strong>estis,</strong></span> <span class='ocrx_word' id='word_1_855' title='bbox 1527 3493 1680 3526; x_wconf 88' lang='lat' dir='ltr'><strong>attendite</strong></span> <span class='ocrx_word' id='word_1_856' title='bbox 1702 3507 1711 3527; x_wconf 67' lang='grc' dir='ltr'><strong>ι</strong></span> <span class='ocrx_word' id='word_1_857' title='bbox 1730 3503 1869 3536; x_wconf 88' lang='lat' dir='ltr'><strong>quornm</strong></span> <span class='ocrx_word' id='word_1_858' title='bbox 1886 3503 2018 3536; x_wconf 87' lang='lat' dir='ltr'><strong>operum</strong></span> <span class='ocrx_word' id='word_1_859' title='bbox 2035 3503 2095 3535; x_wconf 82' lang='lat' dir='ltr'><strong>ego</strong></span> <span class='ocrx_word' id='word_1_860' title='bbox 2123 3502 2239 3535; x_wconf 83' lang='lat' dir='ltr'><strong>parens</strong></span> <span class='ocrx_word' id='word_1_861' title='bbox 2257 3491 2454 3534; x_wconf 75' lang='lat' dir='ltr'><strong>effectorque</strong></span> 
     </span>
    </p>
   </div>
   <div class='ocr_carea' id='block_1_12' title="bbox 2593 0 2638 1497">
    <p class='ocr_par' dir='ltr' id='par_1_13' title="bbox 2593 0 2638 1497">
     <span class='ocr_line' id='line_1_108' title="bbox 2593 0 2638 1497; baseline 0 0"><span class='ocrx_word' id='word_1_862' title='bbox 2593 0 2638 1497; x_wconf 95' lang='lat' dir='ltr'><strong> </strong></span> 
     </span>
    </p>
   </div>
   <div class='ocr_carea' id='block_1_13' title="bbox 2585 1913 2638 3840">
    <p class='ocr_par' dir='ltr' id='par_1_14' title="bbox 2585 1913 2638 3840">
     <span class='ocr_line' id='line_1_109' title="bbox 2585 1913 2638 3840; baseline 0 0"><span class='ocrx_word' id='word_1_863' title='bbox 2585 1913 2638 3840; x_wconf 95' lang='lat' dir='ltr'><strong> </strong></span> 
     </span>
    </p>
   </div>
  </div>
 </body>
</html>
