2606 3828
300 247 376 280 408

296 342 385 366 σατο
402 326 554 381 ῥήτορα,
574 326 643 366 Καὶ
660 325 739 378 γάρ,
759 324 841 378 ἔφη,
861 323 943 361 ὅταν
958 323 1093 361 δεῖπνον
1113 321 1198 375 ἔχω,
1215 321 1340 374 μάγει-

300 402 358 438 ρον
380 389 584 436 μισθοῦμαι.

351 445 568 495 (Diogenes
586 443 759 481 Laertius
779 441 846 479 lib.
869 441 921 489 ΙΙ,
947 441 1037 491 72.)

350 517 397 543 24.
430 501 725 554 Ἀναγκαζόμενός
743 515 828 539 ποτε
857 499 924 537 ὑπὸ
956 498 1138 538 Διονυσίου
1171 499 1281 537 εἰπεῖν
1307 514 1341 538 τι

299 565 365 600 τῶν
385 564 424 600 ἐκ
441 560 655 614 φιλοσοφίας,
680 559 833 606 Γελοῖον,
849 557 931 612 ἔφη,
947 559 977 597 εἷ
996 557 1035 597 τὸ
1050 557 1163 610 λέγειν
1181 557 1244 608 μὲν
1258 557 1342 610 παρ’

299 623 385 672 ἐμοῦ
403 621 582 672 πυνθάνῃ,
602 619 641 657 τὸ
661 618 696 656 δὲ
717 618 801 656 πότε
823 618 875 655 δεῖ
893 616 1007 668 λέγειν
1028 616 1070 655 σύ
1089 633 1134 667 με
1154 615 1340 660 διδάσκεις·

296 679 354 717 ἐπὶ
373 680 482 733 τούτῳ
511 678 552 725 δὴ
582 676 881 729 ἀγανακτήσαντα
901 676 959 714 τὸν
981 675 1163 715 Διονύσιον
1194 675 1341 727 ἔσχατον

297 739 400 778 αὐτὸν
421 739 643 777 κατακλῖναι’
663 735 723 773 καὶ
743 734 821 783 τὸν,
844 733 1112 787 Ἐνδοξότερον,
1135 734 1263 787 φάναι,
1283 734 1342 773 τὸν

295 799 401 837 τόπον
419 798 591 844 ἠθέλησας
617 797 777 840 ποιῆσαι.

296 879 301 895 ι
351 857 561 908 (Diogenes
591 854 768 892 Laertius
802 853 871 893 lib.
917 852 976 901 ΙΙ,
1004 854 1068 902 73.
1102 853 1240 892 Latius
1268 853 1343 892 hoc

296 914 503 967 perscribit
530 913 736 951 Athenaeus
753 911 824 951 lib.
845 911 937 963 XII,
956 926 996 963 p.
1015 913 1092 958 544
1118 913 1172 951 B:
1189 912 1248 951 καὶ
1268 915 1344 956 ταῖς

295 973 476 1013 Διονυσίου
502 971 744 1016 πολυτελείαις
763 969 904 1023 ἔχαιρε,
932 971 1047 1010 καίτοι
1067 971 1237 1016 πολλάκις
1263 973 1344 1009 ε’νυ-

297 1032 508 1086 ὅριζόμενος.
536 1030 781 1083 “Ηγήσανδρος
800 1032 881 1081 γοῦν
916 1045 1021 1081 φησιν
1037 1059 1048 1077 ,
1067 1031 1114 1074 ὡς
1139 1030 1199 1068 καὶ
1222 1030 1343 1072 ἀδόξου

295 1091 378 1129 ποτὲ
396 1091 533 1134 κλισίας
554 1088 638 1144 παρ’
655 1090 750 1142 αὐτῷ
773 1088 907 1141 τυχών,
921 1089 1083 1140 ἤνεγκεν,
1102 1089 1342 1142 ἐρωτήσαντός

294 1167 332 1189 τε
356 1154 415 1188 τοῦ
435 1149 638 1197 Διονυσίου,
661 1148 695 1187 τί
708 1148 870 1200 φαίνεται
897 1151 919 1195 ἡ
943 1148 1149 1193 κατάκλισις
1176 1148 1262 1200 πρὸς
1283 1148 1344 1195 τὴν

295 1209 375 1261 χθές
389 1239 399 1259 ,
435 1208 543 1261 ἔφησε
579 1207 836 1260 παραπλησίαν
869 1201 970 1246 εἶναι.
1006 1207 1150 1256 Ἐκείνη
1185 1225 1224 1248 τε
1255 1210 1344 1263 γάρ,

295 1268 436 1320 ἔφησεν,
458 1267 571 1313 ἀδοξεῖ
590 1266 741 1319 τήμερον
757 1270 973 1320 χωρισθεῖσα
994 1269 1095 1317 ἐμοῦ,
1119 1267 1200 1320 χθὲς
1221 1267 1258 1307 δὲ
1275 1286 1343 1308 πα·

294 1329 363 1364 σῶν
393 1321 434 1374 ἦν
455 1325 657 1373 ἐνδοξοτάτη
676 1327 719 1364 δι’
737 1329 852 1376 ἡμᾶς·
874 1325 962 1372 αὕτη
984 1325 1019 1364 δὲ
1037 1327 1188 1379 τήμερον
1210 1328 1269 1366 καὶ
1291 1327 1347 1366 ἔν--

296 1385 388 1429 δοξος
408 1384 530 1436 γέγονε
563 1384 620 1422 διὰ
649 1384 711 1431 τὴν
730 1384 907 1434 ἡμετέραν
941 1384 1161 1437 παρουσίαν,
1192 1385 1272 1437 χθὲς
1309 1385 1343 1424 δὲ

293 1443 408 1490 ἠδόξει
437 1442 486 1494 μὴ
506 1442 678 1496 παρόντος
701 1444 804 1492 ἐμοῦ.
833 1444 1024 1482 Caeterum
1057 1444 1105 1482 de
1138 1445 1342 1496 Aristippo

296 1503 481 1553 Dionysii
515 1505 687 1554 parasito
719 1503 904 1552 legendus
926 1504 1042 1542 etiam
1077 1504 1274 1544 'lucianus
1304 1506 1342 1542 in

264 1577 267 1580 ·
297 1561 500 1614 Parasito.)

349 1635 397 1658 25.
430 1619 630 1672 Αὖχοῦντός
649 1635 739 1664 τινος
755 1619 813 1659 ἐπὶ
834 1622 883 1673 τῷ
904 1621 1101 1674 κολυμὸᾷν,
1120 1623 1199 1661 Οὔκ
1218 1622 1345 1676 αἰσχύ-

293 1695 352 1732 νῃ,
371 1674 479 1727 εἶπεν,
501 1679 559 1717 ἐπὶ
579 1680 734 1732 δελφῖνος
750 1678 865 1731 ἔργοις
883 1681 1197 1733 ἀλαζονευόμενος;

352 1740 558 1790 (Diogenes
576 1739 751 1777 Laertius
771 1739 839 1778 lib.
861 1739 919 1787 ΙΙ,
942 1741 1021 1792 73.)

351 1813 400 1838 26.
432 1789 641 1851 Ἐρωτηθείς
667 1813 775 1846 ποτε,
795 1797 863 1836 τίνι
881 1799 1036 1852 διαφέρει
1056 1804 1074 1840 ὁ
1092 1800 1195 1854 σοφὸς
1212 1805 1273 1840 τοῦ
1295 1801 1344 1853 μὴ

297 1862 420 1910 σοφοῦ,
437 1858 502 1910 ἔφη
513 1874 521 1883 ·
535 1860 599 1902 Εἷς
616 1859 773 1909 ἀγνῶτας
787 1857 863 1902 τοὺς
877 1857 937 1897 δύο
953 1859 1103 1911 γυμνοὺς
1119 1859 1340 1908 ἀπόστειλον,

298 1917 358 1956 καὶ
378 1918 468 1970 εἴσῃ.

350 1977 557 2027 (Diogenes
571 1975 748 2014 Laertius
764 1975 835 2015 lib.
851 1976 904 2023 ΙΙ,
926 1977 988 2025 73.
1007 1977 1066 2018 Cf.
1089 1978 1192 2016 infra
1210 1978 1344 2027 fragm.

297 2037 343 2072 61
371 2045 409 2073 et
428 2035 579 2075 Phaedr.
601 2033 680 2074 fab.
706 2035 772 2085 IV,
794 2050 840 2073 21
866 2036 914 2074 de
946 2035 1162 2075 Simonidis
1194 2032 1348 2075 naufra-

299 2095 394 2145 gio.)
581 2093 583 2096 ’

353 2167 399 2193 27.
429 2154 629 2206 Αὖχοῦντός
647 2169 739 2197 τινος
758 2152 816 2192 ἐπὶ
841 2156 891 2207 τῷ
911 2153 1025 2193 πολλὰ
1057 2154 1168 2192 πίνειν
1203 2153 1264 2193 καὶ
1297 2154 1346 2205 μὴ

296 2211 547 2263 μεθύσκεσθαι,
569 2215 684 2252 Τοῦτο
704 2212 764 2251 καὶ
785 2212 940 2263 ἡμίονος,
964 2212 1047 2266 ἔφη.

298 2314 304 2321 ,
352 2273 570 2323 (Diogenes
590 2273 766 2311 Laertius
786 2272 856 2311 lib.
882 2273 934 2320 11,
959 2274 1048 2323 73.)

348 2345 397 2370 28.
430 2330 524 2383 Πρὸς
539 2330 596 2369 τὸν
615 2330 821 2382 αἰτιώμενον
834 2361 844 2378 ,
859 2330 911 2369 ὅτι
929 2331 1051 2384 ἑταίρᾳ
1069 2337 1242 2378 συνοικεῖ,
1257 2325 1347 2383 Ἆρά

296 2405 356 2441 γε,
378 2383 484 2439 εἶπεν,
503 2389 552 2440 μή
573 2406 607 2428 τι
627 2390 800 2441 διενέγκαι
821 2390 932 2430 οἰκίαν
949 2391 1071 2430 λαὸεῖν
1088 2421 1098 2439 ,
1118 2392 1152 2429 ἐν
1179 2385 1202 2443 ᾗ
1223 2390 1347 2429 πολλοί

991 233 1405 275 CYRENAICORUM
1435 233 1772 273 FRAGMENTA.

1403 335 1487 359 ποτε
1505 320 1648 374 ᾤκησαν
1660 349 1670 369 ,
1690 318 1712 366 ἢ
1729 318 1871 370 μηδείς,
1892 318 2059 364 Εἰπόντος
2073 319 2131 368 δέ,
2146 320 2203 360 οὔ·
2216 322 2262 362 Τί
2279 321 2329 371 δέ,
2341 324 2446 362 πλεῦ-

1404 395 1463 419 σαι
1478 380 1513 418 ἐν
1529 378 1599 427 νηΐ,
1613 374 1637 431 ᾗ
1652 379 1769 431 μυρίοι
1783 377 1867 417 ποτὲ
1882 378 2110 427 ἐνέπλευσαν,
2129 379 2152 427 ἢ
2174 381 2264 430 μηδὲ
2284 375 2355 429 εῗςς
2373 383 2446 422 Οὐ·

1404 439 1537 490 δαμῶς.
1555 439 1643 478 Οὐδ’
1670 438 1737 491 ἄρα
1755 437 1915 491 γυναικί,
1946 436 2037 491 ἔφη,
2067 444 2238 493 συνεῖναι,
2269 434 2294 493 ᾗ
2323 441 2449 482 πολλοὶ

1403 495 1611 550 κέχρηνται,
1630 496 1653 544 ἢ
1671 497 1806 545 μηδείς.

1461 555 1678 607 (Diogenes
1705 556 1882 596 Laertius
1899 556 1968 595 lib.
1999 557 2061 605 ΙΙ,
2087 562 2149 606 74.
2168 558 2225 598 De
2244 559 2377 599 eadem
2404 571 2451 600 're

1406 615 1614 655 Ath'enaeus
1636 616 1709 655 lib.
1731 615 1825 655 Xlll
1843 630 1931 668 pag.
1953 617 2029 655 588
2048 617 2090 664 E,
2105 617 2132 655 F
2146 633 2156 656 ε
2170 617 2394 672 Ἀρίστιππος
2413 621 2451 660 δὲ

1405 675 1483 714 κατ’
1505 674 1579 719 ἔτος
1607 675 1878 729 συνδιημέρευεν
1903 676 1992 729 αὐτῇ
2016 676 2156 729 (Laidi)
2175 681 2210 718 ἐν
2232 678 2361 732 Αἰγίνῃ
2379 679 2451 724 τοῖς

1405 733 1640 778 ποσειδωνίοις
1653 749 1663 759 ·
1686 734 1746 773 καὶ
1775 734 2022 786 ὀνειδιζόμενος
2053 735 2120 775 ὑπὸ
2143 737 2278 777 οἰκέτου
2294 736 2348 776 ὅτι
2363 755 2380 772 α
2398 736 2451 778 Σὺ

1406 791 1470 843 μὲν
1485 794 1572 846 αὐτῇ
1585 796 1749 832 τοσοῦτον
1765 793 1926 846 ἀργύριον
1938 794 2051 844 δίδως,
2066 798 2088 843 ἡ
2102 795 2138 834 δὲ
2153 791 2454 848 προῖκαΔιογένει

1405 853 1456 904 τῷ
1474 850 1551 890 κυνὶ
1575 852 1816 902 συγκυλίεται,
1836 869 1852 887 α
1876 853 2089 906 ἀπεκρίνατο
2109 872 2126 889 ιι
2144 854 2242 907 Ἐγὼ
2262 852 2368 894 Λαίδι
2392 869 2454 908 χο·

1408 912 1504 962 ρηγῶ
1520 909 1634 948 πολλά
1647 939 1658 960 ,
1684 908 1741 947 ἵνα
1770 910 1872 954 αὐτὸς
1893 913 1999 958 αὐτῆς
2017 911 2208 962 ἀπολαύω,
2227 914 2289 967 οὗγ
2309 911 2369 951 ἵνα
2403 911 2453 964 μὴ
2506 953 2510 957 ,

1407 967 1525 1012 ἄλλος.
1549 986 1565 1002 ¹·
1586 970 1660 1007 Τοῦ
1678 966 1713 1006 δὲ
1739 968 1922 1020 Διογένους
1941 970 2097 1016 εἰπόντος
2118 973 2214 1024 αὐτῷ
2235 989 2250 1006 α
2279 958 2333 1012 Ὦ
2361 970 2455 1024 Ἀρί·

1407 1043 1555 1075 στιππε,
1577 1029 1674 1078 κοινῇ
1696 1034 1862 1071 συνοικεῖς
1881 1027 2007 1081 πόρνῃ.
2019 1026 2071 1068 Ἦ
2094 1028 2209 1075 κύνιζε
2226 1022 2285 1068 οὗν
2302 1031 2349 1074 ὣς
2367 1030 2453 1083 ἐγώ,

1406 1086 1429 1133 ἢ
1453 1086 1628 1126 πέπαυσο.
1647 1105 1663 1120 υ
1694 1088 1764 1125 Καὶ
1794 1090 1812 1126 ὃ
1829 1086 2057 1139 Ἀρίστιππος
2073 1105 2090 1123 α
2114 1081 2205 1141 ’Ἆρά
2220 1103 2260 1140 γε
2280 1088 2330 1139 μή
2349 1088 2383 1128 τί
2401 1104 2456 1128 σοι

1409 1145 1538 1185 ἄτοπον
1557 1147 1651 1184 δοκεῖ
1671 1139 1758 1184 εἶναι
1772 1176 1783 1198 ,
1803 1145 1963 1199 Διόγενες
1975 1176 1986 1196 ,
2006 1148 2119 1186 οἷκίαν
2140 1148 2260 1198 οἰκεῖν,
2280 1149 2315 1186 ἐν
2333 1142 2358 1198 ᾗ
2372 1147 2458 1202 πρό·

1407 1220 1506 1257 τερον
1521 1204 1664 1258 ᾤκησαν
1683 1204 1802 1252 ἄλλοι,
1818 1222 1833 1238 „
1843 1207 1896 1244 Οὐ
1908 1205 2012 1258 γάρ.«
2022 1205 2069 1244 Τί
2083 1205 2163 1258 δαίς
2180 1209 2263 1245 ναῦν
2281 1207 2317 1244 ἐν
2332 1200 2358 1254 ἧ
2369 1207 2456 1246 πολ·

1406 1263 1461 1302 λοὶ
1480 1264 1738 1314 πεπλεύκασιν,
1752 1282 1766 1299 »
1783 1264 1875 1304 Οὐδὲ
1895 1268 2011 1314 τοῦτο,
2027 1265 2105 1320 ἔφη.
2121 1284 2136 1300 α
2157 1265 2281 1310 Οὕτως
2303 1249 2362 1306 οῦν
2378 1266 2456 1306 οὐδὲ

1406 1324 1543 1375 γυναικὶ
1564 1324 1716 1363 συνεῖναι
1745 1323 1874 1363 ἄτοπόν
1895 1325 1987 1364 ἔστιν
2007 1320 2031 1378 ᾗ
2053 1325 2178 1365 πολλοὶ
2199 1326 2403 1379 κέχρηνταί.
2421 1326 2457 1379 ²)

1460 1397 1510 1426 29.
1545 1383 1641 1436 Πρὸς
1659 1384 1718 1423 τὸν
1740 1384 1965 1436 αἰτιώμενον,
1987 1384 2043 1424 ὅτι
2064 1385 2279 1438 Σωκράτους
2298 1384 2459 1437 μαθητὴς

1409 1442 1458 1482 ὢν
1482 1443 1646 1496 ἀργύριον
1667 1443 1866 1495 λαμὸάνει,
1892 1445 2042 1498 καὶγὰρ
2066 1445 2263 1499 Σωκράτη,
2293 1444 2483 1496 momine--

1410 1518 1480 1540 των
1501 1503 1597 1555 αὐτῷ
1617 1518 1719 1540 τινων
1735 1502 1796 1541 καὶ
1826 1508 1921 1542 σῖτον
1953 1504 2013 1542 καὶ
2043 1498 2154 1553 οἶνον,
2182 1504 2286 1557 ὀλίγα
2315 1504 2459 1557 λαμὸἄὲ

1407 1576 1510 1600 νοντα
1522 1590 1532 1609 ,
1560 1561 1604 1599 τὰ
1622 1561 1730 1600 λοιπὰ
1750 1562 1997 1614 ἀποπέμπειν,
2012 1562 2084 1603 Καὶ
2105 1563 2225 1614 μάλα,
2245 1557 2362 1611 εἶπεν,
2381 1556 2455 1616 εἶχε

1407 1619 1474 1672 γὰρ
1492 1619 1622 1669 ταμίας
1640 1620 1719 1665 τοὺς
1737 1620 1897 1674 πρώτους
1916 1620 2128 1674 Ἀθηναίων,
2150 1620 2219 1675 ἐγὼ
2247 1620 2285 1660 δὲ
2306 1623 2456 1677 Εὐτυχί-

1407 1680 1470 1727 δην
1493 1680 1751 1733 ἀργυρώνητον.

1462 1740 1679 1790 (Diogenes
1696 1740 1870 1779 Laertius
1896 1741 1964 1779 lib.
1982 1740 2044 1790 ΙΙ,
2080 1747 2144 1790 74.
2167 1742 2382 1783 Emendavi
2402 1743 2458 1782 lo·

1411 1812 1498 1837 cum
1515 1813 1603 1837 cum
1626 1799 1832 1837 Desiderio
1866 1799 2037 1838 Heraldo
2058 1801 2130 1840 lib.
2156 1802 2214 1840 De
2239 1815 2369 1841 rerum
2392 1803 2458 1854 ju-

1412 1858 1626 1896 dicatarum
1649 1859 1877 1897 auctoritate
1892 1873 1931 1910 p.
1955 1860 2047 1905 345.
2076 1861 2199 1899 Antea
2220 1856 2421 1911 legebatur
2442 1874 2454 1902 :

1412 1916 1576 1970 ἀργύριον
1591 1917 1789 1968 λαμὸάνει,
1810 1917 1871 1955 καὶ
1892 1917 1990 1968 μάλα
2003 1947 2014 1966 ,
2036 1912 2124 1958 εἷπε·
2144 1917 2288 1972 καὶγὰρ
2306 1920 2458 1971 Σωκρά-

1411 1992 1470 2026 τη,
1491 1976 1701 2026 πεμπόντων
1726 1977 1822 2029 αὖτῷ
1841 1978 1944 2014 τινῶν
1965 1977 2024 2015 καὶ
2039 1980 2132 2016 σῖτον
2152 1977 2213 2017 καὶ
2229 1969 2337 2027 οἶνον,
2356 1979 2458 2030 ὀλίγα

1409 2035 1638 2086 λαμὸάνοντα
1651 2067 1660 2083 ,
1680 2035 1724 2074 τὰ
1755 2034 2118 2088 λοιπὰαποπέμπειν·
2149 2032 2224 2091 εἶχε
2245 2037 2312 2090 γὰρ
2330 2038 2459 2091 ταμίας

1408 2093 1485 2138 τοὺς
1505 2094 1663 2147 πρώτους
1682 2096 1758 2134 κτλ.
1775 2095 1786 2146 )

1463 2167 1510 2194 30.
1540 2153 1637 2206 Πρὸς
1664 2153 1743 2198 τοὺς
1765 2155 2028 2208 μεμφομένους,
2051 2155 2105 2194 ὅτι
2128 2157 2257 2208 ἐχρῆτο
2273 2155 2380 2196 Λαΐδι
2412 2159 2457 2209 τῇ

1409 2213 1528 2266 ἑταίρᾳ
1542 2243 1553 2264 ,
1571 2212 1650 2267 ἔφη·
1670 2210 1774 2266 Ἔχω
1793 2211 1931 2265 Λαίδα,
1951 2216 2028 2253 ἀλλ’
2049 2217 2110 2254 οὐκ
2132 2214 2275 2267 ἔχομαι.
2296 2215 2400 2256 Ἐπεὶ
2418 2215 2458 2255 τὸ

1410 2278 1551 2324 κρατεῖν
1572 2273 1631 2311 καὶ
1656 2272 1705 2324 μὴ
1728 2275 1901 2320 ἡττᾶσθαι
1929 2274 2061 2321 ἡδονῶν
2090 2276 2249 2326 ἄριστον,
2281 2274 2320 2314 οὗ
2340 2274 2381 2314 τὸ
2406 2277 2457 2326 μὴ

1408 2332 1575 2383 χρῆσθαι.

1467 2391 1680 2441 (Diogenes
1714 2391 1889 2430 Laertius
1910 2390 1981 2430 lib.
2003 2391 2042 2428 ΙΙ
2085 2391 2147 2439 75.
2180 2391 2244 2430 Sic
2272 2401 2310 2431 et
2341 2393 2458 2432 Athe-

303 2465 2458 2484 ———-—-———⁴‚———-—-——————————-—-—b-

297 2503 466 2535 dicendam
492 2506 651 2536 oratorem
679 2504 907 2544 conduxisset,
937 2507 1068 2546 Aequi,
1095 2505 1219 2546 inquit,
1240 2508 1272 2538 et
1293 2514 1346 2537 co-

297 2571 416 2603 quum,
433 2570 541 2603 qaum
561 2571 696 2595 coenam
712 2571 859 2604 apparo,
875 2563 1044 2596 conduco.

340 2622 391 2651 24.
415 2620 558 2660 cogente
582 2629 655 2652 eum
673 2621 846 2661 aliquando
879 2621 1053 2662 Dionysio,
1082 2625 1117 2654 ut
1145 2623 1185 2655 de
1207 2622 1347 2663 quodam

299 2678 510 2719 philosophia·
528 2679 599 2711 loco
623 2679 818 2721 dissereret,
841 2679 1044 2713 Ridiculum
1075 2684 1138 2720 est,
1170 2681 1289 2723 inquit,
1316 2682 1348 2713 te

298 2745 346 2782 exv
366 2747 420 2770 me
439 2737 579 2771 dicendi
600 2742 773 2772 rationem
794 2749 970 2781 quaerere,
995 2740 1137 2782 quando
1162 2742 1279 2773 autem
1299 2739 1348 2772 di·

299 2797 447 2829 cendum
468 2799 536 2837 sic,
555 2798 642 2830 mihi
670 2799 910 2841 praescribere.
937 2801 1042 2837 Quam
1067 2809 1135 2832 rem
1163 2799 1349 2840 indignatus

301 2856 473 2896 Dionysius
505 2856 538 2888 in
567 2857 678 2890 intimo
706 2858 789 2890 lecto
812 2859 1003 2891 accumbere
1039 2859 1146 2899 jussit.
1174 2859 1235 2891 Sed
1272 2858 1346 2898 ille,

304 2917 587 2956 Honoratiorem‚
614 2917 736 2957 inquit,
752 2917 844 2949 hunc
865 2918 978 2950 locum
991 2926 1062 2950 esse
1077 2919 1229 2951 voluisti.

345 2977 397 3006 25.
419 2974 573 3007 Glorianti
591 2974 718 3006 cuidam
735 2974 775 3007 de
799 2976 930 3007 natandi
949 2977 1034 3017 arte,
1059 2978 1133 3008 Non
1154 2975 1345 3011 erubescis,

302 3034 425 3075 inquit,
446 3034 489 3066 de
507 3042 606 3075 opere
616 3033 865 3075 delphinorum
883 3037 1026 3076 proprio
1048 3036 1222 3075 oloriari?

346 3097 397 3125 26.
423 3094 638 3134 Interrogatus
667 3093 859 3134 aliquando,
885 3103 948 3134 qua
974 3103 1007 3126 re
1036 3094 1161 3136 sapiens
1188 3094 1349 3135 insipienti

304 3151 525 3192 antecelleret,
547 3151 712 3192 respondit
735 3161 743 3183 :
771 3152 833 3184 Ubi
865 3153 963 3185 ambo
991 3152 1103 3185 nudos
1134 3153 1180 3186 ad
1212 3144 1348 3194 iona-tos

304 3212 451 3251 miseris,
474 3209 536 3243 hoc
554 3213 766 3252 comperiam
784 3210 933 3244 habebis.

348 3271 398 3301 27.
422 3269 577 3302 Glorianti
605 3269 732 3301 cuidam
749 3269 779 3301 in
803 3278 841 3302 eo
863 3269 950 3310 quod
972 3269 1109 3302 multum
1136 3270 1250 3302 bibens
1283 3279 1347 3302 non

305 3325 527 3366 inebriaretur,
551 3331 631 3368 Hoc,
650 3328 766 3369 inquit,
786 3330 892 3361 eciam
911 3328 1029 3361 mulus
1042 3329 1164 3369 potest.

349 3388 401 3419 28.
423 3386 653 3428 Exprobranti‚
669 3387 754 3428 quod
781 3387 981 3420 meretricem
1010 3386 1271 3420 contubernalem
1296 3388 1352 3420 lia-

308 3442 414 3484 beret,
442 3447 613 3487 Numquid
636 3448 798 3487 ineerest,
818 3446 943 3488 inquit,
963 3447 1086 3479 utrum
1108 3446 1248 3480 domum
1264 3448 1353 3480 acci-

1410 2506 1500 2547 pias,
1523 2507 1559 2537 in
1584 2514 1654 2546 qua
1666 2505 1772 2537 multi
1786 2504 1983 2546 aliquando
2000 2504 2255 2545 habitaverint,
2276 2515 2323 2539 an
2343 2506 2459 2545 illam,

1410 2566 1446 2596 in
1466 2572 1539 2606 qua
1560 2566 1681 2596 nemo?
1697 2565 1836 2604 Negante
1855 2563 1929 2604 illo,
1951 2562 2054 2604 Quid,
2071 2563 2187 2604 inquit,
2199 2572 2283 2597 num
2295 2565 2460 2598 interesse

1409 2626 1540 2664 putas,
1560 2625 1683 2657 utrum
1706 2630 1749 2655 ea
1771 2624 1854 2655 navi
1878 2622 2036 2659 veharis,
2063 2631 2137 2664 qua
2163 2624 2344 2657 innumeri
2372 2624 2458 2657 olim

1411 2684 1676 2724 naviyaverint,
1700 2690 1746 2714 an
1769 2690 1810 2714 ea
1835 2690 1907 2723 qua
1929 2685 2058 2714 nemo?
2083 2682 2236 2724 Minime,
2259 2682 2365 2724 inquit
2391 2683 2458 2716 ille.

1411 2743 1514 2782 Erqo,
1527 2741 1586 2781 ait,
1606 2740 1699 2773 nihil
1719 2742 1885 2781 interest,
1903 2743 2027 2774 utrum
2045 2748 2124 2773 cum
2148 2742 2296 2775 muliere
2316 2750 2459 2775 eonsue-

1409 2809 1508 2840 scas,
1527 2809 1608 2841 cum
1631 2809 1703 2842 qua
1733 2800 1841 2833 multi
1863 2808 1937 2832 rem
1964 2799 2177 2842 habuerint,
2202 2810 2251 2835 an
2281 2810 2363 2835 cum
2389 2802 2456 2836 illa

1410 2868 1487 2902 quae
1504 2868 1577 2892 sese
1599 2861 1731 2893 nemi-ni
1748 2860 1982 2901 prostituerit.

1454 2922 1506 2952 29.
1529 2921 1639 2957 Quum
1664 2922 1849 2960 argueretur
1876 2918 2043 2959 pecuniam
2065 2927 2084 2951 a
2106 2919 2272 2960 discipulis
2295 2920 2457 2962 accipere,

1411 2978 1560 3019 quamvis
1576 2987 1595 3011 e
1624 2978 1765 3011 Socratis
1781 2976 1951 3018 disciplina
1971 2976 2155 3017 prodiisset;
2176 2978 2339 3010 Socratem
2359 2978 2458 3020 enim,

1411 3046 1512 3078 quum
1530 3037 1639 3069 cibum
1660 3040 1692 3068 et
1712 3036 1823 3068 vinum
1848 3035 1978 3076 quidam
1997 3034 2054 3075 ipsi
2074 3034 2254 3077 mitterent,
2273 3036 2385 3076 paucis
2409 3045 2459 3070 ae-

1412 3095 1513 3136 ceptis
1529 3096 1645 3127 caetera
1663 3093 1826 3127 remittere
1842 3093 1971 3125 solitum
1995 3106 2003 3125 :
2024 3093 2196 3133 Profecto,
2213 3093 2340 3134 inquit,
2353 3095 2461 3136 siqui—

1413 3154 1492 3187 dem
1519 3156 1676 3187 Socrates
1720 3153 1977 3194 dispensatores
2014 3151 2165 3184 habebat
2196 3151 2459 3186 Alheniensium

1410 3214 1602 3255 principes,
1617 3221 1675 3253 eqo
1695 3210 1927 3252 Eutychidem
1946 3218 2084 3243 servum
2105 3211 2291 3243 emticium.
2385 3250 2389 3255 ,

1455 3276 1506 3305 30.
1532 3270 1871 3313 Reprehendentihus‚
1892 3269 1979 3311 quod
1995 3278 2071 3301 cum
2090 3268 2188 3302 Laide
2206 3268 2373 3302 meretrice
2390 3278 2458 3302 rem

1415 3331 1546 3363 liaberet
1558 3355 1567 3370 ‚
1585 3330 1711 3370 Habeo,
1732 3329 1852 3370 inquit,
1877 3328 2019 3361 Laidem
2033 3352 2043 3369 ,
2074 3337 2142 3360 non
2169 3327 2296 3360 habeor
2314 3327 2359 3359 ab
2378 3327 2456 3361 illa.

1415 3391 1497 3422 Nam
1514 3388 1744 3429 cupiditatibus
1766 3389 1945 3429 imperare,
1966 3396 2026 3420 nec
2052 3387 2172 3419 servire
2196 3386 2257 3426 eis,
2287 3386 2458 3427 pulchrum

1414 3455 1502 3488 esse,
1520 3456 1584 3479 non
1604 3447 1740 3487 abjicere
1758 3456 1885 3479 omnem
1907 3446 2128 3487 cupiditatem.
