<?xml version="1.0" encoding="UTF-8"?>
<!DOCTYPE html PUBLIC "-//W3C//DTD XHTML 1.0 Transitional//EN"
    "http://www.w3.org/TR/xhtml1/DTD/xhtml1-transitional.dtd">
<html xmlns="http://www.w3.org/1999/xhtml" xml:lang="en" lang="en">
 <head>
  <title>
</title>
<meta http-equiv="Content-Type" content="text/html;charset=utf-8" />
  <meta name='ocr-system' content='tesseract 3.04.00' />
  <meta name='ocr-capabilities' content='ocr_page ocr_carea ocr_par ocr_line ocrx_word'/>
</head>
<body>
  <div class='ocr_page' id='page_1' title='image "./fragmentaphiloso02mulluoft_0160.png"; bbox 0 0 2638 3840; ppageno 0'>
   <div class='ocr_carea' id='block_1_1' title="bbox 341 292 1658 335">
    <p class='ocr_par' dir='ltr' id='par_1_1' title="bbox 341 292 1658 335">
     <span class='ocr_line' id='line_1_1' title="bbox 341 292 1658 335; baseline 0.001 -1"><span class='ocrx_word' id='word_1_1' title='bbox 341 301 389 334; x_wconf 79' lang='lat'>52</span> <span class='ocrx_word' id='word_1_2' title='bbox 1184 292 1658 335; x_wconf 81' lang='lat' dir='ltr'><strong>PYTHAGOREORUM</strong></span> 
     </span>
    </p>
   </div>
   <div class='ocr_carea' id='block_1_2' title="bbox 338 382 1387 438">
    <p class='ocr_par' dir='ltr' id='par_1_2' title="bbox 338 382 1387 438">
     <span class='ocr_line' id='line_1_2' title="bbox 338 382 1387 438; baseline 0.001 -17"><span class='ocrx_word' id='word_1_3' title='bbox 338 382 455 436; x_wconf 74' lang='grc' dir='ltr'>κούφῳ</span> <span class='ocrx_word' id='word_1_4' title='bbox 483 383 583 438; x_wconf 88' lang='grc' dir='ltr'>μέρει</span> <span class='ocrx_word' id='word_1_5' title='bbox 605 391 667 427; x_wconf 81' lang='grc' dir='ltr'>τᾶς</span> <span class='ocrx_word' id='word_1_6' title='bbox 696 386 813 437; x_wconf 76' lang='grc' dir='ltr'>ψυχᾶς</span> <span class='ocrx_word' id='word_1_7' title='bbox 836 384 898 422; x_wconf 80' lang='grc' dir='ltr'>καὶ</span> <span class='ocrx_word' id='word_1_8' title='bbox 930 384 1148 437; x_wconf 80' lang='grc' dir='ltr'>διαχυτικῷ,</span> <span class='ocrx_word' id='word_1_9' title='bbox 1173 382 1321 422; x_wconf 77' lang='grc' dir='ltr'>ἕκαστόν</span> <span class='ocrx_word' id='word_1_10' title='bbox 1349 399 1387 422; x_wconf 88' lang='grc' dir='ltr'>τε</span> 
     </span>
    </p>
   </div>
   <div class='ocr_carea' id='block_1_3' title="bbox 337 441 1399 496">
    <p class='ocr_par' dir='ltr' id='par_1_3' title="bbox 337 441 1399 496">
     <span class='ocr_line' id='line_1_3' title="bbox 337 441 1399 496; baseline 0.001 -17"><span class='ocrx_word' id='word_1_11' title='bbox 337 442 478 480; x_wconf 78' lang='grc' dir='ltr'>ἑκάστω</span> <span class='ocrx_word' id='word_1_12' title='bbox 499 443 712 496; x_wconf 81' lang='grc' dir='ltr'>πράγματος</span> <span class='ocrx_word' id='word_1_13' title='bbox 739 443 803 481; x_wconf 86' lang='grc' dir='ltr'>τὰν</span> <span class='ocrx_word' id='word_1_14' title='bbox 824 443 1003 495; x_wconf 78' lang='grc' dir='ltr'>σύμφυλον</span> <span class='ocrx_word' id='word_1_15' title='bbox 1023 441 1083 481; x_wconf 81' lang='grc' dir='ltr'>καὶ</span> <span class='ocrx_word' id='word_1_16' title='bbox 1105 441 1278 494; x_wconf 80' lang='grc' dir='ltr'>συγγενέα</span> <span class='ocrx_word' id='word_1_17' title='bbox 1299 452 1399 495; x_wconf 74' lang='grc' dir='ltr'>προ·’</span> 
     </span>
    </p>
   </div>
   <div class='ocr_carea' id='block_1_4' title="bbox 274 500 1387 2267">
    <p class='ocr_par' dir='ltr' id='par_1_4' title="bbox 274 500 1387 2267">
     <span class='ocr_line' id='line_1_4' title="bbox 337 500 1386 554; baseline 0.001 -16"><span class='ocrx_word' id='word_1_18' title='bbox 337 500 486 550; x_wconf 83' lang='grc' dir='ltr'>μάθειαν</span> <span class='ocrx_word' id='word_1_19' title='bbox 514 502 806 554; x_wconf 83' lang='grc' dir='ltr'>διαμεμέρισται,</span> <span class='ocrx_word' id='word_1_20' title='bbox 826 505 844 540; x_wconf 87' lang='grc' dir='ltr'>ὁ</span> <span class='ocrx_word' id='word_1_21' title='bbox 865 503 927 552; x_wconf 87' lang='grc' dir='ltr'>μὲν</span> <span class='ocrx_word' id='word_1_22' title='bbox 950 503 1024 544; x_wconf 87' lang='grc' dir='ltr'>νόος</span> <span class='ocrx_word' id='word_1_23' title='bbox 1051 502 1304 554; x_wconf 82' lang='grc' dir='ltr'>ὃραυγούμενος</span> <span class='ocrx_word' id='word_1_24' title='bbox 1326 500 1386 540; x_wconf 72' lang='grc' dir='ltr'>καὶ</span> 
     </span>
     <span class='ocr_line' id='line_1_5' title="bbox 337 558 1387 613; baseline 0.001 -16"><span class='ocrx_word' id='word_1_25' title='bbox 337 559 587 612; x_wconf 76' lang='grc' dir='ltr'>στιὸαζόμενος</span> <span class='ocrx_word' id='word_1_26' title='bbox 609 561 652 599; x_wconf 85' lang='grc' dir='ltr'>τὰ</span> <span class='ocrx_word' id='word_1_27' title='bbox 673 561 888 613; x_wconf 80' lang='grc' dir='ltr'>πράγματα,</span> <span class='ocrx_word' id='word_1_28' title='bbox 912 561 934 598; x_wconf 86' lang='grc' dir='ltr'>ἁ</span> <span class='ocrx_word' id='word_1_29' title='bbox 955 560 991 599; x_wconf 86' lang='grc' dir='ltr'>δὲ</span> <span class='ocrx_word' id='word_1_30' title='bbox 1009 560 1164 612; x_wconf 81' lang='grc' dir='ltr'>θύμωσις</span> <span class='ocrx_word' id='word_1_31' title='bbox 1187 558 1300 612; x_wconf 76' lang='grc' dir='ltr'>ὁρμὰν</span> <span class='ocrx_word' id='word_1_32' title='bbox 1326 563 1387 598; x_wconf 83' lang='grc' dir='ltr'>καὶ</span> 
     </span>
     <span class='ocr_line' id='line_1_6' title="bbox 336 618 1385 674; baseline -0.001 -16"><span class='ocrx_word' id='word_1_33' title='bbox 336 620 448 659; x_wconf 86' lang='grc' dir='ltr'>ἀλκὰν</span> <span class='ocrx_word' id='word_1_34' title='bbox 464 620 723 674; x_wconf 76' lang='grc' dir='ltr'>ποτιφερομένα</span> <span class='ocrx_word' id='word_1_35' title='bbox 739 625 811 663; x_wconf 84' lang='grc' dir='ltr'>τοῖς</span> <span class='ocrx_word' id='word_1_36' title='bbox 827 622 1073 672; x_wconf 82' lang='grc' dir='ltr'>ὃραυγαθεῖσιν</span> <span class='ocrx_word' id='word_1_37' title='bbox 1087 635 1095 644; x_wconf 82' lang='grc'><em>·</em></span> <span class='ocrx_word' id='word_1_38' title='bbox 1116 620 1139 658; x_wconf 84' lang='grc' dir='ltr'><strong>ἆ</strong></span> <span class='ocrx_word' id='word_1_39' title='bbox 1163 620 1199 658; x_wconf 87' lang='grc' dir='ltr'>δὲ</span> <span class='ocrx_word' id='word_1_40' title='bbox 1219 618 1385 669; x_wconf 84' lang='grc' dir='ltr'>ἐπιθυμία</span> 
     </span>
     <span class='ocr_line' id='line_1_7' title="bbox 338 678 1384 733; baseline 0 -17"><span class='ocrx_word' id='word_1_41' title='bbox 338 680 568 733; x_wconf 77' lang='grc' dir='ltr'>φιλοστοργίᾳ</span> <span class='ocrx_word' id='word_1_42' title='bbox 599 678 765 731; x_wconf 81' lang='grc' dir='ltr'>συγγενὴς</span> <span class='ocrx_word' id='word_1_43' title='bbox 787 681 876 717; x_wconf 82' lang='grc' dir='ltr'>ἐᾶσα</span> <span class='ocrx_word' id='word_1_44' title='bbox 909 679 1099 733; x_wconf 82' lang='grc' dir='ltr'>ἐφαρμόζει</span> <span class='ocrx_word' id='word_1_45' title='bbox 1126 681 1178 732; x_wconf 78' lang='grc' dir='ltr'>τῷ</span> <span class='ocrx_word' id='word_1_46' title='bbox 1202 679 1272 732; x_wconf 86' lang='grc' dir='ltr'>νόῳ</span> <span class='ocrx_word' id='word_1_47' title='bbox 1296 678 1384 717; x_wconf 81' lang='grc' dir='ltr'>ἴδιον</span> 
     </span>
     <span class='ocr_line' id='line_1_8' title="bbox 335 738 1385 791; baseline -0.001 -15"><span class='ocrx_word' id='word_1_48' title='bbox 335 739 610 791; x_wconf 85' lang='grc' dir='ltr'>περιποιουμένα</span> <span class='ocrx_word' id='word_1_49' title='bbox 630 739 669 776; x_wconf 81' lang='grc' dir='ltr'>τὸ</span> <span class='ocrx_word' id='word_1_50' title='bbox 688 738 771 786; x_wconf 84' lang='grc' dir='ltr'>ἁδύ,</span> <span class='ocrx_word' id='word_1_51' title='bbox 792 738 852 776; x_wconf 74' lang='grc' dir='ltr'>καὶ</span> <span class='ocrx_word' id='word_1_52' title='bbox 877 738 916 776; x_wconf 83' lang='grc' dir='ltr'>τὸ</span> <span class='ocrx_word' id='word_1_53' title='bbox 942 738 1082 777; x_wconf 78' lang='grc' dir='ltr'>σύννοον</span> <span class='ocrx_word' id='word_1_54' title='bbox 1103 739 1318 777; x_wconf 76' lang='grc' dir='ltr'>ἀποδιδοῦσα</span> <span class='ocrx_word' id='word_1_55' title='bbox 1334 739 1385 790; x_wconf 80' lang='grc' dir='ltr'>τῷ</span> 
     </span>
     <span class='ocr_line' id='line_1_9' title="bbox 334 790 1385 850; baseline 0 -15"><span class='ocrx_word' id='word_1_56' title='bbox 334 796 501 850; x_wconf 77' lang='grc' dir='ltr'>συννόῳ,Ιι</span> <span class='ocrx_word' id='word_1_57' title='bbox 530 797 627 849; x_wconf 84' lang='grc' dir='ltr'>μέρει</span> <span class='ocrx_word' id='word_1_58' title='bbox 644 803 705 842; x_wconf 86' lang='grc' dir='ltr'>τᾶς</span> <span class='ocrx_word' id='word_1_59' title='bbox 724 799 851 850; x_wconf 76' lang='grc' dir='ltr'>ψυχᾶς.</span> <span class='ocrx_word' id='word_1_60' title='bbox 910 790 1050 850; x_wconf 57' lang='grc' dir='ltr'>ῗΩνπερ</span> <span class='ocrx_word' id='word_1_61' title='bbox 1073 796 1174 836; x_wconf 81' lang='grc' dir='ltr'>ἕκατι</span> <span class='ocrx_word' id='word_1_62' title='bbox 1192 798 1304 836; x_wconf 87' lang='grc' dir='ltr'>δοκέει</span> <span class='ocrx_word' id='word_1_63' title='bbox 1325 811 1385 847; x_wconf 89' lang='grc' dir='ltr'>μοι</span> 
     </span>
     <span class='ocr_line' id='line_1_10' title="bbox 335 851 1384 909; baseline -0.001 -15"><span class='ocrx_word' id='word_1_64' title='bbox 335 856 395 894; x_wconf 78' lang='grc' dir='ltr'>καὶ</span> <span class='ocrx_word' id='word_1_65' title='bbox 414 859 432 894; x_wconf 85' lang='grc' dir='ltr'><strong><em>ὃ</em></strong></span> <span class='ocrx_word' id='word_1_66' title='bbox 453 855 526 908; x_wconf 86' lang='grc' dir='ltr'>βίος</span> <span class='ocrx_word' id='word_1_67' title='bbox 555 859 573 894; x_wconf 87' lang='grc' dir='ltr'><strong><em>ὃ</em></strong></span> <span class='ocrx_word' id='word_1_68' title='bbox 603 855 681 894; x_wconf 84' lang='grc' dir='ltr'>κατ’</span> <span class='ocrx_word' id='word_1_69' title='bbox 715 856 906 909; x_wconf 82' lang='grc' dir='ltr'>ἀνθρώπων</span> <span class='ocrx_word' id='word_1_70' title='bbox 929 855 1068 908; x_wconf 84' lang='grc' dir='ltr'>ἄριστος</span> <span class='ocrx_word' id='word_1_71' title='bbox 1098 851 1208 907; x_wconf 69' lang='grc' dir='ltr'>ἦμεν,</span> <span class='ocrx_word' id='word_1_72' title='bbox 1227 854 1318 895; x_wconf 74' lang='grc' dir='ltr'>ὅκκα</span> <span class='ocrx_word' id='word_1_73' title='bbox 1346 855 1384 894; x_wconf 81' lang='grc' dir='ltr'>τὸ</span> 
     </span>
     <span class='ocr_line' id='line_1_11' title="bbox 335 914 1383 970; baseline -0.001 -17"><span class='ocrx_word' id='word_1_74' title='bbox 335 915 400 953; x_wconf 80' lang='grc' dir='ltr'>ἁδὺ</span> <span class='ocrx_word' id='word_1_75' title='bbox 432 918 483 968; x_wconf 85' lang='grc' dir='ltr'>τῷ</span> <span class='ocrx_word' id='word_1_76' title='bbox 521 915 702 968; x_wconf 83' lang='grc' dir='ltr'>σπουδαίῳ</span> <span class='ocrx_word' id='word_1_77' title='bbox 731 918 1004 970; x_wconf 82' lang='grc' dir='ltr'>συγκατακραθῇ</span> <span class='ocrx_word' id='word_1_78' title='bbox 1038 915 1099 955; x_wconf 73' lang='grc' dir='ltr'>καὶ</span> <span class='ocrx_word' id='word_1_79' title='bbox 1145 916 1167 954; x_wconf 84' lang='grc' dir='ltr'>ἁ</span> <span class='ocrx_word' id='word_1_80' title='bbox 1203 914 1313 954; x_wconf 81' lang='grc' dir='ltr'>ἆδονὰ</span> <span class='ocrx_word' id='word_1_81' title='bbox 1340 920 1383 967; x_wconf 79' lang='grc' dir='ltr'>τᾷ</span> 
     </span>
     <span class='ocr_line' id='line_1_12' title="bbox 333 974 1381 1027; baseline 0.001 -15"><span class='ocrx_word' id='word_1_82' title='bbox 333 976 457 1026; x_wconf 79' lang='grc' dir='ltr'>ἀρετᾷ.</span> <span class='ocrx_word' id='word_1_83' title='bbox 518 974 816 1027; x_wconf 81' lang='grc' dir='ltr'>Ποθαρμόξασθαι</span> <span class='ocrx_word' id='word_1_84' title='bbox 847 976 877 1014; x_wconf 87' lang='grc' dir='ltr'>δ’</span> <span class='ocrx_word' id='word_1_85' title='bbox 913 976 1004 1015; x_wconf 82' lang='grc' dir='ltr'>αὐτὰ</span> <span class='ocrx_word' id='word_1_86' title='bbox 1039 979 1058 1015; x_wconf 84' lang='grc' dir='ltr'><strong>ὁ</strong></span> <span class='ocrx_word' id='word_1_87' title='bbox 1099 975 1176 1020; x_wconf 84' lang='grc' dir='ltr'>νόος</span> <span class='ocrx_word' id='word_1_88' title='bbox 1212 975 1381 1023; x_wconf 84' lang='grc' dir='ltr'>δύναται,</span> 
     </span>
     <span class='ocr_line' id='line_1_13' title="bbox 331 1033 1183 1088; baseline 0.004 -17"><span class='ocrx_word' id='word_1_89' title='bbox 331 1033 530 1077; x_wconf 85' lang='grc' dir='ltr'>παιδεύσιος</span> <span class='ocrx_word' id='word_1_90' title='bbox 547 1034 608 1072; x_wconf 86' lang='grc' dir='ltr'>καὶ</span> <span class='ocrx_word' id='word_1_91' title='bbox 625 1037 748 1087; x_wconf 83' lang='grc' dir='ltr'>ἀρετᾶς</span> <span class='ocrx_word' id='word_1_92' title='bbox 764 1033 773 1057; x_wconf 87' lang='lat'><em>¹</em></span> <span class='ocrx_word' id='word_1_93' title='bbox 788 1035 965 1088; x_wconf 81' lang='grc' dir='ltr'>ἐπήρατος</span> <span class='ocrx_word' id='word_1_94' title='bbox 987 1035 1183 1087; x_wconf 86' lang='grc' dir='ltr'>γενόμενος.</span> 
     </span>
     <span class='ocr_line' id='line_1_14' title="bbox 387 1092 1380 1147; baseline 0.004 -17"><span class='ocrx_word' id='word_1_95' title='bbox 387 1092 589 1144; x_wconf 87' lang='lat' dir='ltr'>(Stobaeus</span> <span class='ocrx_word' id='word_1_96' title='bbox 604 1094 738 1144; x_wconf 86' lang='lat' dir='ltr'>Eclog.</span> <span class='ocrx_word' id='word_1_97' title='bbox 757 1094 832 1134; x_wconf 90' lang='lat' dir='ltr'>lib.</span> <span class='ocrx_word' id='word_1_98' title='bbox 852 1095 870 1133; x_wconf 92' lang='lat' dir='ltr'>l</span> <span class='ocrx_word' id='word_1_99' title='bbox 888 1109 974 1147; x_wconf 87' lang='lat' dir='ltr'>cap.</span> <span class='ocrx_word' id='word_1_100' title='bbox 996 1096 1045 1133; x_wconf 85' lang='lat'>52</span> <span class='ocrx_word' id='word_1_101' title='bbox 1060 1109 1100 1147; x_wconf 89' lang='lat' dir='ltr'>p.</span> <span class='ocrx_word' id='word_1_102' title='bbox 1121 1094 1296 1143; x_wconf 75' lang='lat'>846-857</span> <span class='ocrx_word' id='word_1_103' title='bbox 1318 1097 1380 1137; x_wconf 88' lang='lat' dir='ltr'>ed.</span> 
     </span>
     <span class='ocr_line' id='line_1_15' title="bbox 332 1153 1382 1204; baseline 0.005 -14"><span class='ocrx_word' id='word_1_104' title='bbox 332 1153 494 1191; x_wconf 87' lang='lat' dir='ltr'>Heeren.</span> <span class='ocrx_word' id='word_1_105' title='bbox 523 1154 671 1191; x_wconf 85' lang='lat' dir='ltr'>Auctor</span> <span class='ocrx_word' id='word_1_106' title='bbox 703 1154 746 1191; x_wconf 90' lang='lat' dir='ltr'>in</span> <span class='ocrx_word' id='word_1_107' title='bbox 775 1154 937 1204; x_wconf 87' lang='lat' dir='ltr'>optimis</span> <span class='ocrx_word' id='word_1_108' title='bbox 961 1154 1108 1193; x_wconf 87' lang='lat' dir='ltr'>Stobaei</span> <span class='ocrx_word' id='word_1_109' title='bbox 1141 1154 1382 1195; x_wconf 83' lang='lat' dir='ltr'>membranis</span> 
     </span>
     <span class='ocr_line' id='line_1_16' title="bbox 332 1213 1381 1263; baseline 0.003 -13"><span class='ocrx_word' id='word_1_110' title='bbox 332 1213 475 1251; x_wconf 88' lang='lat' dir='ltr'>Aresas</span> <span class='ocrx_word' id='word_1_111' title='bbox 506 1214 747 1263; x_wconf 81' lang='lat' dir='ltr'>nominatur,</span> <span class='ocrx_word' id='word_1_112' title='bbox 774 1213 817 1251; x_wconf 92' lang='lat' dir='ltr'>in</span> <span class='ocrx_word' id='word_1_113' title='bbox 850 1214 939 1252; x_wconf 89' lang='lat' dir='ltr'>aliis</span> <span class='ocrx_word' id='word_1_114' title='bbox 970 1213 1099 1252; x_wconf 83' lang='lat' dir='ltr'>Isaras</span> <span class='ocrx_word' id='word_1_115' title='bbox 1126 1214 1188 1252; x_wconf 83' lang='lat' dir='ltr'>vel</span> <span class='ocrx_word' id='word_1_116' title='bbox 1215 1214 1381 1255; x_wconf 85' lang='lat' dir='ltr'>AEsaras.</span> 
     </span>
     <span class='ocr_line' id='line_1_17' title="bbox 332 1271 1383 1324; baseline 0.002 -15"><span class='ocrx_word' id='word_1_117' title='bbox 332 1271 606 1322; x_wconf 80' lang='lat' dir='ltr'><strong>Fragmentum</strong></span> <span class='ocrx_word' id='word_1_118' title='bbox 627 1272 835 1310; x_wconf 84' lang='lat' dir='ltr'>admodum</span> <span class='ocrx_word' id='word_1_119' title='bbox 857 1273 1112 1324; x_wconf 79' lang='lat' dir='ltr'>depravatum</span> <span class='ocrx_word' id='word_1_120' title='bbox 1127 1273 1270 1324; x_wconf 89' lang='lat' dir='ltr'>partim</span> <span class='ocrx_word' id='word_1_121' title='bbox 1290 1273 1383 1312; x_wconf 85' lang='lat' dir='ltr'>Sal-</span> 
     </span>
     <span class='ocr_line' id='line_1_18' title="bbox 331 1333 1380 1385; baseline 0.003 -15"><span class='ocrx_word' id='word_1_122' title='bbox 331 1333 478 1371; x_wconf 89' lang='lat' dir='ltr'>masius</span> <span class='ocrx_word' id='word_1_123' title='bbox 509 1334 770 1371; x_wconf 81' lang='lat' dir='ltr'>commentar.</span> <span class='ocrx_word' id='word_1_124' title='bbox 800 1333 849 1370; x_wconf 85' lang='lat' dir='ltr'>ad</span> <span class='ocrx_word' id='word_1_125' title='bbox 875 1333 1043 1384; x_wconf 88' lang='lat' dir='ltr'>Epictet.</span> <span class='ocrx_word' id='word_1_126' title='bbox 1076 1346 1165 1383; x_wconf 85' lang='lat' dir='ltr'><strong>pag.</strong></span> <span class='ocrx_word' id='word_1_127' title='bbox 1197 1335 1270 1383; x_wconf 88' lang='lat'>169</span> <span class='ocrx_word' id='word_1_128' title='bbox 1296 1346 1380 1385; x_wconf 66' lang='lat' dir='ltr'>seq.</span> 
     </span>
     <span class='ocr_line' id='line_1_19' title="bbox 330 1391 1381 1443; baseline 0.001 -14"><span class='ocrx_word' id='word_1_129' title='bbox 330 1392 474 1443; x_wconf 86' lang='lat' dir='ltr'>partim</span> <span class='ocrx_word' id='word_1_130' title='bbox 491 1391 635 1429; x_wconf 86' lang='lat' dir='ltr'>Stobaei</span> <span class='ocrx_word' id='word_1_131' title='bbox 655 1391 826 1430; x_wconf 85' lang='lat' dir='ltr'><strong>editores</strong></span> <span class='ocrx_word' id='word_1_132' title='bbox 847 1391 1045 1441; x_wconf 80' lang='lat' dir='ltr'>corrigere</span> <span class='ocrx_word' id='word_1_133' title='bbox 1062 1399 1275 1431; x_wconf 85' lang='lat' dir='ltr'>tentarunt.</span> <span class='ocrx_word' id='word_1_134' title='bbox 1305 1391 1381 1430; x_wconf 83' lang='lat' dir='ltr'>Sed</span> 
     </span>
     <span class='ocr_line' id='line_1_20' title="bbox 330 1449 1381 1501; baseline -0.001 -13"><span class='ocrx_word' id='word_1_135' title='bbox 330 1464 380 1489; x_wconf 90' lang='lat' dir='ltr'>ne</span> <span class='ocrx_word' id='word_1_136' title='bbox 416 1463 713 1488; x_wconf 82' lang='lat' dir='ltr'>commemorem</span> <span class='ocrx_word' id='word_1_137' title='bbox 743 1450 883 1487; x_wconf 90' lang='lat' dir='ltr'>menda</span> <span class='ocrx_word' id='word_1_138' title='bbox 917 1449 965 1487; x_wconf 87' lang='lat' dir='ltr'>ab</span> <span class='ocrx_word' id='word_1_139' title='bbox 997 1450 1086 1488; x_wconf 89' lang='lat' dir='ltr'>aliis</span> <span class='ocrx_word' id='word_1_140' title='bbox 1114 1449 1195 1500; x_wconf 89' lang='lat' dir='ltr'>jam</span> <span class='ocrx_word' id='word_1_141' title='bbox 1228 1450 1381 1501; x_wconf 86' lang='lat' dir='ltr'>pridem</span> 
     </span>
     <span class='ocr_line' id='line_1_21' title="bbox 330 1509 1380 1561; baseline -0.001 -13"><span class='ocrx_word' id='word_1_142' title='bbox 330 1509 503 1557; x_wconf 84' lang='lat' dir='ltr'>sublata,</span> <span class='ocrx_word' id='word_1_143' title='bbox 522 1511 607 1561; x_wconf 89' lang='lat' dir='ltr'>ipse</span> <span class='ocrx_word' id='word_1_144' title='bbox 619 1522 743 1561; x_wconf 86' lang='lat' dir='ltr'>pauca</span> <span class='ocrx_word' id='word_1_145' title='bbox 755 1509 899 1547; x_wconf 85' lang='lat' dir='ltr'>notabo</span> <span class='ocrx_word' id='word_1_146' title='bbox 917 1522 1004 1559; x_wconf 83' lang='lat' dir='ltr'>quae</span> <span class='ocrx_word' id='word_1_147' title='bbox 1017 1509 1091 1547; x_wconf 88' lang='lat' dir='ltr'>hoc</span> <span class='ocrx_word' id='word_1_148' title='bbox 1106 1509 1231 1561; x_wconf 83' lang='lat' dir='ltr'>capite</span> <span class='ocrx_word' id='word_1_149' title='bbox 1248 1522 1380 1547; x_wconf 84' lang='lat' dir='ltr'>ernen-</span> 
     </span>
     <span class='ocr_line' id='line_1_22' title="bbox 331 1567 1378 1617; baseline -0.001 -11"><span class='ocrx_word' id='word_1_150' title='bbox 331 1568 435 1606; x_wconf 82' lang='lat' dir='ltr'>davi.</span> <span class='ocrx_word' id='word_1_151' title='bbox 458 1568 581 1606; x_wconf 91' lang='lat' dir='ltr'>Posui</span> <span class='ocrx_word' id='word_1_152' title='bbox 601 1568 723 1617; x_wconf 77' lang='lat' dir='ltr'>igitur</span> <span class='ocrx_word' id='word_1_153' title='bbox 747 1581 756 1604; x_wconf 91' lang='lat'><strong>:</strong></span> <span class='ocrx_word' id='word_1_154' title='bbox 780 1571 795 1589; x_wconf 74' lang='lat'>⁸</span> <span class='ocrx_word' id='word_1_155' title='bbox 815 1567 1009 1615; x_wconf 82' lang='grc' dir='ltr'>ἐκτυπώσι;</span> <span class='ocrx_word' id='word_1_156' title='bbox 1030 1568 1145 1607; x_wconf 83' lang='lat' dir='ltr'>codd.</span> <span class='ocrx_word' id='word_1_157' title='bbox 1169 1568 1378 1607; x_wconf 84' lang='grc' dir='ltr'>ἐκτυπώσει.</span> 
     </span>
     <span class='ocr_line' id='line_1_23' title="bbox 330 1625 1380 1680; baseline 0.001 -16"><span class='ocrx_word' id='word_1_158' title='bbox 330 1625 348 1650; x_wconf 73' lang='lat'>¹³</span> <span class='ocrx_word' id='word_1_159' title='bbox 363 1626 465 1680; x_wconf 80' lang='grc' dir='ltr'>ἅψιος</span> <span class='ocrx_word' id='word_1_160' title='bbox 485 1639 575 1667; x_wconf 87' lang='lat' dir='ltr'>cum</span> <span class='ocrx_word' id='word_1_161' title='bbox 595 1627 804 1673; x_wconf 80' lang='lat' dir='ltr'>Salmasi03</span> <span class='ocrx_word' id='word_1_162' title='bbox 821 1626 927 1665; x_wconf 84' lang='lat' dir='ltr'>deest</span> <span class='ocrx_word' id='word_1_163' title='bbox 947 1627 990 1664; x_wconf 90' lang='lat' dir='ltr'>in</span> <span class='ocrx_word' id='word_1_164' title='bbox 1012 1627 1124 1667; x_wconf 92' lang='lat' dir='ltr'>codd.</span> <span class='ocrx_word' id='word_1_165' title='bbox 1139 1632 1153 1650; x_wconf 76' lang='lat'>⁰</span> <span class='ocrx_word' id='word_1_166' title='bbox 1172 1626 1210 1665; x_wconf 87' lang='grc' dir='ltr'>οὔ</span> <span class='ocrx_word' id='word_1_167' title='bbox 1232 1643 1278 1665; x_wconf 85' lang='grc' dir='ltr'>κα</span> <span class='ocrx_word' id='word_1_168' title='bbox 1299 1626 1380 1665; x_wconf 84' lang='grc' dir='ltr'>ἐδύ-</span> 
     </span>
     <span class='ocr_line' id='line_1_24' title="bbox 329 1684 1379 1738; baseline 0.001 -15"><span class='ocrx_word' id='word_1_169' title='bbox 329 1701 432 1735; x_wconf 84' lang='grc' dir='ltr'>νατο;</span> <span class='ocrx_word' id='word_1_170' title='bbox 463 1686 576 1725; x_wconf 87' lang='lat' dir='ltr'>codd.</span> <span class='ocrx_word' id='word_1_171' title='bbox 599 1687 660 1724; x_wconf 79' lang='grc' dir='ltr'>οὐκ</span> <span class='ocrx_word' id='word_1_172' title='bbox 681 1685 723 1724; x_wconf 82' lang='grc' dir='ltr'>ἂν</span> <span class='ocrx_word' id='word_1_173' title='bbox 745 1685 896 1724; x_wconf 77' lang='grc' dir='ltr'>δύναιτο.</span> <span class='ocrx_word' id='word_1_174' title='bbox 924 1684 940 1708; x_wconf 74' lang='lat'>‘¹</span> <span class='ocrx_word' id='word_1_175' title='bbox 962 1688 1270 1738; x_wconf 77' lang='grc' dir='ltr'>συναρμοσθῆμεν·</span> <span class='ocrx_word' id='word_1_176' title='bbox 1304 1686 1379 1724; x_wconf 90' lang='grc' dir='ltr'>αἴτε</span> 
     </span>
     <span class='ocr_line' id='line_1_25' title="bbox 329 1745 1378 1793; baseline 0 -10"><span class='ocrx_word' id='word_1_177' title='bbox 329 1745 393 1784; x_wconf 80' lang='grc' dir='ltr'>τὰν</span> <span class='ocrx_word' id='word_1_178' title='bbox 409 1746 532 1784; x_wconf 83' lang='grc' dir='ltr'>ἀνίσαν</span> <span class='ocrx_word' id='word_1_179' title='bbox 549 1759 638 1784; x_wconf 89' lang='lat' dir='ltr'>cum</span> <span class='ocrx_word' id='word_1_180' title='bbox 663 1745 920 1783; x_wconf 82' lang='lat' dir='ltr'>Valckenario</span> <span class='ocrx_word' id='word_1_181' title='bbox 937 1746 985 1784; x_wconf 90' lang='lat' dir='ltr'>ad</span> <span class='ocrx_word' id='word_1_182' title='bbox 1007 1746 1205 1789; x_wconf 85' lang='lat' dir='ltr'>Theocrit.</span> <span class='ocrx_word' id='word_1_183' title='bbox 1229 1746 1284 1793; x_wconf 88' lang='lat' dir='ltr'>ll,</span> <span class='ocrx_word' id='word_1_184' title='bbox 1305 1747 1378 1793; x_wconf 76' lang='lat'>463</span> 
     </span>
     <span class='ocr_line' id='line_1_26' title="bbox 330 1802 1378 1858; baseline -0.001 -15"><span class='ocrx_word' id='word_1_185' title='bbox 330 1805 444 1843; x_wconf 89' lang='lat' dir='ltr'>codd.</span> <span class='ocrx_word' id='word_1_186' title='bbox 462 1804 719 1854; x_wconf 78' lang='grc' dir='ltr'>εὖνομασθῆναι</span> <span class='ocrx_word' id='word_1_187' title='bbox 739 1803 802 1854; x_wconf 81' lang='grc' dir='ltr'>μὲν</span> <span class='ocrx_word' id='word_1_188' title='bbox 828 1802 868 1842; x_wconf 89' lang='grc' dir='ltr'>αἴ</span> <span class='ocrx_word' id='word_1_189' title='bbox 884 1819 921 1842; x_wconf 84' lang='grc' dir='ltr'>τε</span> <span class='ocrx_word' id='word_1_190' title='bbox 942 1803 1005 1841; x_wconf 86' lang='grc' dir='ltr'>τὰν</span> <span class='ocrx_word' id='word_1_191' title='bbox 1021 1803 1115 1844; x_wconf 84' lang='grc' dir='ltr'>ἴσαν.</span> <span class='ocrx_word' id='word_1_192' title='bbox 1132 1809 1147 1827; x_wconf 71' lang='lat'>‘³</span> <span class='ocrx_word' id='word_1_193' title='bbox 1166 1803 1215 1852; x_wconf 85' lang='grc' dir='ltr'>μὴ</span> <span class='ocrx_word' id='word_1_194' title='bbox 1233 1803 1276 1842; x_wconf 84' lang='grc' dir='ltr'>τὰ</span> <span class='ocrx_word' id='word_1_195' title='bbox 1295 1804 1378 1858; x_wconf 82' lang='grc' dir='ltr'>κάῤ-</span> 
     </span>
     <span class='ocr_line' id='line_1_27' title="bbox 336 1857 1378 1916; baseline -0.001 -14"><span class='ocrx_word' id='word_1_196' title='bbox 336 1857 434 1916; x_wconf 81' lang='grc' dir='ltr'>ῥονα</span> <span class='ocrx_word' id='word_1_197' title='bbox 453 1862 489 1901; x_wconf 74' lang='grc' dir='ltr'>δὲ</span> <span class='ocrx_word' id='word_1_198' title='bbox 510 1861 575 1900; x_wconf 85' lang='grc' dir='ltr'>τὰν</span> <span class='ocrx_word' id='word_1_199' title='bbox 609 1862 750 1912; x_wconf 90' lang='grc' dir='ltr'>μείζονα</span> <span class='ocrx_word' id='word_1_200' title='bbox 777 1865 902 1915; x_wconf 86' lang='grc' dir='ltr'>μοῖραν</span> <span class='ocrx_word' id='word_1_201' title='bbox 939 1862 1101 1916; x_wconf 71' lang='grc' dir='ltr'>ἐφέρετο,</span> <span class='ocrx_word' id='word_1_202' title='bbox 1125 1863 1215 1901; x_wconf 82' lang='grc' dir='ltr'>ἀλλὰ</span> <span class='ocrx_word' id='word_1_203' title='bbox 1241 1863 1286 1901; x_wconf 81' lang='grc' dir='ltr'>τὰ</span> <span class='ocrx_word' id='word_1_204' title='bbox 1315 1879 1378 1915; x_wconf 84' lang='grc' dir='ltr'>χε-</span> 
     </span>
     <span class='ocr_line' id='line_1_28' title="bbox 331 1919 1378 1975; baseline 0 -15"><span class='ocrx_word' id='word_1_205' title='bbox 331 1921 465 1973; x_wconf 81' lang='grc' dir='ltr'>ρείονα;</span> <span class='ocrx_word' id='word_1_206' title='bbox 485 1921 598 1960; x_wconf 92' lang='lat' dir='ltr'>codd.</span> <span class='ocrx_word' id='word_1_207' title='bbox 631 1920 679 1969; x_wconf 87' lang='grc' dir='ltr'>μὴ</span> <span class='ocrx_word' id='word_1_208' title='bbox 702 1919 764 1958; x_wconf 82' lang='grc' dir='ltr'>τὰν</span> <span class='ocrx_word' id='word_1_209' title='bbox 782 1921 935 1974; x_wconf 82' lang='grc' dir='ltr'>κοίῤῥονα</span> <span class='ocrx_word' id='word_1_210' title='bbox 955 1921 991 1960; x_wconf 80' lang='grc' dir='ltr'>δὲ</span> <span class='ocrx_word' id='word_1_211' title='bbox 1019 1921 1064 1959; x_wconf 81' lang='grc' dir='ltr'>τὰ</span> <span class='ocrx_word' id='word_1_212' title='bbox 1090 1921 1233 1972; x_wconf 87' lang='grc' dir='ltr'>μείζονα</span> <span class='ocrx_word' id='word_1_213' title='bbox 1253 1923 1378 1975; x_wconf 85' lang='grc' dir='ltr'>μοῖραν</span> 
     </span>
     <span class='ocr_line' id='line_1_29' title="bbox 274 1978 1376 2035; baseline -0.002 -14"><span class='ocrx_word' id='word_1_214' title='bbox 274 2029 278 2034; x_wconf 37' lang='grc'><em>,</em></span> <span class='ocrx_word' id='word_1_215' title='bbox 329 1982 491 2035; x_wconf 81' lang='grc' dir='ltr'>ἐφέρετο,</span> <span class='ocrx_word' id='word_1_216' title='bbox 516 1978 607 2019; x_wconf 80' lang='grc' dir='ltr'>ἀλλὰ</span> <span class='ocrx_word' id='word_1_217' title='bbox 627 1979 690 2018; x_wconf 81' lang='grc' dir='ltr'>τὰν</span> <span class='ocrx_word' id='word_1_218' title='bbox 719 1979 894 2033; x_wconf 87' lang='grc' dir='ltr'>χερείονα,</span> <span class='ocrx_word' id='word_1_219' title='bbox 921 1979 934 2003; x_wconf 68' lang='lat' dir='ltr'><strong>f</strong></span> <span class='ocrx_word' id='word_1_220' title='bbox 954 1981 1070 2019; x_wconf 84' lang='grc' dir='ltr'>πολλά</span> <span class='ocrx_word' id='word_1_221' title='bbox 1095 1983 1376 2033; x_wconf 79' lang='grc' dir='ltr'>κα-ὑπᾶρχεν;</span> 
     </span>
     <span class='ocr_line' id='line_1_30' title="bbox 330 2037 1378 2093; baseline -0.004 -13"><span class='ocrx_word' id='word_1_222' title='bbox 330 2041 442 2080; x_wconf 90' lang='lat' dir='ltr'>codd.</span> <span class='ocrx_word' id='word_1_223' title='bbox 472 2037 817 2091; x_wconf 81' lang='grc' dir='ltr'>πολλὰ-ὓπάρχεν.</span> <span class='ocrx_word' id='word_1_224' title='bbox 841 2043 859 2067; x_wconf 80' lang='lat'>⁸</span> <span class='ocrx_word' id='word_1_225' title='bbox 878 2038 916 2077; x_wconf 86' lang='grc' dir='ltr'>αἴ</span> <span class='ocrx_word' id='word_1_226' title='bbox 933 2055 972 2078; x_wconf 85' lang='grc' dir='ltr'>τε</span> <span class='ocrx_word' id='word_1_227' title='bbox 993 2038 1037 2077; x_wconf 86' lang='grc' dir='ltr'>τὰ</span> <span class='ocrx_word' id='word_1_228' title='bbox 1058 2041 1211 2093; x_wconf 78' lang='grc' dir='ltr'>κάῤῥονα</span> <span class='ocrx_word' id='word_1_229' title='bbox 1232 2039 1295 2087; x_wconf 85' lang='grc' dir='ltr'>μὲν</span> <span class='ocrx_word' id='word_1_230' title='bbox 1315 2039 1378 2078; x_wconf 80' lang='grc' dir='ltr'>τὰν</span> 
     </span>
     <span class='ocr_line' id='line_1_31' title="bbox 332 2097 1378 2150; baseline -0.003 -12"><span class='ocrx_word' id='word_1_231' title='bbox 332 2100 497 2149; x_wconf 82' lang='grc' dir='ltr'>μείζονα,</span> <span class='ocrx_word' id='word_1_232' title='bbox 515 2098 560 2137; x_wconf 79' lang='grc' dir='ltr'>τὰ</span> <span class='ocrx_word' id='word_1_233' title='bbox 579 2097 739 2150; x_wconf 87' lang='grc' dir='ltr'>χερείονα</span> <span class='ocrx_word' id='word_1_234' title='bbox 757 2097 794 2135; x_wconf 84' lang='grc' dir='ltr'>δὲ</span> <span class='ocrx_word' id='word_1_235' title='bbox 811 2097 875 2136; x_wconf 74' lang='grc' dir='ltr'>τὰν</span> <span class='ocrx_word' id='word_1_236' title='bbox 895 2098 1039 2149; x_wconf 67' lang='grc' dir='ltr'>μείονας</span> <span class='ocrx_word' id='word_1_237' title='bbox 1063 2098 1177 2139; x_wconf 91' lang='lat' dir='ltr'>codd.</span> <span class='ocrx_word' id='word_1_238' title='bbox 1198 2097 1236 2136; x_wconf 86' lang='grc' dir='ltr'>αἴ</span> <span class='ocrx_word' id='word_1_239' title='bbox 1253 2114 1290 2137; x_wconf 87' lang='grc' dir='ltr'>τε</span> <span class='ocrx_word' id='word_1_240' title='bbox 1314 2097 1378 2136; x_wconf 82' lang='grc' dir='ltr'>τὰν</span> 
     </span>
     <span class='ocr_line' id='line_1_32' title="bbox 329 2155 1376 2212; baseline 0 -17"><span class='ocrx_word' id='word_1_241' title='bbox 329 2156 483 2212; x_wconf 81' lang='grc' dir='ltr'>κᾶῤῥονα</span> <span class='ocrx_word' id='word_1_242' title='bbox 508 2155 569 2207; x_wconf 83' lang='grc' dir='ltr'>μὲν</span> <span class='ocrx_word' id='word_1_243' title='bbox 590 2155 635 2194; x_wconf 83' lang='grc' dir='ltr'>τὰ</span> <span class='ocrx_word' id='word_1_244' title='bbox 656 2157 818 2206; x_wconf 85' lang='grc' dir='ltr'>μείζονα,</span> <span class='ocrx_word' id='word_1_245' title='bbox 840 2156 903 2194; x_wconf 84' lang='grc' dir='ltr'>τὰν</span> <span class='ocrx_word' id='word_1_246' title='bbox 932 2156 1091 2208; x_wconf 82' lang='grc' dir='ltr'>χερείονα</span> <span class='ocrx_word' id='word_1_247' title='bbox 1112 2157 1147 2195; x_wconf 84' lang='grc' dir='ltr'>δὲ</span> <span class='ocrx_word' id='word_1_248' title='bbox 1177 2156 1221 2195; x_wconf 86' lang='grc' dir='ltr'>τὰ</span> <span class='ocrx_word' id='word_1_249' title='bbox 1242 2156 1376 2207; x_wconf 83' lang='grc' dir='ltr'>μείονα.</span> 
     </span>
     <span class='ocr_line' id='line_1_33' title="bbox 330 2214 1378 2267; baseline 0.001 -13"><span class='ocrx_word' id='word_1_250' title='bbox 330 2214 347 2238; x_wconf 78' lang='lat'>¹¹</span> <span class='ocrx_word' id='word_1_251' title='bbox 359 2215 397 2254; x_wconf 87' lang='grc' dir='ltr'>οὔ</span> <span class='ocrx_word' id='word_1_252' title='bbox 414 2231 459 2254; x_wconf 91' lang='grc' dir='ltr'>κα</span> <span class='ocrx_word' id='word_1_253' title='bbox 478 2215 643 2267; x_wconf 79' lang='grc' dir='ltr'>ἐδύνατο;</span> <span class='ocrx_word' id='word_1_254' title='bbox 659 2214 769 2254; x_wconf 86' lang='lat' dir='ltr'>codd.</span> <span class='ocrx_word' id='word_1_255' title='bbox 786 2216 848 2254; x_wconf 78' lang='grc' dir='ltr'>οὐκ</span> <span class='ocrx_word' id='word_1_256' title='bbox 865 2214 907 2253; x_wconf 80' lang='grc' dir='ltr'>ἂν</span> <span class='ocrx_word' id='word_1_257' title='bbox 928 2215 1093 2255; x_wconf 76' lang='grc' dir='ltr'>δύναιτο.Ι</span> <span class='ocrx_word' id='word_1_258' title='bbox 1108 2216 1245 2265; x_wconf 83' lang='grc' dir='ltr'>ζέοισα;</span> <span class='ocrx_word' id='word_1_259' title='bbox 1267 2216 1378 2255; x_wconf 91' lang='lat' dir='ltr'>codd.</span> 
     </span>
    </p>
   </div>
   <div class='ocr_carea' id='block_1_5' title="bbox 328 2346 1382 3029">
    <p class='ocr_par' dir='ltr' id='par_1_5' title="bbox 328 2346 1382 3029">
     <span class='ocr_line' id='line_1_34' title="bbox 328 2346 1381 2390; baseline 0.001 -11"><span class='ocrx_word' id='word_1_260' title='bbox 328 2355 392 2387; x_wconf 87' lang='lat' dir='ltr'>que</span> <span class='ocrx_word' id='word_1_261' title='bbox 413 2348 445 2379; x_wconf 87' lang='lat' dir='ltr'>et</span> <span class='ocrx_word' id='word_1_262' title='bbox 464 2346 666 2379; x_wconf 79' lang='lat' dir='ltr'>vehementia</span> <span class='ocrx_word' id='word_1_263' title='bbox 685 2355 759 2379; x_wconf 87' lang='lat' dir='ltr'>cum</span> <span class='ocrx_word' id='word_1_264' title='bbox 789 2347 852 2379; x_wconf 88' lang='lat' dir='ltr'>levi</span> <span class='ocrx_word' id='word_1_265' title='bbox 871 2348 904 2379; x_wconf 88' lang='lat' dir='ltr'>et</span> <span class='ocrx_word' id='word_1_266' title='bbox 934 2346 974 2379; x_wconf 85' lang='lat' dir='ltr'>ad</span> <span class='ocrx_word' id='word_1_267' title='bbox 1005 2347 1198 2380; x_wconf 84' lang='lat' dir='ltr'>hilaritatem</span> <span class='ocrx_word' id='word_1_268' title='bbox 1221 2356 1381 2390; x_wconf 84' lang='lat' dir='ltr'>propensa</span> 
     </span>
     <span class='ocr_line' id='line_1_35' title="bbox 328 2406 1380 2448; baseline 0.001 -10"><span class='ocrx_word' id='word_1_269' title='bbox 328 2406 425 2438; x_wconf 91' lang='lat' dir='ltr'>animi</span> <span class='ocrx_word' id='word_1_270' title='bbox 446 2407 535 2447; x_wconf 85' lang='lat' dir='ltr'>parte</span> <span class='ocrx_word' id='word_1_271' title='bbox 551 2409 637 2438; x_wconf 84' lang='lat' dir='ltr'>certa</span> <span class='ocrx_word' id='word_1_272' title='bbox 652 2406 792 2447; x_wconf 90' lang='lat' dir='ltr'>quadam</span> <span class='ocrx_word' id='word_1_273' title='bbox 809 2406 952 2438; x_wconf 80' lang='lat' dir='ltr'>mixtura</span> <span class='ocrx_word' id='word_1_274' title='bbox 964 2408 1138 2448; x_wconf 87' lang='lat' dir='ltr'>temperat,</span> <span class='ocrx_word' id='word_1_275' title='bbox 1155 2407 1380 2448; x_wconf 82' lang='lat' dir='ltr'>propriamque</span> 
     </span>
     <span class='ocr_line' id='line_1_36' title="bbox 329 2465 1380 2508; baseline 0.001 -11"><span class='ocrx_word' id='word_1_276' title='bbox 329 2474 367 2497; x_wconf 90' lang='lat' dir='ltr'>ac</span> <span class='ocrx_word' id='word_1_277' title='bbox 387 2465 580 2506; x_wconf 80' lang='lat' dir='ltr'>peculiarem</span> <span class='ocrx_word' id='word_1_278' title='bbox 595 2466 793 2507; x_wconf 87' lang='lat' dir='ltr'>singulorum</span> <span class='ocrx_word' id='word_1_279' title='bbox 810 2474 921 2498; x_wconf 87' lang='lat' dir='ltr'>curam</span> <span class='ocrx_word' id='word_1_280' title='bbox 936 2466 1059 2507; x_wconf 82' lang='lat' dir='ltr'>singula</span> <span class='ocrx_word' id='word_1_281' title='bbox 1071 2466 1182 2499; x_wconf 86' lang='lat' dir='ltr'>sortita</span> <span class='ocrx_word' id='word_1_282' title='bbox 1200 2469 1290 2506; x_wconf 89' lang='lat' dir='ltr'>sunt,</span> <span class='ocrx_word' id='word_1_283' title='bbox 1306 2466 1380 2508; x_wconf 90' lang='lat' dir='ltr'>quia</span> 
     </span>
     <span class='ocr_line' id='line_1_37' title="bbox 329 2524 1379 2566; baseline 0.002 -10"><span class='ocrx_word' id='word_1_284' title='bbox 329 2533 423 2557; x_wconf 88' lang='lat' dir='ltr'>mens</span> <span class='ocrx_word' id='word_1_285' title='bbox 444 2534 496 2557; x_wconf 84' lang='lat' dir='ltr'>res</span> <span class='ocrx_word' id='word_1_286' title='bbox 516 2524 696 2557; x_wconf 79' lang='lat' dir='ltr'>considerat</span> <span class='ocrx_word' id='word_1_287' title='bbox 717 2534 754 2557; x_wconf 87' lang='lat' dir='ltr'>ac</span> <span class='ocrx_word' id='word_1_288' title='bbox 771 2526 945 2566; x_wconf 84' lang='lat' dir='ltr'>scrutatur,</span> <span class='ocrx_word' id='word_1_289' title='bbox 974 2526 1241 2558; x_wconf 73' lang='lat' dir='ltr'>excandescentia</span> <span class='ocrx_word' id='word_1_290' title='bbox 1271 2528 1379 2558; x_wconf 87' lang='lat' dir='ltr'>autem</span> 
     </span>
     <span class='ocr_line' id='line_1_38' title="bbox 329 2584 1380 2626; baseline 0.001 -10"><span class='ocrx_word' id='word_1_291' title='bbox 329 2584 505 2625; x_wconf 88' lang='lat' dir='ltr'>appetitum</span> <span class='ocrx_word' id='word_1_292' title='bbox 520 2593 558 2616; x_wconf 88' lang='lat' dir='ltr'>ac</span> <span class='ocrx_word' id='word_1_293' title='bbox 576 2585 661 2617; x_wconf 85' lang='lat' dir='ltr'>vires</span> <span class='ocrx_word' id='word_1_294' title='bbox 683 2585 944 2626; x_wconf 84' lang='lat' dir='ltr'>contemplationi</span> <span class='ocrx_word' id='word_1_295' title='bbox 966 2585 1081 2626; x_wconf 76' lang='lat' dir='ltr'>affert,</span> <span class='ocrx_word' id='word_1_296' title='bbox 1105 2585 1266 2626; x_wconf 84' lang='lat' dir='ltr'>cupiditas</span> <span class='ocrx_word' id='word_1_297' title='bbox 1287 2585 1380 2618; x_wconf 91' lang='lat' dir='ltr'>deni-</span> 
     </span>
     <span class='ocr_line' id='line_1_39' title="bbox 330 2643 1380 2685; baseline 0.002 -11"><span class='ocrx_word' id='word_1_298' title='bbox 330 2651 394 2683; x_wconf 87' lang='lat' dir='ltr'>que</span> <span class='ocrx_word' id='word_1_299' title='bbox 424 2643 543 2675; x_wconf 90' lang='lat' dir='ltr'>amoris</span> <span class='ocrx_word' id='word_1_300' title='bbox 572 2643 696 2684; x_wconf 79' lang='lat' dir='ltr'>paterni</span> <span class='ocrx_word' id='word_1_301' title='bbox 727 2645 760 2676; x_wconf 88' lang='lat' dir='ltr'>et</span> <span class='ocrx_word' id='word_1_302' title='bbox 789 2644 966 2685; x_wconf 80' lang='lat' dir='ltr'>conjugalis</span> <span class='ocrx_word' id='word_1_303' title='bbox 997 2644 1081 2676; x_wconf 87' lang='lat' dir='ltr'>socia</span> <span class='ocrx_word' id='word_1_304' title='bbox 1102 2644 1253 2677; x_wconf 86' lang='lat' dir='ltr'>decenter</span> <span class='ocrx_word' id='word_1_305' title='bbox 1289 2653 1380 2677; x_wconf 86' lang='lat' dir='ltr'>suam</span> 
     </span>
     <span class='ocr_line' id='line_1_40' title="bbox 331 2702 1379 2745; baseline 0.001 -11"><span class='ocrx_word' id='word_1_306' title='bbox 331 2703 431 2734; x_wconf 84' lang='lat' dir='ltr'>menti</span> <span class='ocrx_word' id='word_1_307' title='bbox 454 2702 654 2734; x_wconf 82' lang='lat' dir='ltr'>dulcedinem</span> <span class='ocrx_word' id='word_1_308' title='bbox 672 2702 789 2743; x_wconf 81' lang='lat' dir='ltr'>affigit,</span> <span class='ocrx_word' id='word_1_309' title='bbox 808 2711 846 2735; x_wconf 88' lang='lat' dir='ltr'>ac</span> <span class='ocrx_word' id='word_1_310' title='bbox 863 2702 1064 2744; x_wconf 83' lang='lat' dir='ltr'>prudentiam</span> <span class='ocrx_word' id='word_1_311' title='bbox 1084 2703 1136 2735; x_wconf 88' lang='lat' dir='ltr'>isti</span> <span class='ocrx_word' id='word_1_312' title='bbox 1154 2703 1252 2735; x_wconf 88' lang='lat' dir='ltr'>animi</span> <span class='ocrx_word' id='word_1_313' title='bbox 1272 2703 1379 2745; x_wconf 88' lang='lat' dir='ltr'>parti,</span> 
     </span>
     <span class='ocr_line' id='line_1_41' title="bbox 331 2760 1379 2802; baseline 0.002 -11"><span class='ocrx_word' id='word_1_314' title='bbox 331 2760 365 2791; x_wconf 91' lang='lat' dir='ltr'>in</span> <span class='ocrx_word' id='word_1_315' title='bbox 391 2769 455 2801; x_wconf 89' lang='lat' dir='ltr'>qua</span> <span class='ocrx_word' id='word_1_316' title='bbox 483 2762 641 2800; x_wconf 86' lang='lat' dir='ltr'>versatur,</span> <span class='ocrx_word' id='word_1_317' title='bbox 671 2760 833 2793; x_wconf 87' lang='lat' dir='ltr'>conciliat.</span> <span class='ocrx_word' id='word_1_318' title='bbox 878 2763 1083 2802; x_wconf 87' lang='lat' dir='ltr'>Quapropter</span> <span class='ocrx_word' id='word_1_319' title='bbox 1114 2761 1210 2795; x_wconf 88' lang='lat' dir='ltr'>etiam</span> <span class='ocrx_word' id='word_1_320' title='bbox 1237 2770 1275 2794; x_wconf 88' lang='lat' dir='ltr'>ea</span> <span class='ocrx_word' id='word_1_321' title='bbox 1301 2761 1379 2793; x_wconf 90' lang='lat' dir='ltr'>mihi</span> 
     </span>
     <span class='ocr_line' id='line_1_42' title="bbox 330 2819 1379 2862; baseline 0.002 -12"><span class='ocrx_word' id='word_1_322' title='bbox 330 2819 460 2851; x_wconf 86' lang='lat' dir='ltr'>videtur</span> <span class='ocrx_word' id='word_1_323' title='bbox 482 2819 618 2852; x_wconf 90' lang='lat' dir='ltr'>hominis</span> <span class='ocrx_word' id='word_1_324' title='bbox 640 2819 706 2851; x_wconf 85' lang='lat' dir='ltr'>vita</span> <span class='ocrx_word' id='word_1_325' title='bbox 725 2820 985 2860; x_wconf 85' lang='lat' dir='ltr'>praestantissima</span> <span class='ocrx_word' id='word_1_326' title='bbox 1001 2829 1090 2861; x_wconf 84' lang='lat' dir='ltr'>esse,</span> <span class='ocrx_word' id='word_1_327' title='bbox 1109 2830 1175 2862; x_wconf 92' lang='lat' dir='ltr'>qua</span> <span class='ocrx_word' id='word_1_328' title='bbox 1197 2821 1379 2861; x_wconf 90' lang='lat' dir='ltr'>jucundum</span> 
     </span>
     <span class='ocr_line' id='line_1_43' title="bbox 330 2877 1382 2920; baseline 0.004 -12"><span class='ocrx_word' id='word_1_329' title='bbox 330 2877 467 2909; x_wconf 87' lang='lat' dir='ltr'>honesto</span> <span class='ocrx_word' id='word_1_330' title='bbox 485 2878 516 2909; x_wconf 90' lang='lat' dir='ltr'>et</span> <span class='ocrx_word' id='word_1_331' title='bbox 532 2877 681 2918; x_wconf 83' lang='lat' dir='ltr'>voluptas</span> <span class='ocrx_word' id='word_1_332' title='bbox 700 2877 811 2910; x_wconf 90' lang='lat' dir='ltr'>virtuti</span> <span class='ocrx_word' id='word_1_333' title='bbox 827 2877 1008 2911; x_wconf 86' lang='lat' dir='ltr'>misceatur.</span> <span class='ocrx_word' id='word_1_334' title='bbox 1054 2879 1117 2912; x_wconf 84' lang='lat' dir='ltr'>Sed</span> <span class='ocrx_word' id='word_1_335' title='bbox 1140 2879 1210 2912; x_wconf 85' lang='lat' dir='ltr'>haec</span> <span class='ocrx_word' id='word_1_336' title='bbox 1232 2879 1382 2920; x_wconf 89' lang='lat' dir='ltr'>copulare</span> 
     </span>
     <span class='ocr_line' id='line_1_44' title="bbox 331 2935 1381 2978; baseline 0.003 -10"><span class='ocrx_word' id='word_1_337' title='bbox 331 2945 395 2968; x_wconf 90' lang='lat' dir='ltr'>non</span> <span class='ocrx_word' id='word_1_338' title='bbox 423 2938 529 2978; x_wconf 83' lang='lat' dir='ltr'>potest</span> <span class='ocrx_word' id='word_1_339' title='bbox 558 2936 620 2968; x_wconf 84' lang='lat' dir='ltr'>nisi</span> <span class='ocrx_word' id='word_1_340' title='bbox 649 2945 741 2969; x_wconf 89' lang='lat' dir='ltr'>mens</span> <span class='ocrx_word' id='word_1_341' title='bbox 766 2935 943 2978; x_wconf 84' lang='lat' dir='ltr'>discipliuae</span> <span class='ocrx_word' id='word_1_342' title='bbox 963 2947 1001 2970; x_wconf 86' lang='lat' dir='ltr'>ac</span> <span class='ocrx_word' id='word_1_343' title='bbox 1028 2938 1157 2972; x_wconf 85' lang='lat' dir='ltr'>virtutis</span> <span class='ocrx_word' id='word_1_344' title='bbox 1180 2939 1211 2971; x_wconf 92' lang='lat' dir='ltr'>vi</span> <span class='ocrx_word' id='word_1_345' title='bbox 1234 2939 1381 2971; x_wconf 88' lang='lat' dir='ltr'>amabilis</span> 
     </span>
     <span class='ocr_line' id='line_1_45' title="bbox 332 2995 464 3029; baseline 0 -1"><span class='ocrx_word' id='word_1_346' title='bbox 332 2995 464 3029; x_wconf 90' lang='lat' dir='ltr'>reddita.</span> 
     </span>
    </p>
   </div>
   <div class='ocr_carea' id='block_1_6' title="bbox 561 3079 1150 3113">
    <p class='ocr_par' dir='ltr' id='par_1_6' title="bbox 561 3079 1150 3113">
     <span class='ocr_line' id='line_1_46' title="bbox 561 3079 1150 3113; baseline 0.003 -2"><span class='ocrx_word' id='word_1_347' title='bbox 561 3079 823 3112; x_wconf 86' lang='lat' dir='ltr'><strong>ARISTAEONIS</strong></span> <span class='ocrx_word' id='word_1_348' title='bbox 843 3080 1150 3113; x_wconf 82' lang='lat' dir='ltr'>FRAGMENTUM.</span> 
     </span>
    </p>
   </div>
   <div class='ocr_carea' id='block_1_7' title="bbox 333 3159 1384 3444">
    <p class='ocr_par' dir='ltr' id='par_1_7' title="bbox 333 3159 1382 3254">
     <span class='ocr_line' id='line_1_47' title="bbox 373 3159 1382 3208; baseline 0.006 -18"><span class='ocrx_word' id='word_1_349' title='bbox 373 3159 530 3208; x_wconf 62' lang='lat' dir='ltr'>Aris-neon</span> <span class='ocrx_word' id='word_1_350' title='bbox 556 3160 683 3201; x_wconf 84' lang='lat' dir='ltr'>negavit</span> <span class='ocrx_word' id='word_1_351' title='bbox 706 3160 837 3194; x_wconf 83' lang='lat' dir='ltr'>interire</span> <span class='ocrx_word' id='word_1_352' title='bbox 860 3162 1017 3195; x_wconf 88' lang='lat' dir='ltr'>mundum</span> <span class='ocrx_word' id='word_1_353' title='bbox 1029 3173 1039 3203; x_wconf 91' lang='lat'>;</span> <span class='ocrx_word' id='word_1_354' title='bbox 1059 3164 1105 3195; x_wconf 89' lang='lat' dir='ltr'>sic</span> <span class='ocrx_word' id='word_1_355' title='bbox 1125 3164 1211 3196; x_wconf 86' lang='lat' dir='ltr'>enim</span> <span class='ocrx_word' id='word_1_356' title='bbox 1229 3164 1283 3196; x_wconf 74' lang='lat' dir='ltr'>ait·</span> <span class='ocrx_word' id='word_1_357' title='bbox 1300 3164 1382 3197; x_wconf 87' lang='lat' dir='ltr'>libro</span> 
     </span>
     <span class='ocr_line' id='line_1_48' title="bbox 333 3220 584 3254; baseline 0.008 -2"><span class='ocrx_word' id='word_1_358' title='bbox 333 3221 372 3253; x_wconf 87' lang='lat' dir='ltr'>de</span> <span class='ocrx_word' id='word_1_359' title='bbox 389 3220 554 3253; x_wconf 87' lang='lat' dir='ltr'>harmonia</span> <span class='ocrx_word' id='word_1_360' title='bbox 575 3234 584 3254; x_wconf 67' lang='grc' dir='ltr'>ε</span> 
     </span>
    </p>

    <p class='ocr_par' dir='ltr' id='par_1_8' title="bbox 337 3281 1384 3444">
     <span class='ocr_line' id='line_1_49' title="bbox 376 3281 1383 3324; baseline 0.005 -11"><span class='ocrx_word' id='word_1_361' title='bbox 376 3281 538 3318; x_wconf 88' lang='lat' dir='ltr'>Quoniam</span> <span class='ocrx_word' id='word_1_362' title='bbox 556 3285 666 3314; x_wconf 90' lang='lat' dir='ltr'>autem</span> <span class='ocrx_word' id='word_1_363' title='bbox 683 3281 875 3324; x_wconf 81' lang='lat' dir='ltr'>principium</span> <span class='ocrx_word' id='word_1_364' title='bbox 886 3306 895 3322; x_wconf 92' lang='lat'>,</span> <span class='ocrx_word' id='word_1_365' title='bbox 911 3284 947 3315; x_wconf 91' lang='lat' dir='ltr'>ut</span> <span class='ocrx_word' id='word_1_366' title='bbox 964 3283 1174 3324; x_wconf 89' lang='lat' dir='ltr'>principium,</span> <span class='ocrx_word' id='word_1_367' title='bbox 1190 3286 1265 3317; x_wconf 89' lang='lat' dir='ltr'>ante</span> <span class='ocrx_word' id='word_1_368' title='bbox 1278 3286 1383 3318; x_wconf 89' lang='lat' dir='ltr'>omnia</span> 
     </span>
     <span class='ocr_line' id='line_1_50' title="bbox 338 3341 1383 3385; baseline 0.006 -14"><span class='ocrx_word' id='word_1_369' title='bbox 338 3341 386 3371; x_wconf 74' lang='lat' dir='ltr'>est</span> <span class='ocrx_word' id='word_1_370' title='bbox 412 3343 444 3372; x_wconf 89' lang='lat' dir='ltr'>et</span> <span class='ocrx_word' id='word_1_371' title='bbox 465 3342 537 3373; x_wconf 88' lang='lat' dir='ltr'>ortu</span> <span class='ocrx_word' id='word_1_372' title='bbox 563 3350 672 3374; x_wconf 84' lang='lat' dir='ltr'>carens</span> <span class='ocrx_word' id='word_1_373' title='bbox 691 3350 728 3373; x_wconf 89' lang='lat' dir='ltr'>ac</span> <span class='ocrx_word' id='word_1_374' title='bbox 748 3341 937 3383; x_wconf 82' lang='lat' dir='ltr'>perrectum,</span> <span class='ocrx_word' id='word_1_375' title='bbox 955 3342 966 3383; x_wconf 97' lang='lat'>(</span> <span class='ocrx_word' id='word_1_376' title='bbox 984 3351 1057 3374; x_wconf 88' lang='lat' dir='ltr'>nam</span> <span class='ocrx_word' id='word_1_377' title='bbox 1078 3352 1137 3375; x_wconf 83' lang='lat' dir='ltr'>nec</span> <span class='ocrx_word' id='word_1_378' title='bbox 1155 3343 1183 3375; x_wconf 81' lang='lat' dir='ltr'>si</span> <span class='ocrx_word' id='word_1_379' title='bbox 1202 3346 1277 3385; x_wconf 90' lang='lat' dir='ltr'>post</span> <span class='ocrx_word' id='word_1_380' title='bbox 1298 3345 1383 3377; x_wconf 86' lang='lat' dir='ltr'>aliud</span> 
     </span>
     <span class='ocr_line' id='line_1_51' title="bbox 337 3401 1384 3444; baseline 0.005 -13"><span class='ocrx_word' id='word_1_381' title='bbox 337 3402 539 3439; x_wconf 82' lang='lat' dir='ltr'>sequeretur,</span> <span class='ocrx_word' id='word_1_382' title='bbox 560 3402 634 3433; x_wconf 88' lang='lat' dir='ltr'>ante</span> <span class='ocrx_word' id='word_1_383' title='bbox 652 3401 760 3433; x_wconf 89' lang='lat' dir='ltr'>omnia</span> <span class='ocrx_word' id='word_1_384' title='bbox 787 3401 885 3442; x_wconf 80' lang='lat' dir='ltr'>soret,</span> <span class='ocrx_word' id='word_1_385' title='bbox 907 3410 1013 3442; x_wconf 90' lang='lat' dir='ltr'>neque</span> <span class='ocrx_word' id='word_1_386' title='bbox 1039 3410 1183 3443; x_wconf 89' lang='lat' dir='ltr'>unquam</span> <span class='ocrx_word' id='word_1_387' title='bbox 1209 3403 1250 3435; x_wconf 89' lang='lat' dir='ltr'>ab</span> <span class='ocrx_word' id='word_1_388' title='bbox 1277 3404 1384 3444; x_wconf 89' lang='lat' dir='ltr'>aliquo</span> 
     </span>
    </p>
   </div>
   <div class='ocr_carea' id='block_1_8' title="bbox 1450 370 2493 553">
    <p class='ocr_par' dir='ltr' id='par_1_9' title="bbox 1450 370 2493 553">
     <span class='ocr_line' id='line_1_52' title="bbox 1450 370 2491 436; baseline 0.001 -15"><span class='ocrx_word' id='word_1_389' title='bbox 1450 382 1591 428; x_wconf 83' lang='grc' dir='ltr'>ζέουσα.</span> <span class='ocrx_word' id='word_1_390' title='bbox 1612 382 1629 406; x_wconf 72' lang='lat'><em>¹</em></span> <span class='ocrx_word' id='word_1_391' title='bbox 1643 382 1795 435; x_wconf 84' lang='grc' dir='ltr'>συννόῳ;</span> <span class='ocrx_word' id='word_1_392' title='bbox 1817 370 2047 421; x_wconf 58' lang='lat' dir='ltr'>membranae</span> <span class='ocrx_word' id='word_1_393' title='bbox 2065 382 2215 436; x_wconf 84' lang='grc' dir='ltr'>συνόλῳ.</span> <span class='ocrx_word' id='word_1_394' title='bbox 2237 381 2246 406; x_wconf 84' lang='lat'>¹</span> <span class='ocrx_word' id='word_1_395' title='bbox 2265 382 2313 421; x_wconf 89' lang='lat' dir='ltr'>de</span> <span class='ocrx_word' id='word_1_396' title='bbox 2334 382 2408 422; x_wconf 79' lang='lat' dir='ltr'>hoc</span> <span class='ocrx_word' id='word_1_397' title='bbox 2433 395 2491 433; x_wconf 79' lang='lat' dir='ltr'>ge·</span> 
     </span>
     <span class='ocr_line' id='line_1_53' title="bbox 1452 441 2493 493; baseline 0 -13"><span class='ocrx_word' id='word_1_398' title='bbox 1452 443 1577 481; x_wconf 89' lang='lat' dir='ltr'>nitivo</span> <span class='ocrx_word' id='word_1_399' title='bbox 1600 442 1689 481; x_wconf 88' lang='lat' dir='ltr'>vide</span> <span class='ocrx_word' id='word_1_400' title='bbox 1709 455 1796 493; x_wconf 82' lang='lat' dir='ltr'>quae</span> <span class='ocrx_word' id='word_1_401' title='bbox 1826 442 1909 481; x_wconf 84' lang='lat' dir='ltr'>dixi</span> <span class='ocrx_word' id='word_1_402' title='bbox 1942 442 1990 480; x_wconf 90' lang='lat' dir='ltr'>ad</span> <span class='ocrx_word' id='word_1_403' title='bbox 2017 441 2194 481; x_wconf 85' lang='lat' dir='ltr'>Timonis</span> <span class='ocrx_word' id='word_1_404' title='bbox 2218 455 2273 481; x_wconf 91' lang='lat' dir='ltr'>vs.</span> <span class='ocrx_word' id='word_1_405' title='bbox 2303 444 2351 480; x_wconf 84' lang='lat'>26</span> <span class='ocrx_word' id='word_1_406' title='bbox 2381 450 2420 481; x_wconf 90' lang='lat' dir='ltr'>et</span> <span class='ocrx_word' id='word_1_407' title='bbox 2446 441 2493 480; x_wconf 86' lang='lat' dir='ltr'>ad</span> 
     </span>
     <span class='ocr_line' id='line_1_54' title="bbox 1451 499 1820 553; baseline 0.003 -13"><span class='ocrx_word' id='word_1_408' title='bbox 1451 501 1614 553; x_wconf 89' lang='lat' dir='ltr'>Emped.</span> <span class='ocrx_word' id='word_1_409' title='bbox 1632 514 1694 541; x_wconf 86' lang='lat' dir='ltr'>vs.</span> <span class='ocrx_word' id='word_1_410' title='bbox 1715 499 1820 553; x_wconf 88' lang='lat'>179.)</span> 
     </span>
    </p>
   </div>
   <div class='ocr_carea' id='block_1_9' title="bbox 1543 591 2388 631">
    <p class='ocr_par' dir='ltr' id='par_1_10' title="bbox 1543 591 2388 631">
     <span class='ocr_line' id='line_1_55' title="bbox 1543 591 2388 631; baseline -0.001 0"><span class='ocrx_word' id='word_1_411' title='bbox 1543 591 1891 631; x_wconf 81' lang='grc' dir='ltr'><strong>ΑΡΙΣΤΑΙΩΝΟΣ</strong></span> <span class='ocrx_word' id='word_1_412' title='bbox 1919 591 2388 631; x_wconf 81' lang='grc' dir='ltr'>ΑΠΟΣΠΑΣΜΑἸἸΟΝ.</span> 
     </span>
    </p>
   </div>
   <div class='ocr_carea' id='block_1_10' title="bbox 1442 678 2497 1855">
    <p class='ocr_par' dir='ltr' id='par_1_11' title="bbox 1449 678 2497 795">
     <span class='ocr_line' id='line_1_56' title="bbox 1503 678 2497 736; baseline 0 -14"><span class='ocrx_word' id='word_1_413' title='bbox 1503 681 1707 736; x_wconf 81' lang='grc' dir='ltr'>Ἀρισταίων</span> <span class='ocrx_word' id='word_1_414' title='bbox 1730 682 1856 736; x_wconf 80' lang='grc' dir='ltr'>ἔφησεν</span> <span class='ocrx_word' id='word_1_415' title='bbox 1878 682 2053 736; x_wconf 79' lang='grc' dir='ltr'>ἄφθαρτον</span> <span class='ocrx_word' id='word_1_416' title='bbox 2079 678 2165 723; x_wconf 78' lang='grc' dir='ltr'>εἶναι</span> <span class='ocrx_word' id='word_1_417' title='bbox 2185 683 2243 722; x_wconf 75' lang='grc' dir='ltr'>τὸν</span> <span class='ocrx_word' id='word_1_418' title='bbox 2268 683 2418 734; x_wconf 81' lang='grc' dir='ltr'>κόσμον·</span> <span class='ocrx_word' id='word_1_419' title='bbox 2440 683 2497 723; x_wconf 81' lang='grc' dir='ltr'>λε’-</span> 
     </span>
     <span class='ocr_line' id='line_1_57' title="bbox 1449 742 2160 795; baseline 0.003 -16"><span class='ocrx_word' id='word_1_420' title='bbox 1449 756 1504 793; x_wconf 88' lang='grc' dir='ltr'>γει</span> <span class='ocrx_word' id='word_1_421' title='bbox 1521 745 1603 793; x_wconf 81' lang='grc' dir='ltr'>γοῦν</span> <span class='ocrx_word' id='word_1_422' title='bbox 1628 743 1664 780; x_wconf 80' lang='grc' dir='ltr'>ἐν</span> <span class='ocrx_word' id='word_1_423' title='bbox 1677 744 1727 795; x_wconf 85' lang='grc' dir='ltr'>τῷ</span> <span class='ocrx_word' id='word_1_424' title='bbox 1747 742 1828 795; x_wconf 84' lang='grc' dir='ltr'>περὶ</span> <span class='ocrx_word' id='word_1_425' title='bbox 1846 742 2016 794; x_wconf 80' lang='grc' dir='ltr'>ἁρμονίας</span> <span class='ocrx_word' id='word_1_426' title='bbox 2037 742 2160 787; x_wconf 78' lang='grc' dir='ltr'>οὕτως·</span> 
     </span>
    </p>

    <p class='ocr_par' dir='ltr' id='par_1_12' title="bbox 1442 799 2497 1855">
     <span class='ocr_line' id='line_1_58' title="bbox 1501 799 2497 855; baseline 0.003 -18"><span class='ocrx_word' id='word_1_427' title='bbox 1501 799 1605 838; x_wconf 82' lang='grc' dir='ltr'>Ἐπεὶ</span> <span class='ocrx_word' id='word_1_428' title='bbox 1625 799 1661 838; x_wconf 82' lang='grc' dir='ltr'>δὲ</span> <span class='ocrx_word' id='word_1_429' title='bbox 1681 801 1776 853; x_wconf 68' lang='grc' dir='ltr'>ἀρχαί</span> <span class='ocrx_word' id='word_1_430' title='bbox 1789 831 1800 852; x_wconf 85' lang='lat'>,</span> <span class='ocrx_word' id='word_1_431' title='bbox 1814 799 1877 839; x_wconf 83' lang='grc' dir='ltr'>ἅτε</span> <span class='ocrx_word' id='word_1_432' title='bbox 1898 800 1941 847; x_wconf 84' lang='grc' dir='ltr'>δὴ</span> <span class='ocrx_word' id='word_1_433' title='bbox 1967 803 2055 840; x_wconf 82' lang='grc' dir='ltr'>ἐᾶσαι</span> <span class='ocrx_word' id='word_1_434' title='bbox 2069 802 2163 855; x_wconf 83' lang='grc' dir='ltr'>ἀρχά</span> <span class='ocrx_word' id='word_1_435' title='bbox 2177 833 2187 848; x_wconf 89' lang='grc'>,</span> <span class='ocrx_word' id='word_1_436' title='bbox 2215 801 2284 854; x_wconf 85' lang='grc' dir='ltr'>πρὸ</span> <span class='ocrx_word' id='word_1_437' title='bbox 2306 801 2435 846; x_wconf 83' lang='grc' dir='ltr'>παντός</span> <span class='ocrx_word' id='word_1_438' title='bbox 2457 800 2497 840; x_wconf 81' lang='grc' dir='ltr'>τέ</span> 
     </span>
     <span class='ocr_line' id='line_1_59' title="bbox 1449 856 2496 914; baseline 0.003 -18"><span class='ocrx_word' id='word_1_439' title='bbox 1449 859 1523 896; x_wconf 82' lang='grc' dir='ltr'>ἐστι</span> <span class='ocrx_word' id='word_1_440' title='bbox 1541 858 1602 897; x_wconf 80' lang='grc' dir='ltr'>καὶ</span> <span class='ocrx_word' id='word_1_441' title='bbox 1622 856 1809 910; x_wconf 78' lang='grc' dir='ltr'>ἀγέννατος</span> <span class='ocrx_word' id='word_1_442' title='bbox 1826 859 1886 898; x_wconf 89' lang='grc' dir='ltr'>καὶ</span> <span class='ocrx_word' id='word_1_443' title='bbox 1902 860 2089 908; x_wconf 72' lang='grc' dir='ltr'>αὐτοτελής</span> <span class='ocrx_word' id='word_1_444' title='bbox 2103 892 2114 909; x_wconf 87' lang='grc'>,</span> <span class='ocrx_word' id='word_1_445' title='bbox 2137 858 2234 912; x_wconf 84' lang='grc' dir='ltr'>(οὔτε</span> <span class='ocrx_word' id='word_1_446' title='bbox 2250 859 2318 914; x_wconf 84' lang='grc' dir='ltr'>γὰρ</span> <span class='ocrx_word' id='word_1_447' title='bbox 2334 862 2370 899; x_wconf 87' lang='grc' dir='ltr'>αἷ</span> <span class='ocrx_word' id='word_1_448' title='bbox 2389 868 2405 886; x_wconf 75' lang='lat'>²¹</span> <span class='ocrx_word' id='word_1_449' title='bbox 2419 859 2496 911; x_wconf 80' lang='grc' dir='ltr'>μεθ’</span> 
     </span>
     <span class='ocr_line' id='line_1_60' title="bbox 1450 912 2496 972; baseline 0.005 -18"><span class='ocrx_word' id='word_1_450' title='bbox 1450 916 1572 969; x_wconf 85' lang='grc' dir='ltr'>ἅτερόν</span> <span class='ocrx_word' id='word_1_451' title='bbox 1595 933 1629 955; x_wconf 84' lang='grc' dir='ltr'>τι</span> <span class='ocrx_word' id='word_1_452' title='bbox 1646 912 1704 965; x_wconf 78' lang='grc' dir='ltr'>ἧς,</span> <span class='ocrx_word' id='word_1_453' title='bbox 1721 918 1874 971; x_wconf 80' lang='grc' dir='ltr'>ὑπάρχοι</span> <span class='ocrx_word' id='word_1_454' title='bbox 1897 933 1943 956; x_wconf 90' lang='grc' dir='ltr'>κα</span> <span class='ocrx_word' id='word_1_455' title='bbox 1960 917 2011 956; x_wconf 86' lang='grc' dir='ltr'>ἔτι</span> <span class='ocrx_word' id='word_1_456' title='bbox 2030 919 2099 972; x_wconf 86' lang='grc' dir='ltr'>πρὸ</span> <span class='ocrx_word' id='word_1_457' title='bbox 2121 919 2251 963; x_wconf 86' lang='grc' dir='ltr'>παντός</span> <span class='ocrx_word' id='word_1_458' title='bbox 2265 949 2276 969; x_wconf 89' lang='grc'>,</span> <span class='ocrx_word' id='word_1_459' title='bbox 2297 912 2376 958; x_wconf 72' lang='grc' dir='ltr'>οὗτε</span> <span class='ocrx_word' id='word_1_460' title='bbox 2396 934 2496 970; x_wconf 79' lang='grc' dir='ltr'>γενο-</span> 
     </span>
     <span class='ocr_line' id='line_1_61' title="bbox 1451 975 2496 1030; baseline 0.003 -16"><span class='ocrx_word' id='word_1_461' title='bbox 1451 977 1537 1027; x_wconf 89' lang='grc' dir='ltr'>μένα</span> <span class='ocrx_word' id='word_1_462' title='bbox 1559 977 1650 1014; x_wconf 79' lang='grc' dir='ltr'>ποκὰ</span> <span class='ocrx_word' id='word_1_463' title='bbox 1669 975 1709 1014; x_wconf 81' lang='grc' dir='ltr'>ἔκ</span> <span class='ocrx_word' id='word_1_464' title='bbox 1733 992 1824 1020; x_wconf 83' lang='grc' dir='ltr'>τινος</span> <span class='ocrx_word' id='word_1_465' title='bbox 1859 976 2045 1027; x_wconf 79' lang='grc' dir='ltr'>ἀγέννατός</span> <span class='ocrx_word' id='word_1_466' title='bbox 2076 993 2123 1016; x_wconf 84' lang='grc' dir='ltr'>κα</span> <span class='ocrx_word' id='word_1_467' title='bbox 2148 978 2202 1026; x_wconf 89' lang='grc' dir='ltr'>εἴη</span> <span class='ocrx_word' id='word_1_468' title='bbox 2226 979 2302 1030; x_wconf 79' lang='grc' dir='ltr'>ἔτι,</span> <span class='ocrx_word' id='word_1_469' title='bbox 2329 978 2406 1017; x_wconf 75' lang='grc' dir='ltr'>οὐδὲ</span> <span class='ocrx_word' id='word_1_470' title='bbox 2427 977 2496 1028; x_wconf 75' lang='grc' dir='ltr'>μὰν</span> 
     </span>
     <span class='ocr_line' id='line_1_62' title="bbox 1448 1034 2496 1090; baseline 0.003 -17"><span class='ocrx_word' id='word_1_471' title='bbox 1448 1034 1541 1087; x_wconf 83' lang='grc' dir='ltr'>ἀρχά</span> <span class='ocrx_word' id='word_1_472' title='bbox 1560 1050 1598 1073; x_wconf 87' lang='grc' dir='ltr'>τε</span> <span class='ocrx_word' id='word_1_473' title='bbox 1619 1035 1678 1074; x_wconf 87' lang='grc' dir='ltr'>καὶ</span> <span class='ocrx_word' id='word_1_474' title='bbox 1693 1035 1787 1073; x_wconf 79' lang='grc' dir='ltr'>αἰτία</span> <span class='ocrx_word' id='word_1_475' title='bbox 1801 1037 1869 1073; x_wconf 85' lang='grc' dir='ltr'>τῶν</span> <span class='ocrx_word' id='word_1_476' title='bbox 1887 1036 2103 1086; x_wconf 85' lang='grc' dir='ltr'>γενομένων,</span> <span class='ocrx_word' id='word_1_477' title='bbox 2118 1036 2196 1075; x_wconf 81' lang='grc' dir='ltr'>οὔτε</span> <span class='ocrx_word' id='word_1_478' title='bbox 2209 1037 2276 1089; x_wconf 83' lang='grc' dir='ltr'>γὰρ</span> <span class='ocrx_word' id='word_1_479' title='bbox 2294 1037 2496 1090; x_wconf 77' lang='grc' dir='ltr'>αὐτοτελής,</span> 
     </span>
     <span class='ocr_line' id='line_1_63' title="bbox 1448 1093 2496 1146; baseline 0.004 -15"><span class='ocrx_word' id='word_1_480' title='bbox 1448 1093 1564 1146; x_wconf 87' lang='grc' dir='ltr'>ἇτέρω</span> <span class='ocrx_word' id='word_1_481' title='bbox 1595 1095 1662 1145; x_wconf 84' lang='grc' dir='ltr'>γάρ</span> <span class='ocrx_word' id='word_1_482' title='bbox 1682 1109 1773 1138; x_wconf 87' lang='grc' dir='ltr'>τινος</span> <span class='ocrx_word' id='word_1_483' title='bbox 1791 1094 2082 1141; x_wconf 81' lang='grc' dir='ltr'>ποτιδεηθήσεται</span> <span class='ocrx_word' id='word_1_484' title='bbox 2108 1099 2158 1135; x_wconf 85' lang='grc' dir='ltr'>τῶ</span> <span class='ocrx_word' id='word_1_485' title='bbox 2190 1095 2362 1140; x_wconf 79' lang='grc' dir='ltr'>σώσοντας</span> <span class='ocrx_word' id='word_1_486' title='bbox 2387 1095 2496 1135; x_wconf 73' lang='grc' dir='ltr'>αὐτὰν</span> 
     </span>
     <span class='ocr_line' id='line_1_64' title="bbox 1446 1152 2495 1209; baseline 0.004 -18"><span class='ocrx_word' id='word_1_487' title='bbox 1446 1152 1506 1191; x_wconf 82' lang='grc' dir='ltr'>καὶ</span> <span class='ocrx_word' id='word_1_488' title='bbox 1523 1154 1760 1204; x_wconf 83' lang='grc' dir='ltr'>κινάσοντος,)</span> <span class='ocrx_word' id='word_1_489' title='bbox 1781 1154 1883 1200; x_wconf 79' lang='grc' dir='ltr'>δῆλον</span> <span class='ocrx_word' id='word_1_490' title='bbox 1905 1154 1946 1201; x_wconf 83' lang='grc' dir='ltr'>δὴ</span> <span class='ocrx_word' id='word_1_491' title='bbox 1967 1156 2014 1198; x_wconf 81' lang='grc' dir='ltr'>ὡς</span> <span class='ocrx_word' id='word_1_492' title='bbox 2034 1154 2123 1192; x_wconf 83' lang='grc' dir='ltr'>αὐτὰ</span> <span class='ocrx_word' id='word_1_493' title='bbox 2142 1155 2219 1195; x_wconf 67' lang='grc' dir='ltr'>καθ’</span> <span class='ocrx_word' id='word_1_494' title='bbox 2236 1154 2344 1194; x_wconf 82' lang='grc' dir='ltr'>αὓτὰν</span> <span class='ocrx_word' id='word_1_495' title='bbox 2361 1155 2384 1193; x_wconf 78' lang='grc' dir='ltr'><strong><em>ἃ</em></strong></span> <span class='ocrx_word' id='word_1_496' title='bbox 2401 1155 2495 1209; x_wconf 77' lang='grc' dir='ltr'>ἀρχὰ</span> 
     </span>
     <span class='ocr_line' id='line_1_65' title="bbox 1448 1209 2495 1265; baseline 0.004 -16"><span class='ocrx_word' id='word_1_497' title='bbox 1448 1211 1633 1263; x_wconf 85' lang='grc' dir='ltr'>ἀγέννατός</span> <span class='ocrx_word' id='word_1_498' title='bbox 1653 1210 1694 1250; x_wconf 80' lang='grc' dir='ltr'>τέ</span> <span class='ocrx_word' id='word_1_499' title='bbox 1709 1213 1783 1250; x_wconf 87' lang='grc' dir='ltr'>ἐστι</span> <span class='ocrx_word' id='word_1_500' title='bbox 1802 1212 1862 1250; x_wconf 79' lang='grc' dir='ltr'>καὶ</span> <span class='ocrx_word' id='word_1_501' title='bbox 1883 1209 1990 1256; x_wconf 78' lang='grc' dir='ltr'>ἀΐδιος</span> <span class='ocrx_word' id='word_1_502' title='bbox 2012 1213 2072 1251; x_wconf 81' lang='grc' dir='ltr'>καὶ</span> <span class='ocrx_word' id='word_1_503' title='bbox 2090 1213 2186 1252; x_wconf 81' lang='grc' dir='ltr'>αἰτία</span> <span class='ocrx_word' id='word_1_504' title='bbox 2206 1213 2358 1265; x_wconf 85' lang='grc' dir='ltr'>γενέσιός</span> <span class='ocrx_word' id='word_1_505' title='bbox 2376 1230 2414 1253; x_wconf 85' lang='grc' dir='ltr'>τε</span> <span class='ocrx_word' id='word_1_506' title='bbox 2435 1213 2495 1253; x_wconf 73' lang='grc' dir='ltr'>καὶ</span> 
     </span>
     <span class='ocr_line' id='line_1_66' title="bbox 1445 1270 2496 1326; baseline 0.003 -17"><span class='ocrx_word' id='word_1_507' title='bbox 1445 1270 1613 1315; x_wconf 84' lang='grc' dir='ltr'>κινᾶσιος.</span> <span class='ocrx_word' id='word_1_508' title='bbox 1673 1270 1846 1310; x_wconf 90' lang='grc' dir='ltr'>Κινέουσα</span> <span class='ocrx_word' id='word_1_509' title='bbox 1876 1271 1913 1310; x_wconf 87' lang='grc' dir='ltr'>δὲ</span> <span class='ocrx_word' id='word_1_510' title='bbox 1941 1271 2056 1310; x_wconf 84' lang='grc' dir='ltr'>πάντα</span> <span class='ocrx_word' id='word_1_511' title='bbox 2086 1272 2177 1311; x_wconf 75' lang='grc' dir='ltr'>αὐτὰ</span> <span class='ocrx_word' id='word_1_512' title='bbox 2201 1274 2236 1318; x_wconf 81' lang='grc' dir='ltr'>ἐξ</span> <span class='ocrx_word' id='word_1_513' title='bbox 2265 1275 2371 1317; x_wconf 76' lang='grc' dir='ltr'>αὑτᾶς</span> <span class='ocrx_word' id='word_1_514' title='bbox 2395 1272 2496 1326; x_wconf 75' lang='grc' dir='ltr'>φύσις</span> 
     </span>
     <span class='ocr_line' id='line_1_67' title="bbox 1446 1328 2494 1384; baseline 0.002 -15"><span class='ocrx_word' id='word_1_515' title='bbox 1446 1331 1542 1379; x_wconf 82' lang='grc' dir='ltr'>ἐστί,</span> <span class='ocrx_word' id='word_1_516' title='bbox 1559 1330 1620 1369; x_wconf 75' lang='grc' dir='ltr'>καὶ</span> <span class='ocrx_word' id='word_1_517' title='bbox 1639 1331 1826 1370; x_wconf 83' lang='grc' dir='ltr'>αὖτοτελέα</span> <span class='ocrx_word' id='word_1_518' title='bbox 1846 1331 2073 1384; x_wconf 85' lang='grc' dir='ltr'>παρεχομένη</span> <span class='ocrx_word' id='word_1_519' title='bbox 2093 1328 2208 1372; x_wconf 70' lang='grc' dir='ltr'>τᾶλλα</span> <span class='ocrx_word' id='word_1_520' title='bbox 2227 1331 2319 1370; x_wconf 78' lang='grc' dir='ltr'>αὐτὰ</span> <span class='ocrx_word' id='word_1_521' title='bbox 2334 1333 2369 1377; x_wconf 81' lang='grc' dir='ltr'>ἐξ</span> <span class='ocrx_word' id='word_1_522' title='bbox 2387 1335 2494 1375; x_wconf 74' lang='grc' dir='ltr'>αὑτᾶς</span> 
     </span>
     <span class='ocr_line' id='line_1_68' title="bbox 1446 1389 2496 1443; baseline 0 -15"><span class='ocrx_word' id='word_1_523' title='bbox 1446 1390 1634 1438; x_wconf 81' lang='grc' dir='ltr'>αὐτοτελής</span> <span class='ocrx_word' id='word_1_524' title='bbox 1655 1391 1746 1430; x_wconf 80' lang='grc' dir='ltr'>ἐστι.</span> <span class='ocrx_word' id='word_1_525' title='bbox 1805 1389 1950 1436; x_wconf 85' lang='grc' dir='ltr'>Εἷκόνες</span> <span class='ocrx_word' id='word_1_526' title='bbox 1969 1390 2005 1430; x_wconf 81' lang='grc' dir='ltr'>δὲ</span> <span class='ocrx_word' id='word_1_527' title='bbox 2026 1391 2087 1429; x_wconf 77' lang='grc' dir='ltr'>καὶ</span> <span class='ocrx_word' id='word_1_528' title='bbox 2106 1389 2288 1442; x_wconf 68' lang='grc' dir='ltr'>ὁμοιώσεες</span> <span class='ocrx_word' id='word_1_529' title='bbox 2304 1396 2366 1435; x_wconf 76' lang='grc' dir='ltr'>τᾶς</span> <span class='ocrx_word' id='word_1_530' title='bbox 2385 1392 2496 1443; x_wconf 79' lang='grc' dir='ltr'>ἀρχᾶς</span> 
     </span>
     <span class='ocr_line' id='line_1_69' title="bbox 1445 1447 2495 1502; baseline 0.001 -16"><span class='ocrx_word' id='word_1_531' title='bbox 1445 1448 1575 1493; x_wconf 82' lang='grc' dir='ltr'>ταύτας</span> <span class='ocrx_word' id='word_1_532' title='bbox 1596 1449 1657 1488; x_wconf 87' lang='grc' dir='ltr'>καὶ</span> <span class='ocrx_word' id='word_1_533' title='bbox 1677 1451 1711 1488; x_wconf 77' lang='grc' dir='ltr'>ἐν</span> <span class='ocrx_word' id='word_1_534' title='bbox 1735 1455 1806 1494; x_wconf 86' lang='grc' dir='ltr'>τοῖς</span> <span class='ocrx_word' id='word_1_535' title='bbox 1825 1450 1908 1502; x_wconf 84' lang='grc' dir='ltr'>φύσι</span> <span class='ocrx_word' id='word_1_536' title='bbox 1931 1449 2124 1501; x_wconf 84' lang='grc' dir='ltr'>γινομένοις</span> <span class='ocrx_word' id='word_1_537' title='bbox 2137 1479 2149 1500; x_wconf 86' lang='lat'>‚</span> <span class='ocrx_word' id='word_1_538' title='bbox 2168 1447 2230 1488; x_wconf 78' lang='grc' dir='ltr'>καὶ</span> <span class='ocrx_word' id='word_1_539' title='bbox 2256 1450 2293 1488; x_wconf 81' lang='grc' dir='ltr'>ἐν</span> <span class='ocrx_word' id='word_1_540' title='bbox 2311 1451 2383 1493; x_wconf 82' lang='grc' dir='ltr'>τοῖς</span> <span class='ocrx_word' id='word_1_541' title='bbox 2402 1448 2495 1487; x_wconf 64' lang='grc' dir='ltr'>κατὰ</span> 
     </span>
     <span class='ocr_line' id='line_1_70' title="bbox 1443 1507 2494 1561; baseline -0.001 -14"><span class='ocrx_word' id='word_1_542' title='bbox 1443 1507 1585 1561; x_wconf 86' lang='grc' dir='ltr'>τέχναν.</span> <span class='ocrx_word' id='word_1_543' title='bbox 1643 1507 1748 1547; x_wconf 78' lang='grc' dir='ltr'>Ἐπεὶ</span> <span class='ocrx_word' id='word_1_544' title='bbox 1768 1508 1803 1548; x_wconf 80' lang='grc' dir='ltr'>δὲ</span> <span class='ocrx_word' id='word_1_545' title='bbox 1825 1510 1862 1547; x_wconf 85' lang='grc' dir='ltr'>τὸ</span> <span class='ocrx_word' id='word_1_546' title='bbox 1883 1508 2053 1547; x_wconf 81' lang='grc' dir='ltr'>ἀθάνατον</span> <span class='ocrx_word' id='word_1_547' title='bbox 2077 1508 2117 1548; x_wconf 83' lang='grc' dir='ltr'>τὸ</span> <span class='ocrx_word' id='word_1_548' title='bbox 2137 1509 2340 1559; x_wconf 79' lang='grc' dir='ltr'>ἀκάματον,</span> <span class='ocrx_word' id='word_1_549' title='bbox 2362 1508 2379 1560; x_wconf 91' lang='grc'>[</span> <span class='ocrx_word' id='word_1_550' title='bbox 2397 1507 2438 1546; x_wconf 84' lang='grc' dir='ltr'>τὸ</span> <span class='ocrx_word' id='word_1_551' title='bbox 2457 1507 2494 1546; x_wconf 79' lang='grc' dir='ltr'>δὲ</span> 
     </span>
     <span class='ocr_line' id='line_1_71' title="bbox 1444 1566 2493 1621; baseline -0.001 -16"><span class='ocrx_word' id='word_1_552' title='bbox 1444 1567 1626 1617; x_wconf 80' lang='grc' dir='ltr'>ἀκάματον</span> <span class='ocrx_word' id='word_1_553' title='bbox 1648 1566 1688 1605; x_wconf 79' lang='grc' dir='ltr'>τὸ</span> <span class='ocrx_word' id='word_1_554' title='bbox 1710 1566 1759 1618; x_wconf 83' lang='grc' dir='ltr'>μὴ</span> <span class='ocrx_word' id='word_1_555' title='bbox 1779 1567 1960 1621; x_wconf 75' lang='grc' dir='ltr'>κάμνον],</span> <span class='ocrx_word' id='word_1_556' title='bbox 1983 1570 2001 1605; x_wconf 85' lang='grc' dir='ltr'>ὁ</span> <span class='ocrx_word' id='word_1_557' title='bbox 2031 1567 2067 1605; x_wconf 86' lang='grc' dir='ltr'>δὲ</span> <span class='ocrx_word' id='word_1_558' title='bbox 2087 1566 2162 1610; x_wconf 80' lang='grc' dir='ltr'>Θεὸς</span> <span class='ocrx_word' id='word_1_559' title='bbox 2181 1570 2352 1614; x_wconf 78' lang='grc' dir='ltr'>τοιοῦτος,</span> <span class='ocrx_word' id='word_1_560' title='bbox 2370 1566 2493 1605; x_wconf 84' lang='grc' dir='ltr'>κινέων</span> 
     </span>
     <span class='ocr_line' id='line_1_72' title="bbox 1442 1621 2495 1679; baseline 0.001 -16"><span class='ocrx_word' id='word_1_561' title='bbox 1442 1640 1480 1663; x_wconf 85' lang='grc' dir='ltr'>τε</span> <span class='ocrx_word' id='word_1_562' title='bbox 1507 1625 1546 1663; x_wconf 87' lang='grc' dir='ltr'>τὸ</span> <span class='ocrx_word' id='word_1_563' title='bbox 1571 1624 1650 1664; x_wconf 78' lang='grc' dir='ltr'>ὅλον</span> <span class='ocrx_word' id='word_1_564' title='bbox 1676 1626 1735 1664; x_wconf 84' lang='grc' dir='ltr'>καὶ</span> <span class='ocrx_word' id='word_1_565' title='bbox 1761 1625 1801 1664; x_wconf 83' lang='grc' dir='ltr'>τὸ</span> <span class='ocrx_word' id='word_1_566' title='bbox 1827 1631 1924 1674; x_wconf 85' lang='grc' dir='ltr'>πᾶν,</span> <span class='ocrx_word' id='word_1_567' title='bbox 1946 1624 2092 1679; x_wconf 81' lang='grc' dir='ltr'>φανερὸν</span> <span class='ocrx_word' id='word_1_568' title='bbox 2118 1627 2166 1670; x_wconf 84' lang='grc' dir='ltr'>ὡς</span> <span class='ocrx_word' id='word_1_569' title='bbox 2196 1621 2304 1668; x_wconf 71' lang='grc' dir='ltr'>ἀίδιός</span> <span class='ocrx_word' id='word_1_570' title='bbox 2328 1640 2373 1663; x_wconf 83' lang='grc' dir='ltr'>κα</span> <span class='ocrx_word' id='word_1_571' title='bbox 2398 1624 2452 1673; x_wconf 78' lang='grc' dir='ltr'>εἴη</span> <span class='ocrx_word' id='word_1_572' title='bbox 2475 1628 2495 1664; x_wconf 82' lang='grc' dir='ltr'><strong>ὃ</strong></span> 
     </span>
     <span class='ocr_line' id='line_1_73' title="bbox 1442 1681 2496 1737; baseline 0 -15"><span class='ocrx_word' id='word_1_573' title='bbox 1442 1683 1586 1734; x_wconf 87' lang='grc' dir='ltr'>κόσμος.</span> <span class='ocrx_word' id='word_1_574' title='bbox 1645 1687 1691 1724; x_wconf 86' lang='grc' dir='ltr'>Αἰ</span> <span class='ocrx_word' id='word_1_575' title='bbox 1712 1684 1780 1736; x_wconf 84' lang='grc' dir='ltr'>γὰρ</span> <span class='ocrx_word' id='word_1_576' title='bbox 1799 1685 1913 1737; x_wconf 83' lang='grc' dir='ltr'>ἀρχὰν</span> <span class='ocrx_word' id='word_1_577' title='bbox 1928 1684 2080 1736; x_wconf 82' lang='grc' dir='ltr'>λήψεται</span> <span class='ocrx_word' id='word_1_578' title='bbox 2094 1682 2366 1734; x_wconf 77' lang='grc' dir='ltr'>διακοσμᾶσιος,</span> <span class='ocrx_word' id='word_1_579' title='bbox 2382 1681 2496 1735; x_wconf 79' lang='grc' dir='ltr'>ἔκαμὲ</span> 
     </span>
     <span class='ocr_line' id='line_1_74' title="bbox 1443 1741 2492 1793; baseline 0 -13"><span class='ocrx_word' id='word_1_580' title='bbox 1443 1758 1537 1781; x_wconf 85' lang='grc' dir='ltr'>ποκα</span> <span class='ocrx_word' id='word_1_581' title='bbox 1560 1742 1601 1782; x_wconf 85' lang='grc' dir='ltr'>τὸ</span> <span class='ocrx_word' id='word_1_582' title='bbox 1622 1743 1734 1781; x_wconf 86' lang='grc' dir='ltr'>κινέον</span> <span class='ocrx_word' id='word_1_583' title='bbox 1755 1742 1842 1782; x_wconf 85' lang='grc' dir='ltr'>αὐτὸ</span> <span class='ocrx_word' id='word_1_584' title='bbox 1861 1742 1922 1781; x_wconf 86' lang='grc' dir='ltr'>καὶ</span> <span class='ocrx_word' id='word_1_585' title='bbox 1950 1742 2169 1782; x_wconf 80' lang='grc' dir='ltr'>ἀνεπαύσατο</span> <span class='ocrx_word' id='word_1_586' title='bbox 2192 1741 2209 1766; x_wconf 70' lang='lat' dir='ltr'>b</span> <span class='ocrx_word' id='word_1_587' title='bbox 2229 1741 2492 1793; x_wconf 80' lang='grc' dir='ltr'>διακοσμάσιος.</span> 
     </span>
     <span class='ocr_line' id='line_1_75' title="bbox 1443 1801 2493 1855; baseline -0.002 -13"><span class='ocrx_word' id='word_1_588' title='bbox 1443 1803 1490 1842; x_wconf 89' lang='grc' dir='ltr'>Αἷ</span> <span class='ocrx_word' id='word_1_589' title='bbox 1515 1801 1553 1842; x_wconf 82' lang='grc' dir='ltr'>δέ</span> <span class='ocrx_word' id='word_1_590' title='bbox 1579 1818 1619 1854; x_wconf 89' lang='grc' dir='ltr'>γε</span> <span class='ocrx_word' id='word_1_591' title='bbox 1645 1804 1773 1855; x_wconf 82' lang='grc' dir='ltr'>κάμνοι</span> <span class='ocrx_word' id='word_1_592' title='bbox 1796 1803 1856 1842; x_wconf 85' lang='grc' dir='ltr'>καὶ</span> <span class='ocrx_word' id='word_1_593' title='bbox 1886 1803 2085 1854; x_wconf 83' lang='grc' dir='ltr'>ἀμπαύοιτο</span> <span class='ocrx_word' id='word_1_594' title='bbox 2110 1802 2149 1840; x_wconf 82' lang='grc' dir='ltr'>τὸ</span> <span class='ocrx_word' id='word_1_595' title='bbox 2181 1802 2312 1850; x_wconf 84' lang='grc' dir='ltr'>κινέον,</span> <span class='ocrx_word' id='word_1_596' title='bbox 2343 1801 2493 1854; x_wconf 76' lang='grc' dir='ltr'>φθαρτὸν</span> 
     </span>
    </p>
   </div>
   <div class='ocr_carea' id='block_1_11' title="bbox 1443 1860 2520 1915">
    <p class='ocr_par' dir='ltr' id='par_1_13' title="bbox 1443 1860 2520 1915">
     <span class='ocr_line' id='line_1_76' title="bbox 1443 1860 2520 1915; baseline -0.004 -15"><span class='ocrx_word' id='word_1_597' title='bbox 1443 1861 1503 1900; x_wconf 82' lang='grc' dir='ltr'>καὶ</span> <span class='ocrx_word' id='word_1_598' title='bbox 1521 1861 1684 1915; x_wconf 86' lang='grc' dir='ltr'>γεννατὸν</span> <span class='ocrx_word' id='word_1_599' title='bbox 1706 1860 1887 1915; x_wconf 77' lang='grc' dir='ltr'>ὑπάρχον,</span> <span class='ocrx_word' id='word_1_600' title='bbox 1904 1862 1965 1900; x_wconf 83' lang='grc' dir='ltr'>καὶ</span> <span class='ocrx_word' id='word_1_601' title='bbox 1985 1860 2072 1902; x_wconf 75' lang='grc' dir='ltr'>αὐτὸ</span> <span class='ocrx_word' id='word_1_602' title='bbox 2085 1860 2194 1914; x_wconf 77' lang='grc' dir='ltr'>πέρας</span> <span class='ocrx_word' id='word_1_603' title='bbox 2207 1860 2275 1906; x_wconf 81' lang='grc' dir='ltr'>ἑξεῖ</span> <span class='ocrx_word' id='word_1_604' title='bbox 2291 1866 2306 1884; x_wconf 75' lang='lat'><strong>⁰</strong></span> <span class='ocrx_word' id='word_1_605' title='bbox 2323 1861 2491 1908; x_wconf 78' lang='grc' dir='ltr'>κινάσιος,</span> <span class='ocrx_word' id='word_1_606' title='bbox 2512 1888 2520 1896; x_wconf 84' lang='lat'>.</span> 
     </span>
    </p>
   </div>
   <div class='ocr_carea' id='block_1_12' title="bbox 1441 1917 2494 2270">
    <p class='ocr_par' dir='ltr' id='par_1_14' title="bbox 1441 1917 2494 2270">
     <span class='ocr_line' id='line_1_77' title="bbox 1444 1917 2494 1971; baseline -0.002 -12"><span class='ocrx_word' id='word_1_607' title='bbox 1444 1922 1504 1960; x_wconf 79' lang='grc' dir='ltr'>καὶ</span> <span class='ocrx_word' id='word_1_608' title='bbox 1540 1921 1580 1960; x_wconf 86' lang='grc' dir='ltr'>τὸ</span> <span class='ocrx_word' id='word_1_609' title='bbox 1615 1922 1694 1960; x_wconf 82' lang='grc' dir='ltr'>ὅλον</span> <span class='ocrx_word' id='word_1_610' title='bbox 1729 1921 1764 1961; x_wconf 84' lang='grc' dir='ltr'>δὲ</span> <span class='ocrx_word' id='word_1_611' title='bbox 1803 1921 1865 1960; x_wconf 80' lang='grc' dir='ltr'>καὶ</span> <span class='ocrx_word' id='word_1_612' title='bbox 1896 1921 1936 1959; x_wconf 88' lang='grc' dir='ltr'>τὸ</span> <span class='ocrx_word' id='word_1_613' title='bbox 1967 1926 2038 1960; x_wconf 86' lang='grc' dir='ltr'>πᾶν</span> <span class='ocrx_word' id='word_1_614' title='bbox 2066 1920 2330 1971; x_wconf 78' lang='grc' dir='ltr'>διακοσμάσιος.</span> <span class='ocrx_word' id='word_1_615' title='bbox 2382 1917 2494 1959; x_wconf 66' lang='lat' dir='ltr'>‘ssot&#39;</span> 
     </span>
     <span class='ocr_line' id='line_1_78' title="bbox 1443 1977 2493 2032; baseline -0.001 -14"><span class='ocrx_word' id='word_1_616' title='bbox 1443 1979 1580 2032; x_wconf 82' lang='grc' dir='ltr'>ἀνάγκα</span> <span class='ocrx_word' id='word_1_617' title='bbox 1607 1980 1683 2027; x_wconf 85' lang='grc' dir='ltr'>ἤτοι</span> <span class='ocrx_word' id='word_1_618' title='bbox 1709 1981 1841 2031; x_wconf 84' lang='grc' dir='ltr'>γένεσιν</span> <span class='ocrx_word' id='word_1_619' title='bbox 1863 1980 2024 2032; x_wconf 83' lang='grc' dir='ltr'>ἀναιρέν,</span> <span class='ocrx_word' id='word_1_620' title='bbox 2043 1978 2066 2026; x_wconf 81' lang='grc' dir='ltr'>ἢ</span> <span class='ocrx_word' id='word_1_621' title='bbox 2093 1985 2216 2032; x_wconf 83' lang='grc' dir='ltr'>γεννᾶν</span> <span class='ocrx_word' id='word_1_622' title='bbox 2237 1981 2276 2019; x_wconf 81' lang='grc' dir='ltr'>ἐκ</span> <span class='ocrx_word' id='word_1_623' title='bbox 2292 1981 2343 2018; x_wconf 82' lang='grc' dir='ltr'>τῶ</span> <span class='ocrx_word' id='word_1_624' title='bbox 2362 1977 2412 2030; x_wconf 81' lang='grc' dir='ltr'>μὴ</span> <span class='ocrx_word' id='word_1_625' title='bbox 2435 1977 2493 2024; x_wconf 78' lang='grc' dir='ltr'>ὄν·-</span> 
     </span>
     <span class='ocr_line' id='line_1_79' title="bbox 1441 2036 2492 2090; baseline -0.002 -12"><span class='ocrx_word' id='word_1_626' title='bbox 1441 2055 1517 2088; x_wconf 87' lang='grc' dir='ltr'>τος,</span> <span class='ocrx_word' id='word_1_627' title='bbox 1539 2039 1561 2087; x_wconf 81' lang='grc' dir='ltr'>ἢ</span> <span class='ocrx_word' id='word_1_628' title='bbox 1583 2039 1681 2078; x_wconf 85' lang='grc' dir='ltr'>τόνδε</span> <span class='ocrx_word' id='word_1_629' title='bbox 1707 2039 1766 2078; x_wconf 81' lang='grc' dir='ltr'>τὸν</span> <span class='ocrx_word' id='word_1_630' title='bbox 1792 2039 1924 2090; x_wconf 80' lang='grc' dir='ltr'>κόσμον</span> <span class='ocrx_word' id='word_1_631' title='bbox 1949 2038 2178 2079; x_wconf 76' lang='grc' dir='ltr'>ὑπολείπεται</span> <span class='ocrx_word' id='word_1_632' title='bbox 2199 2036 2216 2062; x_wconf 82' lang='lat'>‘¹</span> <span class='ocrx_word' id='word_1_633' title='bbox 2238 2037 2410 2077; x_wconf 81' lang='grc' dir='ltr'>ἀθάνατον</span> <span class='ocrx_word' id='word_1_634' title='bbox 2428 2037 2492 2077; x_wconf 84' lang='grc' dir='ltr'>καὶ</span> 
     </span>
     <span class='ocr_line' id='line_1_80' title="bbox 1443 2091 2493 2151; baseline -0.002 -14"><span class='ocrx_word' id='word_1_635' title='bbox 1443 2099 1619 2151; x_wconf 78' lang='grc' dir='ltr'>ἀγήρατον</span> <span class='ocrx_word' id='word_1_636' title='bbox 1639 2091 1750 2149; x_wconf 66' lang='grc' dir='ltr'>εἶμεν.</span> <span class='ocrx_word' id='word_1_637' title='bbox 1809 2099 1956 2150; x_wconf 86' lang='grc' dir='ltr'>Λέγοιτο</span> <span class='ocrx_word' id='word_1_638' title='bbox 1984 2098 2022 2137; x_wconf 85' lang='grc' dir='ltr'>δέ</span> <span class='ocrx_word' id='word_1_639' title='bbox 2042 2114 2088 2137; x_wconf 87' lang='grc' dir='ltr'>κα</span> <span class='ocrx_word' id='word_1_640' title='bbox 2107 2096 2259 2150; x_wconf 81' lang='grc' dir='ltr'>ἁρμονία</span> <span class='ocrx_word' id='word_1_641' title='bbox 2279 2097 2420 2150; x_wconf 80' lang='grc' dir='ltr'>φύσιος,</span> <span class='ocrx_word' id='word_1_642' title='bbox 2437 2096 2493 2136; x_wconf 71' lang='grc' dir='ltr'>ὅτι</span> 
     </span>
     <span class='ocr_line' id='line_1_81' title="bbox 1442 2157 2487 2211; baseline -0.002 -15"><span class='ocrx_word' id='word_1_643' title='bbox 1442 2157 1558 2196; x_wconf 82' lang='grc' dir='ltr'>πάντα</span> <span class='ocrx_word' id='word_1_644' title='bbox 1580 2157 1671 2196; x_wconf 84' lang='grc' dir='ltr'>κατὰ</span> <span class='ocrx_word' id='word_1_645' title='bbox 1689 2157 1790 2208; x_wconf 88' lang='grc' dir='ltr'>λόγον</span> <span class='ocrx_word' id='word_1_646' title='bbox 1811 2158 1932 2211; x_wconf 80' lang='grc' dir='ltr'>φύεται</span> <span class='ocrx_word' id='word_1_647' title='bbox 1954 2158 2011 2196; x_wconf 83' lang='grc' dir='ltr'>τὸν</span> <span class='ocrx_word' id='word_1_648' title='bbox 2031 2157 2160 2200; x_wconf 82' lang='grc' dir='ltr'>ταύτας</span> <span class='ocrx_word' id='word_1_649' title='bbox 2187 2157 2268 2195; x_wconf 84' lang='grc' dir='ltr'>ποτ’</span> <span class='ocrx_word' id='word_1_650' title='bbox 2288 2157 2428 2209; x_wconf 70' lang='grc' dir='ltr'>ἄλλαλᾳ</span> <span class='ocrx_word' id='word_1_651' title='bbox 2447 2158 2487 2203; x_wconf 74' lang='lat'>⁰,</span> 
     </span>
     <span class='ocr_line' id='line_1_82' title="bbox 1444 2214 2493 2270; baseline 0 -16"><span class='ocrx_word' id='word_1_652' title='bbox 1444 2216 1504 2255; x_wconf 84' lang='grc' dir='ltr'>καὶ</span> <span class='ocrx_word' id='word_1_653' title='bbox 1524 2218 1572 2261; x_wconf 82' lang='grc' dir='ltr'>ὡς</span> <span class='ocrx_word' id='word_1_654' title='bbox 1594 2220 1612 2255; x_wconf 86' lang='grc' dir='ltr'><strong>ὃ</strong></span> <span class='ocrx_word' id='word_1_655' title='bbox 1639 2217 1799 2270; x_wconf 80' lang='grc' dir='ltr'>τεχνίτας</span> <span class='ocrx_word' id='word_1_656' title='bbox 1823 2217 1904 2255; x_wconf 83' lang='grc' dir='ltr'>ποτὶ</span> <span class='ocrx_word' id='word_1_657' title='bbox 1924 2215 1989 2255; x_wconf 83' lang='grc' dir='ltr'>τὰν</span> <span class='ocrx_word' id='word_1_658' title='bbox 2015 2217 2161 2268; x_wconf 81' lang='grc' dir='ltr'>τέχναν,</span> <span class='ocrx_word' id='word_1_659' title='bbox 2190 2214 2300 2259; x_wconf 77' lang='grc' dir='ltr'>οὕτως</span> <span class='ocrx_word' id='word_1_660' title='bbox 2321 2214 2394 2259; x_wconf 72' lang='grc' dir='ltr'>θεὸς</span> <span class='ocrx_word' id='word_1_661' title='bbox 2411 2214 2493 2254; x_wconf 69' lang='grc' dir='ltr'>ποθ’</span> 
     </span>
    </p>
   </div>
   <div class='ocr_carea' id='block_1_13' title="bbox 1438 2339 2492 3152">
    <p class='ocr_par' dir='ltr' id='par_1_15' title="bbox 1438 2339 2492 3152">
     <span class='ocr_line' id='line_1_83' title="bbox 1440 2339 2490 2388; baseline -0.002 -8"><span class='ocrx_word' id='word_1_662' title='bbox 1440 2347 1503 2380; x_wconf 90' lang='lat' dir='ltr'>alio</span> <span class='ocrx_word' id='word_1_663' title='bbox 1520 2349 1552 2380; x_wconf 87' lang='lat' dir='ltr'>et</span> <span class='ocrx_word' id='word_1_664' title='bbox 1571 2348 1682 2380; x_wconf 87' lang='lat' dir='ltr'>salutis</span> <span class='ocrx_word' id='word_1_665' title='bbox 1703 2350 1735 2379; x_wconf 86' lang='lat' dir='ltr'>et</span> <span class='ocrx_word' id='word_1_666' title='bbox 1765 2339 1917 2379; x_wconf 82' lang='lat' dir='ltr'>motionis</span> <span class='ocrx_word' id='word_1_667' title='bbox 1937 2355 2007 2378; x_wconf 54' lang='lat' dir='ltr'>suat-1</span> <span class='ocrx_word' id='word_1_668' title='bbox 2035 2347 2167 2378; x_wconf 77' lang='lat' dir='ltr'>auctore</span> <span class='ocrx_word' id='word_1_669' title='bbox 2191 2345 2336 2388; x_wconf 81' lang='lat' dir='ltr'>egeret‚)</span> <span class='ocrx_word' id='word_1_670' title='bbox 2354 2346 2490 2378; x_wconf 78' lang='lat' dir='ltr'>manife-</span> 
     </span>
     <span class='ocr_line' id='line_1_84' title="bbox 1440 2406 2489 2448; baseline -0.001 -9"><span class='ocrx_word' id='word_1_671' title='bbox 1440 2408 1529 2439; x_wconf 87' lang='lat' dir='ltr'>stum</span> <span class='ocrx_word' id='word_1_672' title='bbox 1554 2409 1603 2440; x_wconf 88' lang='lat' dir='ltr'>est</span> <span class='ocrx_word' id='word_1_673' title='bbox 1628 2406 1822 2448; x_wconf 88' lang='lat' dir='ltr'>principium</span> <span class='ocrx_word' id='word_1_674' title='bbox 1842 2413 1898 2446; x_wconf 87' lang='lat' dir='ltr'>per</span> <span class='ocrx_word' id='word_1_675' title='bbox 1922 2414 1956 2438; x_wconf 89' lang='lat' dir='ltr'>se</span> <span class='ocrx_word' id='word_1_676' title='bbox 1984 2409 2059 2438; x_wconf 85' lang='lat' dir='ltr'>ortu</span> <span class='ocrx_word' id='word_1_677' title='bbox 2078 2414 2184 2438; x_wconf 87' lang='lat' dir='ltr'>carere</span> <span class='ocrx_word' id='word_1_678' title='bbox 2210 2407 2308 2447; x_wconf 88' lang='lat' dir='ltr'>atque</span> <span class='ocrx_word' id='word_1_679' title='bbox 2329 2410 2489 2438; x_wconf 82' lang='lat' dir='ltr'>aeternum</span> 
     </span>
     <span class='ocr_line' id='line_1_85' title="bbox 1439 2463 2492 2506; baseline -0.001 -8"><span class='ocrx_word' id='word_1_680' title='bbox 1439 2474 1509 2498; x_wconf 81' lang='lat' dir='ltr'>csse</span> <span class='ocrx_word' id='word_1_681' title='bbox 1526 2465 1687 2506; x_wconf 88' lang='lat' dir='ltr'>simulque</span> <span class='ocrx_word' id='word_1_682' title='bbox 1703 2464 1914 2506; x_wconf 80' lang='lat' dir='ltr'>generationis</span> <span class='ocrx_word' id='word_1_683' title='bbox 1928 2473 2058 2497; x_wconf 87' lang='lat' dir='ltr'>causam</span> <span class='ocrx_word' id='word_1_684' title='bbox 2072 2467 2104 2497; x_wconf 90' lang='lat' dir='ltr'>et</span> <span class='ocrx_word' id='word_1_685' title='bbox 2117 2463 2280 2497; x_wconf 80' lang='lat' dir='ltr'>motionis.</span> <span class='ocrx_word' id='word_1_686' title='bbox 2325 2466 2492 2503; x_wconf 80' lang='lat' dir='ltr'>Quatenus</span> 
     </span>
     <span class='ocr_line' id='line_1_86' title="bbox 1438 2524 2491 2565; baseline -0.001 -9"><span class='ocrx_word' id='word_1_687' title='bbox 1438 2526 1547 2556; x_wconf 88' lang='lat' dir='ltr'>autem</span> <span class='ocrx_word' id='word_1_688' title='bbox 1570 2524 1679 2556; x_wconf 90' lang='lat' dir='ltr'>omnia</span> <span class='ocrx_word' id='word_1_689' title='bbox 1695 2532 1737 2556; x_wconf 84' lang='lat' dir='ltr'>cx</span> <span class='ocrx_word' id='word_1_690' title='bbox 1753 2532 1788 2556; x_wconf 85' lang='lat' dir='ltr'>se</span> <span class='ocrx_word' id='word_1_691' title='bbox 1804 2524 1872 2564; x_wconf 90' lang='lat' dir='ltr'>ipso</span> <span class='ocrx_word' id='word_1_692' title='bbox 1888 2525 2016 2564; x_wconf 86' lang='lat' dir='ltr'>movet,</span> <span class='ocrx_word' id='word_1_693' title='bbox 2032 2527 2147 2556; x_wconf 89' lang='lat' dir='ltr'>natura</span> <span class='ocrx_word' id='word_1_694' title='bbox 2162 2527 2309 2564; x_wconf 84' lang='lat' dir='ltr'>vocatur,</span> <span class='ocrx_word' id='word_1_695' title='bbox 2329 2525 2361 2556; x_wconf 90' lang='lat' dir='ltr'>et</span> <span class='ocrx_word' id='word_1_696' title='bbox 2375 2526 2491 2565; x_wconf 90' lang='lat' dir='ltr'>quate-</span> 
     </span>
     <span class='ocr_line' id='line_1_87' title="bbox 1439 2582 2489 2624; baseline 0 -9"><span class='ocrx_word' id='word_1_697' title='bbox 1439 2591 1500 2615; x_wconf 88' lang='lat' dir='ltr'>nns</span> <span class='ocrx_word' id='word_1_698' title='bbox 1516 2584 1633 2615; x_wconf 85' lang='lat' dir='ltr'>caetera</span> <span class='ocrx_word' id='word_1_699' title='bbox 1651 2582 1795 2624; x_wconf 86' lang='lat' dir='ltr'>perficit,</span> <span class='ocrx_word' id='word_1_700' title='bbox 1814 2591 1869 2623; x_wconf 85' lang='lat' dir='ltr'>per</span> <span class='ocrx_word' id='word_1_701' title='bbox 1892 2591 1927 2615; x_wconf 92' lang='lat' dir='ltr'>se</span> <span class='ocrx_word' id='word_1_702' title='bbox 1949 2583 2129 2623; x_wconf 79' lang='lat' dir='ltr'>perrectum</span> <span class='ocrx_word' id='word_1_703' title='bbox 2150 2583 2211 2615; x_wconf 85' lang='lat' dir='ltr'>est.</span> <span class='ocrx_word' id='word_1_704' title='bbox 2257 2582 2364 2624; x_wconf 77' lang='lat' dir='ltr'>Hujus</span> <span class='ocrx_word' id='word_1_705' title='bbox 2391 2591 2489 2624; x_wconf 85' lang='lat' dir='ltr'>porro</span> 
     </span>
     <span class='ocr_line' id='line_1_88' title="bbox 1441 2641 2492 2684; baseline 0 -10"><span class='ocrx_word' id='word_1_706' title='bbox 1441 2642 1587 2684; x_wconf 89' lang='lat' dir='ltr'>principii</span> <span class='ocrx_word' id='word_1_707' title='bbox 1605 2642 1757 2682; x_wconf 82' lang='lat' dir='ltr'>imagines</span> <span class='ocrx_word' id='word_1_708' title='bbox 1771 2650 1810 2673; x_wconf 90' lang='lat' dir='ltr'>ac</span> <span class='ocrx_word' id='word_1_709' title='bbox 1826 2641 2054 2675; x_wconf 87' lang='lat' dir='ltr'>similitudines</span> <span class='ocrx_word' id='word_1_710' title='bbox 2072 2643 2106 2674; x_wconf 89' lang='lat' dir='ltr'>in</span> <span class='ocrx_word' id='word_1_711' title='bbox 2122 2643 2247 2675; x_wconf 80' lang='lat' dir='ltr'>naturoe</span> <span class='ocrx_word' id='word_1_712' title='bbox 2259 2643 2400 2683; x_wconf 84' lang='lat' dir='ltr'>artisque</span> <span class='ocrx_word' id='word_1_713' title='bbox 2414 2651 2492 2683; x_wconf 82' lang='lat' dir='ltr'>ope-</span> 
     </span>
     <span class='ocr_line' id='line_1_89' title="bbox 1441 2698 2490 2740; baseline 0 -9"><span class='ocrx_word' id='word_1_714' title='bbox 1441 2698 1529 2731; x_wconf 92' lang='lat' dir='ltr'>ribus</span> <span class='ocrx_word' id='word_1_715' title='bbox 1547 2700 1732 2731; x_wconf 86' lang='lat' dir='ltr'>cernuntur.</span> <span class='ocrx_word' id='word_1_716' title='bbox 1776 2699 1937 2736; x_wconf 89' lang='lat' dir='ltr'>Quoniam</span> <span class='ocrx_word' id='word_1_717' title='bbox 1950 2701 2059 2731; x_wconf 89' lang='lat' dir='ltr'>autem</span> <span class='ocrx_word' id='word_1_718' title='bbox 2073 2699 2230 2740; x_wconf 90' lang='lat' dir='ltr'>quidquid</span> <span class='ocrx_word' id='word_1_719' title='bbox 2245 2698 2428 2732; x_wconf 83' lang='lat' dir='ltr'>immortale</span> <span class='ocrx_word' id='word_1_720' title='bbox 2440 2702 2490 2731; x_wconf 81' lang='lat' dir='ltr'>est</span> 
     </span>
     <span class='ocr_line' id='line_1_90' title="bbox 1445 2757 2489 2800; baseline 0.001 -10"><span class='ocrx_word' id='word_1_721' title='bbox 1445 2758 1638 2791; x_wconf 82' lang='lat' dir='ltr'>indefessum</span> <span class='ocrx_word' id='word_1_722' title='bbox 1658 2758 1702 2790; x_wconf 85' lang='lat' dir='ltr'>sit</span> <span class='ocrx_word' id='word_1_723' title='bbox 1716 2759 1864 2799; x_wconf 84' lang='lat' dir='ltr'>oportet,</span> <span class='ocrx_word' id='word_1_724' title='bbox 1886 2757 2104 2799; x_wconf 76' lang='lat' dir='ltr'>[indefessum</span> <span class='ocrx_word' id='word_1_725' title='bbox 2121 2767 2198 2791; x_wconf 80' lang='lat' dir='ltr'>vero</span> <span class='ocrx_word' id='word_1_726' title='bbox 2216 2758 2305 2800; x_wconf 89' lang='lat' dir='ltr'>quod</span> <span class='ocrx_word' id='word_1_727' title='bbox 2322 2767 2489 2800; x_wconf 81' lang='lat' dir='ltr'>nunquam</span> 
     </span>
     <span class='ocr_line' id='line_1_91' title="bbox 1443 2815 2490 2858; baseline 0 -10"><span class='ocrx_word' id='word_1_728' title='bbox 1443 2815 1637 2858; x_wconf 79' lang='lat' dir='ltr'>fatigatur]‚</span> <span class='ocrx_word' id='word_1_729' title='bbox 1659 2815 1733 2847; x_wconf 89' lang='lat' dir='ltr'>talis</span> <span class='ocrx_word' id='word_1_730' title='bbox 1748 2817 1855 2847; x_wconf 89' lang='lat' dir='ltr'>autem</span> <span class='ocrx_word' id='word_1_731' title='bbox 1873 2815 1953 2847; x_wconf 88' lang='lat' dir='ltr'>deus</span> <span class='ocrx_word' id='word_1_732' title='bbox 1969 2819 2036 2855; x_wconf 88' lang='lat' dir='ltr'>est,</span> <span class='ocrx_word' id='word_1_733' title='bbox 2054 2816 2111 2857; x_wconf 91' lang='lat' dir='ltr'>qui</span> <span class='ocrx_word' id='word_1_734' title='bbox 2140 2818 2244 2849; x_wconf 85' lang='lat' dir='ltr'>totam</span> <span class='ocrx_word' id='word_1_735' title='bbox 2264 2815 2376 2849; x_wconf 86' lang='lat' dir='ltr'>mundi</span> <span class='ocrx_word' id='word_1_736' title='bbox 2401 2825 2490 2849; x_wconf 85' lang='lat' dir='ltr'>com-</span> 
     </span>
     <span class='ocr_line' id='line_1_92' title="bbox 1439 2874 2491 2917; baseline 0.002 -11"><span class='ocrx_word' id='word_1_737' title='bbox 1439 2883 1551 2916; x_wconf 80' lang='lat' dir='ltr'>pagem</span> <span class='ocrx_word' id='word_1_738' title='bbox 1570 2877 1602 2908; x_wconf 88' lang='lat' dir='ltr'>et</span> <span class='ocrx_word' id='word_1_739' title='bbox 1620 2883 1727 2908; x_wconf 82' lang='lat' dir='ltr'>rerum</span> <span class='ocrx_word' id='word_1_740' title='bbox 1751 2874 1991 2907; x_wconf 77' lang='lat' dir='ltr'>universitatem</span> <span class='ocrx_word' id='word_1_741' title='bbox 2006 2879 2134 2915; x_wconf 85' lang='lat' dir='ltr'>movet,</span> <span class='ocrx_word' id='word_1_742' title='bbox 2150 2877 2237 2917; x_wconf 81' lang='lat' dir='ltr'>patet</span> <span class='ocrx_word' id='word_1_743' title='bbox 2248 2878 2403 2908; x_wconf 81' lang='lat' dir='ltr'>aeternum</span> <span class='ocrx_word' id='word_1_744' title='bbox 2418 2884 2491 2908; x_wconf 83' lang='lat' dir='ltr'>esse</span> 
     </span>
     <span class='ocr_line' id='line_1_93' title="bbox 1440 2933 2491 2974; baseline 0.002 -8"><span class='ocrx_word' id='word_1_745' title='bbox 1440 2934 1613 2967; x_wconf 88' lang='lat' dir='ltr'>mundum.</span> <span class='ocrx_word' id='word_1_746' title='bbox 1655 2933 1781 2966; x_wconf 85' lang='lat' dir='ltr'>Etenim</span> <span class='ocrx_word' id='word_1_747' title='bbox 1823 2935 1849 2966; x_wconf 89' lang='lat' dir='ltr'>si</span> <span class='ocrx_word' id='word_1_748' title='bbox 1881 2934 1991 2974; x_wconf 86' lang='lat' dir='ltr'>positis</span> <span class='ocrx_word' id='word_1_749' title='bbox 2020 2934 2121 2966; x_wconf 92' lang='lat' dir='ltr'>initiis</span> <span class='ocrx_word' id='word_1_750' title='bbox 2153 2935 2222 2967; x_wconf 85' lang='lat' dir='ltr'>haec</span> <span class='ocrx_word' id='word_1_751' title='bbox 2250 2934 2362 2967; x_wconf 84' lang='lat' dir='ltr'>mundi</span> <span class='ocrx_word' id='word_1_752' title='bbox 2389 2935 2491 2968; x_wconf 83' lang='lat' dir='ltr'>moles</span> 
     </span>
     <span class='ocr_line' id='line_1_94' title="bbox 1442 2993 2491 3035; baseline 0.002 -10"><span class='ocrx_word' id='word_1_753' title='bbox 1442 2994 1596 3035; x_wconf 86' lang='lat' dir='ltr'>paulatim</span> <span class='ocrx_word' id='word_1_754' title='bbox 1624 2993 1819 3031; x_wconf 83' lang='lat' dir='ltr'>efficeretur,</span> <span class='ocrx_word' id='word_1_755' title='bbox 1847 2995 1954 3025; x_wconf 90' lang='lat' dir='ltr'>motor</span> <span class='ocrx_word' id='word_1_756' title='bbox 1980 2993 2154 3034; x_wconf 86' lang='lat' dir='ltr'>aliquando</span> <span class='ocrx_word' id='word_1_757' title='bbox 2179 2994 2331 3034; x_wconf 80' lang='lat' dir='ltr'>fatigatus</span> <span class='ocrx_word' id='word_1_758' title='bbox 2353 2993 2396 3026; x_wconf 88' lang='lat' dir='ltr'>ab</span> <span class='ocrx_word' id='word_1_759' title='bbox 2419 2994 2491 3035; x_wconf 76' lang='lat' dir='ltr'>eius</span> 
     </span>
     <span class='ocr_line' id='line_1_95' title="bbox 1441 3051 2490 3094; baseline 0.001 -10"><span class='ocrx_word' id='word_1_760' title='bbox 1441 3053 1674 3094; x_wconf 83' lang='lat' dir='ltr'>compositione</span> <span class='ocrx_word' id='word_1_761' title='bbox 1705 3053 1854 3084; x_wconf 83' lang='lat' dir='ltr'>cessaret.</span> <span class='ocrx_word' id='word_1_762' title='bbox 1901 3051 2023 3090; x_wconf 85' lang='lat' dir='ltr'>Quodsi</span> <span class='ocrx_word' id='word_1_763' title='bbox 2058 3055 2170 3084; x_wconf 85' lang='lat' dir='ltr'>auctor</span> <span class='ocrx_word' id='word_1_764' title='bbox 2199 3055 2308 3085; x_wconf 78' lang='lat' dir='ltr'>motus</span> <span class='ocrx_word' id='word_1_765' title='bbox 2343 3052 2490 3086; x_wconf 79' lang='lat' dir='ltr'>defessus</span> 
     </span>
     <span class='ocr_line' id='line_1_96' title="bbox 1440 3108 2490 3152; baseline 0 -8"><span class='ocrx_word' id='word_1_766' title='bbox 1440 3112 1672 3152; x_wconf 82' lang='lat' dir='ltr'>requiesceret,</span> <span class='ocrx_word' id='word_1_767' title='bbox 1690 3112 1723 3143; x_wconf 87' lang='lat' dir='ltr'>et</span> <span class='ocrx_word' id='word_1_768' title='bbox 1736 3112 1800 3152; x_wconf 85' lang='lat' dir='ltr'>ipse</span> <span class='ocrx_word' id='word_1_769' title='bbox 1819 3112 1856 3142; x_wconf 91' lang='lat' dir='ltr'>ut</span> <span class='ocrx_word' id='word_1_770' title='bbox 1869 3110 2014 3142; x_wconf 87' lang='lat' dir='ltr'>mortalis</span> <span class='ocrx_word' id='word_1_771' title='bbox 2036 3111 2227 3152; x_wconf 82' lang='lat' dir='ltr'>genitusque</span> <span class='ocrx_word' id='word_1_772' title='bbox 2241 3111 2338 3144; x_wconf 78' lang='lat' dir='ltr'>tinem</span> <span class='ocrx_word' id='word_1_773' title='bbox 2359 3108 2490 3144; x_wconf 78' lang='lat' dir='ltr'>haberet</span> 
     </span>
    </p>
   </div>
   <div class='ocr_carea' id='block_1_14' title="bbox 1442 3170 2518 3218">
    <p class='ocr_par' dir='ltr' id='par_1_16' title="bbox 1442 3170 2518 3218">
     <span class='ocr_line' id='line_1_97' title="bbox 1442 3170 2518 3218; baseline -0.001 -14"><span class='ocrx_word' id='word_1_774' title='bbox 1442 3174 1552 3204; x_wconf 78' lang='lat' dir='ltr'>motus</span> <span class='ocrx_word' id='word_1_775' title='bbox 1570 3173 1603 3204; x_wconf 86' lang='lat' dir='ltr'>et</span> <span class='ocrx_word' id='word_1_776' title='bbox 1626 3173 1694 3204; x_wconf 85' lang='lat' dir='ltr'>tota</span> <span class='ocrx_word' id='word_1_777' title='bbox 1721 3170 1831 3203; x_wconf 88' lang='lat' dir='ltr'>mundi</span> <span class='ocrx_word' id='word_1_778' title='bbox 1852 3173 2148 3218; x_wconf 37' lang='lat' dir='ltr'>compages-utque</span> <span class='ocrx_word' id='word_1_779' title='bbox 2169 3171 2360 3203; x_wconf 80' lang='lat' dir='ltr'>universitas</span> <span class='ocrx_word' id='word_1_780' title='bbox 2378 3179 2488 3204; x_wconf 83' lang='lat' dir='ltr'>rerum</span> <span class='ocrx_word' id='word_1_781' title='bbox 2513 3199 2518 3203; x_wconf 90' lang='lat'>.</span> 
     </span>
    </p>
   </div>
   <div class='ocr_carea' id='block_1_15' title="bbox 1441 3230 2490 3447">
    <p class='ocr_par' dir='ltr' id='par_1_17' title="bbox 1441 3230 2490 3447">
     <span class='ocr_line' id='line_1_98' title="bbox 1442 3230 2487 3273; baseline 0 -10"><span class='ocrx_word' id='word_1_782' title='bbox 1442 3231 1519 3264; x_wconf 88' lang='lat' dir='ltr'>oriri</span> <span class='ocrx_word' id='word_1_783' title='bbox 1540 3231 1711 3264; x_wconf 87' lang='lat' dir='ltr'>desineret.</span> <span class='ocrx_word' id='word_1_784' title='bbox 1757 3230 1915 3273; x_wconf 87' lang='lat' dir='ltr'>Quocirca</span> <span class='ocrx_word' id='word_1_785' title='bbox 1933 3238 2063 3262; x_wconf 84' lang='lat' dir='ltr'>necesse</span> <span class='ocrx_word' id='word_1_786' title='bbox 2095 3232 2143 3262; x_wconf 91' lang='lat' dir='ltr'>est</span> <span class='ocrx_word' id='word_1_787' title='bbox 2172 3230 2222 3262; x_wconf 84' lang='lat' dir='ltr'>vel</span> <span class='ocrx_word' id='word_1_788' title='bbox 2243 3233 2351 3262; x_wconf 90' lang='lat' dir='ltr'>ortum</span> <span class='ocrx_word' id='word_1_789' title='bbox 2379 3239 2487 3263; x_wconf 75' lang='lat' dir='ltr'>renim</span> 
     </span>
     <span class='ocr_line' id='line_1_99' title="bbox 1441 3289 2490 3331; baseline 0 -8"><span class='ocrx_word' id='word_1_790' title='bbox 1441 3291 1572 3331; x_wconf 87' lang='lat' dir='ltr'>tollere,</span> <span class='ocrx_word' id='word_1_791' title='bbox 1589 3290 1640 3323; x_wconf 88' lang='lat' dir='ltr'>vel</span> <span class='ocrx_word' id='word_1_792' title='bbox 1658 3299 1676 3323; x_wconf 90' lang='lat' dir='ltr'>e</span> <span class='ocrx_word' id='word_1_793' title='bbox 1697 3289 1797 3322; x_wconf 83' lang='lat' dir='ltr'>nihilo</span> <span class='ocrx_word' id='word_1_794' title='bbox 1817 3291 1933 3322; x_wconf 89' lang='lat' dir='ltr'>cuncta</span> <span class='ocrx_word' id='word_1_795' title='bbox 1952 3298 2118 3330; x_wconf 87' lang='lat' dir='ltr'>procreare</span> <span class='ocrx_word' id='word_1_796' title='bbox 2131 3313 2140 3329; x_wconf 92' lang='lat'>,</span> <span class='ocrx_word' id='word_1_797' title='bbox 2165 3289 2215 3321; x_wconf 85' lang='lat' dir='ltr'>vel</span> <span class='ocrx_word' id='word_1_798' title='bbox 2239 3292 2275 3321; x_wconf 89' lang='lat' dir='ltr'>ut</span> <span class='ocrx_word' id='word_1_799' title='bbox 2299 3289 2490 3323; x_wconf 79' lang='lat' dir='ltr'>immortalis</span> 
     </span>
     <span class='ocr_line' id='line_1_100' title="bbox 1441 3347 2489 3390; baseline 0.003 -11"><span class='ocrx_word' id='word_1_800' title='bbox 1441 3350 1537 3388; x_wconf 89' lang='lat' dir='ltr'>atque</span> <span class='ocrx_word' id='word_1_801' title='bbox 1552 3351 1691 3381; x_wconf 87' lang='lat' dir='ltr'>aeternus</span> <span class='ocrx_word' id='word_1_802' title='bbox 1704 3348 1746 3380; x_wconf 88' lang='lat' dir='ltr'>sit</span> <span class='ocrx_word' id='word_1_803' title='bbox 1761 3347 1900 3379; x_wconf 87' lang='lat' dir='ltr'>mundus</span> <span class='ocrx_word' id='word_1_804' title='bbox 1920 3347 2120 3388; x_wconf 88' lang='lat' dir='ltr'>relinquitur.</span> <span class='ocrx_word' id='word_1_805' title='bbox 2165 3349 2342 3381; x_wconf 83' lang='lat' dir='ltr'>Harmonia</span> <span class='ocrx_word' id='word_1_806' title='bbox 2359 3358 2489 3390; x_wconf 84' lang='lat' dir='ltr'>quoque</span> 
     </span>
     <span class='ocr_line' id='line_1_101' title="bbox 1443 3406 2488 3447; baseline 0.003 -10"><span class='ocrx_word' id='word_1_807' title='bbox 1443 3410 1566 3439; x_wconf 83' lang='lat' dir='ltr'>naturae</span> <span class='ocrx_word' id='word_1_808' title='bbox 1585 3416 1654 3440; x_wconf 88' lang='lat' dir='ltr'>esse</span> <span class='ocrx_word' id='word_1_809' title='bbox 1670 3407 1806 3447; x_wconf 86' lang='lat' dir='ltr'>dicetur,</span> <span class='ocrx_word' id='word_1_810' title='bbox 1825 3406 1900 3447; x_wconf 86' lang='lat' dir='ltr'>quia</span> <span class='ocrx_word' id='word_1_811' title='bbox 1917 3406 2025 3438; x_wconf 89' lang='lat' dir='ltr'>omnia</span> <span class='ocrx_word' id='word_1_812' title='bbox 2037 3406 2066 3439; x_wconf 91' lang='lat' dir='ltr'>ei</span> <span class='ocrx_word' id='word_1_813' title='bbox 2080 3412 2295 3447; x_wconf 81' lang='lat' dir='ltr'>congruenter</span> <span class='ocrx_word' id='word_1_814' title='bbox 2311 3408 2488 3440; x_wconf 85' lang='lat' dir='ltr'>necessitu-</span> 
     </span>
    </p>
   </div>
   <div class='ocr_carea' id='block_1_16' title="bbox 290 3449 2488 3507">
    <p class='ocr_par' dir='ltr' id='par_1_18' title="bbox 290 3449 2488 3507">
     <span class='ocr_line' id='line_1_102' title="bbox 290 3449 2488 3507; baseline 0.004 -18"><span class='ocrx_word' id='word_1_815' title='bbox 290 3449 294 3453; x_wconf 78' lang='grc'><strong>’</strong></span> <span class='ocrx_word' id='word_1_816' title='bbox 337 3460 520 3498; x_wconf 85' lang='lat' dir='ltr'>generatum</span> <span class='ocrx_word' id='word_1_817' title='bbox 531 3462 603 3492; x_wconf 86' lang='lat' dir='ltr'>ortu</span> <span class='ocrx_word' id='word_1_818' title='bbox 616 3463 756 3500; x_wconf 85' lang='lat' dir='ltr'>careret,</span> <span class='ocrx_word' id='word_1_819' title='bbox 768 3468 871 3501; x_wconf 89' lang='lat' dir='ltr'>neque</span> <span class='ocrx_word' id='word_1_820' title='bbox 886 3469 963 3492; x_wconf 84' lang='lat' dir='ltr'>vero</span> <span class='ocrx_word' id='word_1_821' title='bbox 981 3460 1106 3492; x_wconf 92' lang='lat' dir='ltr'>initium</span> <span class='ocrx_word' id='word_1_822' title='bbox 1120 3461 1152 3493; x_wconf 85' lang='lat' dir='ltr'>et</span> <span class='ocrx_word' id='word_1_823' title='bbox 1168 3470 1264 3494; x_wconf 85' lang='lat' dir='ltr'>causa</span> <span class='ocrx_word' id='word_1_824' title='bbox 1273 3471 1384 3494; x_wconf 89' lang='lat' dir='ltr'>eorum</span> <span class='ocrx_word' id='word_1_825' title='bbox 1444 3464 1518 3497; x_wconf 86' lang='lat' dir='ltr'>dine</span> <span class='ocrx_word' id='word_1_826' title='bbox 1535 3465 1673 3505; x_wconf 87' lang='lat' dir='ltr'>quadam</span> <span class='ocrx_word' id='word_1_827' title='bbox 1698 3466 1781 3498; x_wconf 89' lang='lat' dir='ltr'>inter</span> <span class='ocrx_word' id='word_1_828' title='bbox 1801 3474 1834 3497; x_wconf 91' lang='lat' dir='ltr'>se</span> <span class='ocrx_word' id='word_1_829' title='bbox 1848 3465 1960 3506; x_wconf 84' lang='lat' dir='ltr'>juncta</span> <span class='ocrx_word' id='word_1_830' title='bbox 1977 3467 2182 3505; x_wconf 81' lang='lat' dir='ltr'>generantur,</span> <span class='ocrx_word' id='word_1_831' title='bbox 2200 3469 2298 3507; x_wconf 84' lang='lat' dir='ltr'>utque</span> <span class='ocrx_word' id='word_1_832' title='bbox 2320 3467 2434 3500; x_wconf 78' lang='lat' dir='ltr'>artifex</span> <span class='ocrx_word' id='word_1_833' title='bbox 2448 3467 2488 3499; x_wconf 91' lang='lat' dir='ltr'>ad</span> 
     </span>
    </p>
   </div>
   <div class='ocr_carea' id='block_1_17' title="bbox 338 3519 1384 3562">
    <p class='ocr_par' dir='ltr' id='par_1_19' title="bbox 338 3519 1384 3562">
     <span class='ocr_line' id='line_1_103' title="bbox 338 3519 1384 3562; baseline 0.005 -13"><span class='ocrx_word' id='word_1_834' title='bbox 338 3523 410 3558; x_wconf 85' lang='lat' dir='ltr'>quae</span> <span class='ocrx_word' id='word_1_835' title='bbox 426 3521 602 3552; x_wconf 89' lang='lat' dir='ltr'>nascuntur</span> <span class='ocrx_word' id='word_1_836' title='bbox 619 3519 700 3555; x_wconf 68' lang='lat' dir='ltr'>foret</span> <span class='ocrx_word' id='word_1_837' title='bbox 711 3542 721 3561; x_wconf 90' lang='lat'>,</span> <span class='ocrx_word' id='word_1_838' title='bbox 742 3528 807 3553; x_wconf 92' lang='lat' dir='ltr'>non</span> <span class='ocrx_word' id='word_1_839' title='bbox 820 3519 903 3553; x_wconf 88' lang='lat' dir='ltr'>enim</span> <span class='ocrx_word' id='word_1_840' title='bbox 919 3519 1096 3560; x_wconf 81' lang='lat' dir='ltr'>perfectum</span> <span class='ocrx_word' id='word_1_841' title='bbox 1110 3522 1212 3560; x_wconf 85' lang='lat' dir='ltr'>esset,</span> <span class='ocrx_word' id='word_1_842' title='bbox 1227 3522 1384 3562; x_wconf 87' lang='lat' dir='ltr'>siquidem</span> 
     </span>
    </p>
   </div>
   <div class='ocr_carea' id='block_1_18' title="bbox 1444 3523 2491 3568">
    <p class='ocr_par' dir='ltr' id='par_1_20' title="bbox 1444 3523 2491 3568">
     <span class='ocr_line' id='line_1_104' title="bbox 1444 3523 2491 3568; baseline 0.003 -12"><span class='ocrx_word' id='word_1_843' title='bbox 1444 3525 1563 3564; x_wconf 83' lang='lat' dir='ltr'>artem,</span> <span class='ocrx_word' id='word_1_844' title='bbox 1593 3526 1639 3557; x_wconf 87' lang='lat' dir='ltr'>sic</span> <span class='ocrx_word' id='word_1_845' title='bbox 1658 3524 1737 3557; x_wconf 85' lang='lat' dir='ltr'>deus</span> <span class='ocrx_word' id='word_1_846' title='bbox 1764 3524 1804 3557; x_wconf 87' lang='lat' dir='ltr'>ad</span> <span class='ocrx_word' id='word_1_847' title='bbox 1839 3523 2039 3557; x_wconf 74' lang='lat' dir='ltr'>harmoniam</span> <span class='ocrx_word' id='word_1_848' title='bbox 2067 3524 2229 3558; x_wconf 84' lang='lat' dir='ltr'>sehabet.</span> <span class='ocrx_word' id='word_1_849' title='bbox 2273 3527 2419 3568; x_wconf 78' lang='lat' dir='ltr'>Namque</span> <span class='ocrx_word' id='word_1_850' title='bbox 2439 3534 2491 3559; x_wconf 82' lang='lat' dir='ltr'>ars</span> 
     </span>
    </p>
   </div>
   <div class='ocr_carea' id='block_1_19' title="bbox 2606 2475 2629 2863">
    <p class='ocr_par' dir='ltr' id='par_1_21' title="bbox 2606 2475 2629 2863">
     <span class='ocr_line' id='line_1_105' title="bbox 2606 2475 2629 2863; textangle 90"><span class='ocrx_word' id='word_1_851' title='bbox 2606 2708 2626 2863; x_wconf 30' lang='lat' dir='ltr'>*offis-vaca.</span> <span class='ocrx_word' id='word_1_852' title='bbox 2611 2639 2627 2702; x_wconf 47' lang='grc' dir='ltr'>,τι-ι.</span> <span class='ocrx_word' id='word_1_853' title='bbox 2610 2531 2629 2634; x_wconf 49' lang='lat' dir='ltr'>uam·</span> <span class='ocrx_word' id='word_1_854' title='bbox 2624 2509 2629 2523; x_wconf 58' lang='lat'>.-</span> <span class='ocrx_word' id='word_1_855' title='bbox 2611 2475 2615 2483; x_wconf 87' lang='grc'><em>“</em></span> 
     </span>
    </p>
   </div>
   <div class='ocr_carea' id='block_1_20' title="bbox 2603 2109 2638 3840">
    <p class='ocr_par' dir='ltr' id='par_1_22' title="bbox 2603 2109 2638 3840">
     <span class='ocr_line' id='line_1_106' title="bbox 2603 2109 2638 3346; baseline 0 0"><span class='ocrx_word' id='word_1_856' title='bbox 2603 2109 2638 3346; x_wconf 95' lang='lat' dir='ltr'>  </span> 
     </span>
     <span class='ocr_line' id='line_1_107' title="bbox 2603 3346 2638 3840; baseline 0 0"><span class='ocrx_word' id='word_1_857' title='bbox 2603 3346 2638 3840; x_wconf 95' lang='lat' dir='ltr'> </span> 
     </span>
    </p>
   </div>
   <div class='ocr_carea' id='block_1_21' title="bbox 2600 2869 2623 3376">
    <p class='ocr_par' dir='ltr' id='par_1_23' title="bbox 2600 2869 2625 3376">
     <span class='ocr_line' id='line_1_108' title="bbox 2600 2869 2623 3376; textangle 90"><span class='ocrx_word' id='word_1_858' title='bbox 2604 3364 2617 3376; x_wconf 41' lang='lat'>⁴⁴,</span> <span class='ocrx_word' id='word_1_859' title='bbox 2604 3347 2611 3356; x_wconf 66' lang='grc'>’</span> <span class='ocrx_word' id='word_1_860' title='bbox 2601 3206 2620 3342; x_wconf 45' lang='grc' dir='ltr'>,ιΔκ-’ψεῑᾱνετ</span> <span class='ocrx_word' id='word_1_861' title='bbox 2600 3071 2622 3203; x_wconf 47' lang='lat' dir='ltr'>mmm*</span> <span class='ocrx_word' id='word_1_862' title='bbox 2619 3104 2622 3112; x_wconf 37' lang='lat' dir='ltr'>c</span> <span class='ocrx_word' id='word_1_863' title='bbox 2602 3096 2605 3099; x_wconf 88' lang='grc'><em>’</em></span> <span class='ocrx_word' id='word_1_864' title='bbox 2602 3071 2609 3078; x_wconf 71' lang='grc'>·“</span> <span class='ocrx_word' id='word_1_865' title='bbox 2602 2993 2623 3067; x_wconf 44' lang='lat' dir='ltr'>&amp;fines-3</span> <span class='ocrx_word' id='word_1_866' title='bbox 2600 2911 2622 2989; x_wconf 39' lang='lat' dir='ltr'>8³5⁴&amp;ss</span> <span class='ocrx_word' id='word_1_867' title='bbox 2611 2904 2614 2907; x_wconf 91' lang='lat'>·</span> <span class='ocrx_word' id='word_1_868' title='bbox 2601 2869 2614 2882; x_wconf 55' lang='lat'>‘²</span> 
     </span>
    </p>
   </div>
  </div>
 </body>
</html>
