<?xml version="1.0" encoding="UTF-8"?>
<!DOCTYPE html PUBLIC "-//W3C//DTD XHTML 1.0 Transitional//EN"
    "http://www.w3.org/TR/xhtml1/DTD/xhtml1-transitional.dtd">
<html xmlns="http://www.w3.org/1999/xhtml" xml:lang="en" lang="en">
 <head>
  <title>
</title>
<meta http-equiv="Content-Type" content="text/html;charset=utf-8" />
  <meta name='ocr-system' content='tesseract 3.04.00' />
  <meta name='ocr-capabilities' content='ocr_page ocr_carea ocr_par ocr_line ocrx_word'/>
</head>
<body>
  <div class='ocr_page' id='page_1' title='image "./fragmentaphiloso02mulluoft_0030.png"; bbox 0 0 2638 3840; ppageno 0'>
   <div class='ocr_carea' id='block_1_1' title="bbox 336 220 1611 269">
    <p class='ocr_par' dir='ltr' id='par_1_1' title="bbox 336 220 1611 269">
     <span class='ocr_line' id='line_1_1' title="bbox 336 220 1611 269; baseline -0.009 0"><span class='ocrx_word' id='word_1_1' title='bbox 336 242 363 269; x_wconf 83' lang='lat' dir='ltr'>x</span> <span class='ocrx_word' id='word_1_2' title='bbox 1199 223 1265 262; x_wconf 88' lang='lat' dir='ltr'>DE</span> <span class='ocrx_word' id='word_1_3' title='bbox 1296 220 1611 260; x_wconf 84' lang='lat' dir='ltr'><strong>PYTHAGORA</strong></span> 
     </span>
    </p>
   </div>
   <div class='ocr_carea' id='block_1_2' title="bbox 336 308 1402 425">
    <p class='ocr_par' dir='ltr' id='par_1_2' title="bbox 336 308 1402 425">
     <span class='ocr_line' id='line_1_2' title="bbox 336 308 1402 370; baseline -0.012 -13"><span class='ocrx_word' id='word_1_4' title='bbox 336 317 512 370; x_wconf 86' lang='lat' dir='ltr'><strong>corporis</strong></span> <span class='ocrx_word' id='word_1_5' title='bbox 548 317 707 367; x_wconf 83' lang='lat' dir='ltr'><strong>figuram</strong></span> <span class='ocrx_word' id='word_1_6' title='bbox 745 314 1010 366; x_wconf 76' lang='lat' dir='ltr'>exprimente,</span> <span class='ocrx_word' id='word_1_7' title='bbox 1044 324 1129 361; x_wconf 85' lang='lat' dir='ltr'>quae</span> <span class='ocrx_word' id='word_1_8' title='bbox 1163 322 1285 358; x_wconf 89' lang='lat' dir='ltr'><strong>usque</strong></span> <span class='ocrx_word' id='word_1_9' title='bbox 1327 308 1402 346; x_wconf 53' lang='lat' dir='ltr'>ab*</span> 
     </span>
     <span class='ocr_line' id='line_1_3' title="bbox 336 369 1376 425; baseline -0.013 -9"><span class='ocrx_word' id='word_1_10' title='bbox 336 377 504 415; x_wconf 77' lang='lat' dir='ltr'><strong>heroicis</strong></span> <span class='ocrx_word' id='word_1_11' title='bbox 537 376 651 414; x_wconf 90' lang='lat' dir='ltr'><strong>ducta</strong></span> <span class='ocrx_word' id='word_1_12' title='bbox 686 373 926 425; x_wconf 78' lang='lat' dir='ltr'><strong>temporibus</strong></span> <span class='ocrx_word' id='word_1_13' title='bbox 958 371 1064 419; x_wconf 83' lang='lat' dir='ltr'><strong>vulgi</strong></span> <span class='ocrx_word' id='word_1_14' title='bbox 1096 369 1226 420; x_wconf 92' lang='lat' dir='ltr'><strong>potius</strong></span> <span class='ocrx_word' id='word_1_15' title='bbox 1262 381 1376 418; x_wconf 87' lang='lat' dir='ltr'><strong>quam</strong></span> 
     </span>
    </p>
   </div>
   <div class='ocr_carea' id='block_1_3' title="bbox 336 427 1379 544">
    <p class='ocr_par' dir='ltr' id='par_1_3' title="bbox 336 427 1379 544">
     <span class='ocr_line' id='line_1_4' title="bbox 336 427 1379 484; baseline -0.012 -9"><span class='ocrx_word' id='word_1_16' title='bbox 336 436 574 475; x_wconf 83' lang='lat' dir='ltr'><strong>eruditorum</strong></span> <span class='ocrx_word' id='word_1_17' title='bbox 597 443 700 481; x_wconf 89' lang='lat' dir='ltr'><strong>erat,</strong></span> <span class='ocrx_word' id='word_1_18' title='bbox 722 433 960 484; x_wconf 85' lang='lat' dir='ltr'><strong>Pythagoras</strong></span> <span class='ocrx_word' id='word_1_19' title='bbox 990 430 1036 468; x_wconf 89' lang='lat' dir='ltr'>ad</span> <span class='ocrx_word' id='word_1_20' title='bbox 1059 428 1209 478; x_wconf 84' lang='lat' dir='ltr'><strong>reliqua</strong></span> <span class='ocrx_word' id='word_1_21' title='bbox 1238 427 1379 478; x_wconf 87' lang='lat' dir='ltr'><strong>placita</strong></span> 
     </span>
     <span class='ocr_line' id='line_1_5' title="bbox 337 483 1379 544; baseline -0.011 -13"><span class='ocrx_word' id='word_1_22' title='bbox 337 506 407 531; x_wconf 88' lang='lat' dir='ltr'>sua</span> <span class='ocrx_word' id='word_1_23' title='bbox 445 493 604 544; x_wconf 89' lang='lat' dir='ltr'><strong>aptavit.</strong></span> <span class='ocrx_word' id='word_1_24' title='bbox 637 493 689 529; x_wconf 75' lang='lat' dir='ltr'>Ac</span> <span class='ocrx_word' id='word_1_25' title='bbox 722 490 890 541; x_wconf 91' lang='lat' dir='ltr'><strong>primum</strong></span> <span class='ocrx_word' id='word_1_26' title='bbox 927 487 1082 538; x_wconf 89' lang='lat' dir='ltr'><strong>quidem</strong></span> <span class='ocrx_word' id='word_1_27' title='bbox 1120 485 1219 522; x_wconf 92' lang='lat' dir='ltr'><strong>hanc</strong></span> <span class='ocrx_word' id='word_1_28' title='bbox 1259 483 1379 521; x_wconf 90' lang='lat' dir='ltr'><strong>animi</strong></span> 
     </span>
    </p>
   </div>
   <div class='ocr_carea' id='block_1_4' title="bbox 336 542 1383 1480">
    <p class='ocr_par' dir='ltr' id='par_1_4' title="bbox 336 542 1383 1480">
     <span class='ocr_line' id='line_1_6' title="bbox 336 542 1379 602; baseline -0.009 -14"><span class='ocrx_word' id='word_1_29' title='bbox 336 559 483 602; x_wconf 87' lang='lat' dir='ltr'><strong>partem</strong></span> <span class='ocrx_word' id='word_1_30' title='bbox 523 564 543 588; x_wconf 91' lang='lat' dir='ltr'>e</span> <span class='ocrx_word' id='word_1_31' title='bbox 589 549 747 587; x_wconf 85' lang='lat' dir='ltr'><strong>materia</strong></span> <span class='ocrx_word' id='word_1_32' title='bbox 793 546 947 585; x_wconf 87' lang='lat' dir='ltr'><strong>volebat</strong></span> <span class='ocrx_word' id='word_1_33' title='bbox 982 553 1183 590; x_wconf 83' lang='lat' dir='ltr'>constare,</span> <span class='ocrx_word' id='word_1_34' title='bbox 1216 551 1259 581; x_wconf 89' lang='lat' dir='ltr'>ut</span> <span class='ocrx_word' id='word_1_35' title='bbox 1284 542 1379 593; x_wconf 75' lang='lat' dir='ltr'><strong>,ejus</strong></span> 
     </span>
     <span class='ocr_line' id='line_1_7' title="bbox 338 607 1377 658; baseline -0.01 -11"><span class='ocrx_word' id='word_1_36' title='bbox 338 609 560 646; x_wconf 89' lang='lat' dir='ltr'><strong>interventu</strong></span> <span class='ocrx_word' id='word_1_37' title='bbox 589 621 679 658; x_wconf 88' lang='lat' dir='ltr'><strong>pars</strong></span> <span class='ocrx_word' id='word_1_38' title='bbox 701 607 838 644; x_wconf 91' lang='lat' dir='ltr'><strong>melior</strong></span> <span class='ocrx_word' id='word_1_39' title='bbox 858 618 943 642; x_wconf 91' lang='lat' dir='ltr'>cum</span> <span class='ocrx_word' id='word_1_40' title='bbox 965 615 1128 654; x_wconf 90' lang='lat' dir='ltr'><strong>corpore</strong></span> <span class='ocrx_word' id='word_1_41' title='bbox 1148 614 1260 651; x_wconf 83' lang='lat' dir='ltr'><strong>agere</strong></span> <span class='ocrx_word' id='word_1_42' title='bbox 1288 614 1377 651; x_wconf 87' lang='lat' dir='ltr'><strong>pos-</strong></span> 
     </span>
     <span class='ocr_line' id='line_1_8' title="bbox 338 660 1380 717; baseline -0.009 -12"><span class='ocrx_word' id='word_1_43' title='bbox 338 676 408 706; x_wconf 85' lang='lat' dir='ltr'><strong>set.</strong></span> <span class='ocrx_word' id='word_1_44' title='bbox 421 667 569 705; x_wconf 85' lang='lat' dir='ltr'><strong>Deinde</strong></span> <span class='ocrx_word' id='word_1_45' title='bbox 585 667 665 704; x_wconf 86' lang='lat' dir='ltr'>haec</span> <span class='ocrx_word' id='word_1_46' title='bbox 676 667 760 717; x_wconf 88' lang='lat' dir='ltr'><strong>ipsa</strong></span> <span class='ocrx_word' id='word_1_47' title='bbox 776 663 943 701; x_wconf 81' lang='lat' dir='ltr'><strong>deterior</strong></span> <span class='ocrx_word' id='word_1_48' title='bbox 958 671 994 699; x_wconf 92' lang='lat' dir='ltr'>et</span> <span class='ocrx_word' id='word_1_49' title='bbox 1011 660 1252 699; x_wconf 83' lang='lat' dir='ltr'><strong>irrationalis</strong></span> <span class='ocrx_word' id='word_1_50' title='bbox 1265 668 1380 710; x_wconf 86' lang='lat' dir='ltr'><strong>atque</strong></span> 
     </span>
     <span class='ocr_line' id='line_1_9' title="bbox 337 726 1381 775; baseline -0.009 -11"><span class='ocrx_word' id='word_1_51' title='bbox 337 726 432 764; x_wconf 84' lang='lat' dir='ltr'><strong>adeo</strong></span> <span class='ocrx_word' id='word_1_52' title='bbox 474 733 651 763; x_wconf 86' lang='lat' dir='ltr'><strong>concreta</strong></span> <span class='ocrx_word' id='word_1_53' title='bbox 689 737 778 775; x_wconf 85' lang='lat' dir='ltr'><strong>pars</strong></span> <span class='ocrx_word' id='word_1_54' title='bbox 831 734 899 772; x_wconf 89' lang='lat' dir='ltr'>per</span> <span class='ocrx_word' id='word_1_55' title='bbox 942 729 1063 758; x_wconf 88' lang='lat' dir='ltr'><strong>totum</strong></span> <span class='ocrx_word' id='word_1_56' title='bbox 1109 732 1251 768; x_wconf 85' lang='lat' dir='ltr'><strong>corpus</strong></span> <span class='ocrx_word' id='word_1_57' title='bbox 1298 726 1381 756; x_wconf 85' lang='lat' dir='ltr'><strong>erat</strong></span> 
     </span>
     <span class='ocr_line' id='line_1_10' title="bbox 338 777 1379 835; baseline -0.01 -12"><span class='ocrx_word' id='word_1_58' title='bbox 338 785 480 823; x_wconf 84' lang='lat' dir='ltr'><strong>diffusa</strong></span> <span class='ocrx_word' id='word_1_59' title='bbox 498 784 660 835; x_wconf 88' lang='lat' dir='ltr'><strong>ejusque</strong></span> <span class='ocrx_word' id='word_1_60' title='bbox 681 783 840 831; x_wconf 81' lang='lat' dir='ltr'><strong>liguram</strong></span> <span class='ocrx_word' id='word_1_61' title='bbox 862 777 1092 816; x_wconf 83' lang='lat' dir='ltr'><strong>assumebat.</strong></span> <span class='ocrx_word' id='word_1_62' title='bbox 1114 778 1236 824; x_wconf 89' lang='lat' dir='ltr'><strong>Quam</strong></span> <span class='ocrx_word' id='word_1_63' title='bbox 1262 777 1379 815; x_wconf 88' lang='lat' dir='ltr'><strong>ratio-</strong></span> 
     </span>
     <span class='ocr_line' id='line_1_11' title="bbox 339 837 1380 894; baseline -0.008 -12"><span class='ocrx_word' id='word_1_64' title='bbox 339 857 425 882; x_wconf 89' lang='lat' dir='ltr'>nem</span> <span class='ocrx_word' id='word_1_65' title='bbox 454 851 586 894; x_wconf 88' lang='lat' dir='ltr'><strong>postea</strong></span> <span class='ocrx_word' id='word_1_66' title='bbox 609 840 850 880; x_wconf 77' lang='lat' dir='ltr'><strong>Democritus</strong></span> <span class='ocrx_word' id='word_1_67' title='bbox 881 837 1024 887; x_wconf 89' lang='lat' dir='ltr'><strong>aliique</strong></span> <span class='ocrx_word' id='word_1_68' title='bbox 1056 845 1230 875; x_wconf 89' lang='lat' dir='ltr'><strong>veterum</strong></span> <span class='ocrx_word' id='word_1_69' title='bbox 1260 838 1380 874; x_wconf 89' lang='lat' dir='ltr'><strong>secuti</strong></span> 
     </span>
     <span class='ocr_line' id='line_1_12' title="bbox 339 895 1381 940; baseline -0.007 0"><span class='ocrx_word' id='word_1_70' title='bbox 339 915 419 940; x_wconf 90' lang='lat' dir='ltr'>rem</span> <span class='ocrx_word' id='word_1_71' title='bbox 449 902 650 940; x_wconf 84' lang='lat' dir='ltr'><strong>mirificam</strong></span> <span class='ocrx_word' id='word_1_72' title='bbox 672 900 752 937; x_wconf 90' lang='lat' dir='ltr'><strong>suis</strong></span> <span class='ocrx_word' id='word_1_73' title='bbox 784 897 891 935; x_wconf 89' lang='lat' dir='ltr'><strong>scitis</strong></span> <span class='ocrx_word' id='word_1_74' title='bbox 923 896 1200 934; x_wconf 88' lang='lat' dir='ltr'><strong>convenienter</strong></span> <span class='ocrx_word' id='word_1_75' title='bbox 1219 895 1381 933; x_wconf 89' lang='lat' dir='ltr'><strong>uberius</strong></span> 
     </span>
     <span class='ocr_line' id='line_1_13' title="bbox 338 954 1380 1011; baseline -0.008 -13"><span class='ocrx_word' id='word_1_76' title='bbox 338 967 610 1011; x_wconf 86' lang='lat' dir='ltr'><strong>exposuerunt.</strong></span> <span class='ocrx_word' id='word_1_77' title='bbox 640 956 726 995; x_wconf 87' lang='lat' dir='ltr'><strong>Vid.</strong></span> <span class='ocrx_word' id='word_1_78' title='bbox 765 955 974 992; x_wconf 90' lang='lat' dir='ltr'><strong>Democrit.</strong></span> <span class='ocrx_word' id='word_1_79' title='bbox 1012 954 1146 1003; x_wconf 84' lang='lat' dir='ltr'><strong>fragm.</strong></span> <span class='ocrx_word' id='word_1_80' title='bbox 1176 966 1262 1005; x_wconf 84' lang='lat' dir='ltr'><strong>pag.</strong></span> <span class='ocrx_word' id='word_1_81' title='bbox 1293 958 1380 997; x_wconf 74' lang='lat'><strong>400.</strong></span> 
     </span>
     <span class='ocr_line' id='line_1_14' title="bbox 341 1012 1382 1068; baseline -0.008 -12"><span class='ocrx_word' id='word_1_82' title='bbox 341 1019 414 1056; x_wconf 88' lang='lat' dir='ltr'>Sed</span> <span class='ocrx_word' id='word_1_83' title='bbox 438 1018 674 1068; x_wconf 83' lang='lat' dir='ltr'><strong>Pythagoras</strong></span> <span class='ocrx_word' id='word_1_84' title='bbox 695 1014 771 1067; x_wconf 87' lang='lat'><strong>(55)</strong></span> <span class='ocrx_word' id='word_1_85' title='bbox 790 1013 961 1065; x_wconf 78' lang='lat' dir='ltr'><strong>putavit,</strong></span> <span class='ocrx_word' id='word_1_86' title='bbox 985 1012 1157 1050; x_wconf 88' lang='lat' dir='ltr'><strong>animum</strong></span> <span class='ocrx_word' id='word_1_87' title='bbox 1178 1025 1199 1049; x_wconf 89' lang='lat' dir='ltr'>e</span> <span class='ocrx_word' id='word_1_88' title='bbox 1218 1025 1382 1062; x_wconf 86' lang='lat' dir='ltr'><strong>corpore</strong></span> 
     </span>
     <span class='ocr_line' id='line_1_15' title="bbox 338 1075 1382 1126; baseline -0.008 -11"><span class='ocrx_word' id='word_1_89' title='bbox 338 1076 582 1115; x_wconf 86' lang='lat' dir='ltr'><strong>exturbatum</strong></span> <span class='ocrx_word' id='word_1_90' title='bbox 614 1075 750 1126; x_wconf 88' lang='lat' dir='ltr'><strong>procul</strong></span> <span class='ocrx_word' id='word_1_91' title='bbox 786 1087 808 1110; x_wconf 87' lang='lat' dir='ltr'>a</span> <span class='ocrx_word' id='word_1_92' title='bbox 839 1081 941 1111; x_wconf 88' lang='lat' dir='ltr'><strong>terra</strong></span> <span class='ocrx_word' id='word_1_93' title='bbox 975 1085 1045 1123; x_wconf 88' lang='lat' dir='ltr'>per</span> <span class='ocrx_word' id='word_1_94' title='bbox 1073 1084 1198 1109; x_wconf 90' lang='lat' dir='ltr'><strong>aerem</strong></span> <span class='ocrx_word' id='word_1_95' title='bbox 1237 1079 1382 1108; x_wconf 83' lang='lat' dir='ltr'><strong>retenta</strong></span> 
     </span>
     <span class='ocr_line' id='line_1_16' title="bbox 339 1129 1382 1187; baseline -0.008 -14"><span class='ocrx_word' id='word_1_96' title='bbox 339 1135 515 1187; x_wconf 88' lang='lat' dir='ltr'><strong>corporis</strong></span> <span class='ocrx_word' id='word_1_97' title='bbox 538 1133 796 1172; x_wconf 87' lang='lat' dir='ltr'><strong>similitudine</strong></span> <span class='ocrx_word' id='word_1_98' title='bbox 822 1145 865 1169; x_wconf 90' lang='lat' dir='ltr'>ac</span> <span class='ocrx_word' id='word_1_99' title='bbox 893 1131 1018 1180; x_wconf 86' lang='lat' dir='ltr'><strong>figura</strong></span> <span class='ocrx_word' id='word_1_100' title='bbox 1046 1130 1178 1179; x_wconf 81' lang='lat' dir='ltr'><strong>vagari</strong></span> <span class='ocrx_word' id='word_1_101' title='bbox 1202 1143 1210 1168; x_wconf 95' lang='lat'><strong>:</strong></span> <span class='ocrx_word' id='word_1_102' title='bbox 1230 1129 1382 1166; x_wconf 89' lang='lat' dir='ltr'><strong>Mercu-</strong></span> 
     </span>
     <span class='ocr_line' id='line_1_17' title="bbox 342 1188 1383 1238; baseline -0.007 -7"><span class='ocrx_word' id='word_1_103' title='bbox 342 1195 442 1231; x_wconf 86' lang='lat' dir='ltr'><strong>rium</strong></span> <span class='ocrx_word' id='word_1_104' title='bbox 472 1202 597 1231; x_wconf 90' lang='lat' dir='ltr'><strong>autem</strong></span> <span class='ocrx_word' id='word_1_105' title='bbox 625 1191 822 1230; x_wconf 90' lang='lat' dir='ltr'><strong>custodem</strong></span> <span class='ocrx_word' id='word_1_106' title='bbox 854 1202 937 1227; x_wconf 91' lang='lat' dir='ltr'><strong>esse</strong></span> <span class='ocrx_word' id='word_1_107' title='bbox 963 1189 1180 1227; x_wconf 89' lang='lat' dir='ltr'><strong>animarum</strong></span> <span class='ocrx_word' id='word_1_108' title='bbox 1216 1188 1383 1238; x_wconf 88' lang='lat' dir='ltr'><strong>ideoque</strong></span> 
     </span>
     <span class='ocr_line' id='line_1_18' title="bbox 338 1246 1381 1297; baseline -0.007 -7"><span class='ocrx_word' id='word_1_109' title='bbox 338 1253 469 1290; x_wconf 86' lang='lat' dir='ltr'><strong>vocari</strong></span> <span class='ocrx_word' id='word_1_110' title='bbox 489 1253 717 1297; x_wconf 85' lang='lat' dir='ltr'><strong>Ductorem,</strong></span> <span class='ocrx_word' id='word_1_111' title='bbox 734 1249 951 1287; x_wconf 68' lang='lat' dir='ltr'><strong>,ianitorem</strong></span> <span class='ocrx_word' id='word_1_112' title='bbox 973 1257 1010 1285; x_wconf 93' lang='lat' dir='ltr'>et</span> <span class='ocrx_word' id='word_1_113' title='bbox 1037 1248 1235 1285; x_wconf 90' lang='lat' dir='ltr'><strong>Infernum</strong></span> <span class='ocrx_word' id='word_1_114' title='bbox 1249 1278 1257 1293; x_wconf 96' lang='lat'><strong>‚</strong></span> <span class='ocrx_word' id='word_1_115' title='bbox 1278 1246 1381 1297; x_wconf 89' lang='lat' dir='ltr'><strong>quod</strong></span> 
     </span>
     <span class='ocr_line' id='line_1_19' title="bbox 337 1305 1382 1360; baseline -0.007 -12"><span class='ocrx_word' id='word_1_116' title='bbox 337 1311 482 1348; x_wconf 89' lang='lat' dir='ltr'><strong>animas</strong></span> <span class='ocrx_word' id='word_1_117' title='bbox 502 1323 522 1347; x_wconf 92' lang='lat' dir='ltr'>e</span> <span class='ocrx_word' id='word_1_118' title='bbox 542 1307 773 1360; x_wconf 87' lang='lat' dir='ltr'><strong>corporibus</strong></span> <span class='ocrx_word' id='word_1_119' title='bbox 794 1307 909 1346; x_wconf 92' lang='lat' dir='ltr'><strong>simul</strong></span> <span class='ocrx_word' id='word_1_120' title='bbox 933 1320 955 1344; x_wconf 89' lang='lat' dir='ltr'>a</span> <span class='ocrx_word' id='word_1_121' title='bbox 978 1316 1082 1344; x_wconf 90' lang='lat' dir='ltr'><strong>terra</strong></span> <span class='ocrx_word' id='word_1_122' title='bbox 1101 1306 1216 1344; x_wconf 89' lang='lat' dir='ltr'><strong>simul</strong></span> <span class='ocrx_word' id='word_1_123' title='bbox 1238 1318 1258 1342; x_wconf 92' lang='lat' dir='ltr'>e</span> <span class='ocrx_word' id='word_1_124' title='bbox 1283 1305 1382 1341; x_wconf 88' lang='lat' dir='ltr'><strong>mari</strong></span> 
     </span>
     <span class='ocr_line' id='line_1_20' title="bbox 337 1364 1382 1418; baseline -0.007 -11"><span class='ocrx_word' id='word_1_125' title='bbox 337 1368 552 1407; x_wconf 83' lang='lat' dir='ltr'><strong>deduceret.</strong></span> <span class='ocrx_word' id='word_1_126' title='bbox 572 1367 617 1405; x_wconf 89' lang='lat' dir='ltr'>Et</span> <span class='ocrx_word' id='word_1_127' title='bbox 635 1379 752 1418; x_wconf 88' lang='lat' dir='ltr'><strong>puras</strong></span> <span class='ocrx_word' id='word_1_128' title='bbox 769 1366 926 1418; x_wconf 90' lang='lat' dir='ltr'><strong>quidem</strong></span> <span class='ocrx_word' id='word_1_129' title='bbox 944 1366 985 1403; x_wconf 93' lang='lat' dir='ltr'>in</span> <span class='ocrx_word' id='word_1_130' title='bbox 1002 1366 1129 1403; x_wconf 87' lang='lat' dir='ltr'><strong>locum</strong></span> <span class='ocrx_word' id='word_1_131' title='bbox 1151 1364 1382 1401; x_wconf 86' lang='lat' dir='ltr'><strong>altissimum</strong></span> 
     </span>
     <span class='ocr_line' id='line_1_21' title="bbox 344 1423 1382 1480; baseline -0.007 -14"><span class='ocrx_word' id='word_1_132' title='bbox 344 1429 547 1480; x_wconf 89' lang='lat' dir='ltr'><strong>compelli,</strong></span> <span class='ocrx_word' id='word_1_133' title='bbox 566 1428 740 1478; x_wconf 89' lang='lat' dir='ltr'><strong>impuras</strong></span> <span class='ocrx_word' id='word_1_134' title='bbox 760 1439 855 1464; x_wconf 82' lang='lat' dir='ltr'><strong>vero</strong></span> <span class='ocrx_word' id='word_1_135' title='bbox 884 1438 954 1463; x_wconf 91' lang='lat' dir='ltr'>nec</span> <span class='ocrx_word' id='word_1_136' title='bbox 984 1424 1093 1476; x_wconf 88' lang='lat' dir='ltr'><strong>puris</strong></span> <span class='ocrx_word' id='word_1_137' title='bbox 1114 1436 1184 1461; x_wconf 91' lang='lat' dir='ltr'>nec</span> <span class='ocrx_word' id='word_1_138' title='bbox 1212 1423 1382 1461; x_wconf 90' lang='lat' dir='ltr'><strong>invicem</strong></span> 
     </span>
    </p>
   </div>
   <div class='ocr_carea' id='block_1_5' title="bbox 1030 1521 1164 1528">
    <p class='ocr_par' dir='ltr' id='par_1_5' title="bbox 1030 1521 1164 1528">
     <span class='ocr_line' id='line_1_22' title="bbox 1030 1521 1164 1528; baseline 0 2312"><span class='ocrx_word' id='word_1_139' title='bbox 1030 1521 1164 1528; x_wconf 95' lang='lat' dir='ltr'> </span> 
     </span>
    </p>
   </div>
   <div class='ocr_carea' id='block_1_6' title="bbox 335 1573 1387 3492">
    <p class='ocr_par' dir='ltr' id='par_1_6' title="bbox 335 1573 1387 3492">
     <span class='ocr_line' id='line_1_23' title="bbox 337 1573 1381 1619; baseline -0.006 -9"><span class='ocrx_word' id='word_1_140' title='bbox 337 1579 602 1619; x_wconf 82' lang='grc' dir='ltr'>συνέχονται·</span> <span class='ocrx_word' id='word_1_141' title='bbox 624 1577 698 1619; x_wconf 89' lang='grc' dir='ltr'>πρὸς</span> <span class='ocrx_word' id='word_1_142' title='bbox 723 1576 775 1612; x_wconf 85' lang='grc' dir='ltr'>οὓς</span> <span class='ocrx_word' id='word_1_143' title='bbox 802 1575 951 1607; x_wconf 73' lang='grc' dir='ltr'>ἐπακτέον</span> <span class='ocrx_word' id='word_1_144' title='bbox 978 1575 1017 1606; x_wconf 80' lang='grc' dir='ltr'>τὰ</span> <span class='ocrx_word' id='word_1_145' title='bbox 1049 1577 1103 1605; x_wconf 80' lang='grc' dir='ltr'>τοῦ</span> <span class='ocrx_word' id='word_1_146' title='bbox 1132 1573 1301 1609; x_wconf 87' lang='grc' dir='ltr'>Πλάτωνος</span> <span class='ocrx_word' id='word_1_147' title='bbox 1325 1573 1381 1604; x_wconf 84' lang='grc' dir='ltr'>οὐκ</span> 
     </span>
     <span class='ocr_line' id='line_1_24' title="bbox 337 1620 1381 1666; baseline -0.006 -10"><span class='ocrx_word' id='word_1_148' title='bbox 337 1625 469 1666; x_wconf 84' lang='grc' dir='ltr'>ἐναργῶς</span> <span class='ocrx_word' id='word_1_149' title='bbox 502 1623 659 1665; x_wconf 85' lang='grc' dir='ltr'>φθείροντα</span> <span class='ocrx_word' id='word_1_150' title='bbox 693 1625 754 1654; x_wconf 84' lang='grc' dir='ltr'>πᾶν</span> <span class='ocrx_word' id='word_1_151' title='bbox 787 1622 823 1653; x_wconf 89' lang='grc' dir='ltr'>τὸ</span> <span class='ocrx_word' id='word_1_152' title='bbox 851 1622 974 1662; x_wconf 83' lang='grc' dir='ltr'>ἄλογον.</span> <span class='ocrx_word' id='word_1_153' title='bbox 1008 1621 1110 1662; x_wconf 85' lang='grc' dir='ltr'>Τρίτοι</span> <span class='ocrx_word' id='word_1_154' title='bbox 1136 1621 1168 1651; x_wconf 84' lang='grc' dir='ltr'>δὲ</span> <span class='ocrx_word' id='word_1_155' title='bbox 1194 1620 1233 1651; x_wconf 83' lang='grc' dir='ltr'>αὗ</span> <span class='ocrx_word' id='word_1_156' title='bbox 1258 1621 1335 1651; x_wconf 89' lang='grc' dir='ltr'>εἰσιν</span> <span class='ocrx_word' id='word_1_157' title='bbox 1352 1621 1381 1651; x_wconf 87' lang='grc' dir='ltr'>οἱ</span> 
     </span>
     <span class='ocr_line' id='line_1_25' title="bbox 336 1667 1382 1712; baseline -0.006 -9"><span class='ocrx_word' id='word_1_158' title='bbox 336 1675 441 1704; x_wconf 84' lang='grc' dir='ltr'>πᾶσαν</span> <span class='ocrx_word' id='word_1_159' title='bbox 458 1671 571 1712; x_wconf 82' lang='grc' dir='ltr'>φθορὰν</span> <span class='ocrx_word' id='word_1_160' title='bbox 588 1669 742 1706; x_wconf 78' lang='grc' dir='ltr'>ἀνελόντες</span> <span class='ocrx_word' id='word_1_161' title='bbox 755 1668 817 1701; x_wconf 82' lang='grc' dir='ltr'>ἀπό</span> <span class='ocrx_word' id='word_1_162' title='bbox 831 1679 863 1700; x_wconf 85' lang='grc' dir='ltr'>τε</span> <span class='ocrx_word' id='word_1_163' title='bbox 879 1671 935 1700; x_wconf 85' lang='grc' dir='ltr'>τοῦ</span> <span class='ocrx_word' id='word_1_164' title='bbox 951 1669 1107 1709; x_wconf 83' lang='grc' dir='ltr'>ὀχήματος</span> <span class='ocrx_word' id='word_1_165' title='bbox 1124 1668 1176 1698; x_wconf 89' lang='grc' dir='ltr'>καὶ</span> <span class='ocrx_word' id='word_1_166' title='bbox 1191 1671 1244 1704; x_wconf 87' lang='grc' dir='ltr'>τῆς</span> <span class='ocrx_word' id='word_1_167' title='bbox 1259 1667 1382 1707; x_wconf 75' lang='grc' dir='ltr'><strong>ἀλογίας</strong></span> 
     </span>
     <span class='ocr_line' id='line_1_26' title="bbox 336 1715 1383 1756; baseline -0.006 -6"><span class='ocrx_word' id='word_1_168' title='bbox 336 1719 389 1750; x_wconf 85' lang='grc' dir='ltr'>καὶ</span> <span class='ocrx_word' id='word_1_169' title='bbox 406 1719 448 1754; x_wconf 88' lang='grc' dir='ltr'>εἰς</span> <span class='ocrx_word' id='word_1_170' title='bbox 465 1718 576 1749; x_wconf 87' lang='grc' dir='ltr'>ταυτὸν</span> <span class='ocrx_word' id='word_1_171' title='bbox 591 1717 714 1755; x_wconf 86' lang='grc' dir='ltr'>ἄγοντες</span> <span class='ocrx_word' id='word_1_172' title='bbox 727 1717 782 1754; x_wconf 87' lang='grc' dir='ltr'>τήν</span> <span class='ocrx_word' id='word_1_173' title='bbox 798 1727 831 1747; x_wconf 89' lang='grc' dir='ltr'>τε</span> <span class='ocrx_word' id='word_1_174' title='bbox 844 1718 899 1747; x_wconf 78' lang='grc' dir='ltr'>τοῦ</span> <span class='ocrx_word' id='word_1_175' title='bbox 913 1716 1070 1756; x_wconf 83' lang='grc' dir='ltr'>ὀχήματος</span> <span class='ocrx_word' id='word_1_176' title='bbox 1088 1715 1235 1755; x_wconf 82' lang='grc' dir='ltr'>διαμονὴν</span> <span class='ocrx_word' id='word_1_177' title='bbox 1256 1715 1308 1746; x_wconf 87' lang='grc' dir='ltr'>καὶ</span> <span class='ocrx_word' id='word_1_178' title='bbox 1328 1715 1383 1753; x_wconf 79' lang='grc' dir='ltr'>τὴν</span> 
     </span>
     <span class='ocr_line' id='line_1_27' title="bbox 339 1763 1382 1806; baseline -0.005 -9"><span class='ocrx_word' id='word_1_179' title='bbox 339 1769 394 1797; x_wconf 80' lang='grc' dir='ltr'>τοῦ</span> <span class='ocrx_word' id='word_1_180' title='bbox 415 1764 529 1806; x_wconf 84' lang='grc' dir='ltr'>ἀλόγου</span> <span class='ocrx_word' id='word_1_181' title='bbox 547 1765 600 1796; x_wconf 89' lang='grc' dir='ltr'>καὶ</span> <span class='ocrx_word' id='word_1_182' title='bbox 616 1765 651 1795; x_wconf 87' lang='grc' dir='ltr'>τὸ</span> <span class='ocrx_word' id='word_1_183' title='bbox 668 1763 773 1801; x_wconf 87' lang='grc' dir='ltr'>θνητὸν</span> <span class='ocrx_word' id='word_1_184' title='bbox 787 1763 835 1794; x_wconf 82' lang='grc' dir='ltr'>ἐπ’</span> <span class='ocrx_word' id='word_1_185' title='bbox 852 1764 946 1794; x_wconf 78' lang='grc' dir='ltr'>αὐτοῦ</span> <span class='ocrx_word' id='word_1_186' title='bbox 965 1765 1000 1794; x_wconf 89' lang='grc' dir='ltr'>τὸ</span> <span class='ocrx_word' id='word_1_187' title='bbox 1016 1763 1221 1802; x_wconf 78' lang='grc' dir='ltr'>σωματοειδὲς</span> <span class='ocrx_word' id='word_1_188' title='bbox 1241 1763 1293 1793; x_wconf 83' lang='grc' dir='ltr'>καὶ</span> <span class='ocrx_word' id='word_1_189' title='bbox 1315 1763 1382 1803; x_wconf 86' lang='grc' dir='ltr'>περὶ</span> 
     </span>
     <span class='ocr_line' id='line_1_28' title="bbox 335 1809 1382 1851; baseline -0.004 -7"><span class='ocrx_word' id='word_1_190' title='bbox 335 1813 390 1851; x_wconf 81' lang='grc' dir='ltr'>τήν</span> <span class='ocrx_word' id='word_1_191' title='bbox 408 1813 483 1849; x_wconf 84' lang='grc' dir='ltr'>ὕλην</span> <span class='ocrx_word' id='word_1_192' title='bbox 500 1811 687 1851; x_wconf 85' lang='grc' dir='ltr'>ἐπτοημένον</span> <span class='ocrx_word' id='word_1_193' title='bbox 703 1811 755 1842; x_wconf 81' lang='grc' dir='ltr'>καὶ</span> <span class='ocrx_word' id='word_1_194' title='bbox 773 1810 1008 1851; x_wconf 76' lang='grc' dir='ltr'>ἐπιμελούμενον</span> <span class='ocrx_word' id='word_1_195' title='bbox 1031 1813 1093 1841; x_wconf 84' lang='grc' dir='ltr'>τῶν</span> <span class='ocrx_word' id='word_1_196' title='bbox 1113 1810 1229 1846; x_wconf 86' lang='grc' dir='ltr'>θνητῶν</span> <span class='ocrx_word' id='word_1_197' title='bbox 1258 1809 1382 1849; x_wconf 81' lang='grc' dir='ltr'>ἐξηγού-</span> 
     </span>
     <span class='ocr_line' id='line_1_29' title="bbox 338 1855 1383 1898; baseline -0.001 -10"><span class='ocrx_word' id='word_1_198' title='bbox 338 1868 441 1898; x_wconf 89' lang='grc' dir='ltr'>μενοι,</span> <span class='ocrx_word' id='word_1_199' title='bbox 459 1859 500 1892; x_wconf 90' lang='grc' dir='ltr'>ὡς</span> <span class='ocrx_word' id='word_1_200' title='bbox 521 1855 693 1897; x_wconf 78' lang='grc' dir='ltr'>Ἰάμὸλιχος</span> <span class='ocrx_word' id='word_1_201' title='bbox 710 1856 806 1887; x_wconf 69' lang='grc' dir='ltr'>οἴεται</span> <span class='ocrx_word' id='word_1_202' title='bbox 821 1856 873 1887; x_wconf 88' lang='grc' dir='ltr'>καὶ</span> <span class='ocrx_word' id='word_1_203' title='bbox 888 1856 955 1887; x_wconf 86' lang='grc' dir='ltr'>ὅσοι</span> <span class='ocrx_word' id='word_1_204' title='bbox 970 1856 1072 1897; x_wconf 88' lang='grc' dir='ltr'>τούτῳ</span> <span class='ocrx_word' id='word_1_205' title='bbox 1087 1855 1229 1896; x_wconf 71' lang='grc' dir='ltr'>συνᾴδειν</span> <span class='ocrx_word' id='word_1_206' title='bbox 1243 1856 1383 1894; x_wconf 77' lang='grc' dir='ltr'>ἀξιοῦσι,</span> 
     </span>
     <span class='ocr_line' id='line_1_30' title="bbox 339 1901 1383 1944; baseline -0.002 -9"><span class='ocrx_word' id='word_1_207' title='bbox 339 1905 392 1935; x_wconf 83' lang='grc' dir='ltr'>καὶ</span> <span class='ocrx_word' id='word_1_208' title='bbox 410 1904 469 1944; x_wconf 84' lang='grc' dir='ltr'>οὐχ</span> <span class='ocrx_word' id='word_1_209' title='bbox 493 1904 597 1939; x_wconf 85' lang='grc' dir='ltr'>ἁπλῶς</span> <span class='ocrx_word' id='word_1_210' title='bbox 617 1903 678 1934; x_wconf 81' lang='grc' dir='ltr'>ἀπὸ</span> <span class='ocrx_word' id='word_1_211' title='bbox 703 1906 765 1934; x_wconf 85' lang='grc' dir='ltr'>τῶν</span> <span class='ocrx_word' id='word_1_212' title='bbox 783 1902 940 1943; x_wconf 89' lang='grc' dir='ltr'>σωμάτων</span> <span class='ocrx_word' id='word_1_213' title='bbox 956 1906 1018 1934; x_wconf 84' lang='grc' dir='ltr'>τῶν</span> <span class='ocrx_word' id='word_1_214' title='bbox 1035 1903 1123 1934; x_wconf 84' lang='grc' dir='ltr'>θείων</span> <span class='ocrx_word' id='word_1_215' title='bbox 1147 1902 1232 1942; x_wconf 86' lang='grc' dir='ltr'>αὐτῷ</span> <span class='ocrx_word' id='word_1_216' title='bbox 1251 1901 1383 1938; x_wconf 84' lang='grc' dir='ltr'>διδόντες</span> 
     </span>
     <span class='ocr_line' id='line_1_31' title="bbox 335 1949 1379 1990; baseline -0.002 -8"><span class='ocrx_word' id='word_1_217' title='bbox 335 1951 390 1988; x_wconf 82' lang='grc' dir='ltr'>τὴν</span> <span class='ocrx_word' id='word_1_218' title='bbox 404 1951 588 1990; x_wconf 71' lang='grc' dir='ltr'>ὑπόστασιν,</span> <span class='ocrx_word' id='word_1_219' title='bbox 607 1950 658 1981; x_wconf 85' lang='grc' dir='ltr'>ἵνα</span> <span class='ocrx_word' id='word_1_220' title='bbox 683 1950 721 1988; x_wconf 88' lang='grc' dir='ltr'>δὴ</span> <span class='ocrx_word' id='word_1_221' title='bbox 743 1950 905 1990; x_wconf 86' lang='grc' dir='ltr'>γενόμενον</span> <span class='ocrx_word' id='word_1_222' title='bbox 931 1950 967 1981; x_wconf 84' lang='grc' dir='ltr'>ἐκ</span> <span class='ocrx_word' id='word_1_223' title='bbox 989 1951 1178 1990; x_wconf 77' lang='grc' dir='ltr'>κινουμένων</span> <span class='ocrx_word' id='word_1_224' title='bbox 1198 1949 1306 1981; x_wconf 82' lang='grc' dir='ltr'>αἰτίων</span> <span class='ocrx_word' id='word_1_225' title='bbox 1326 1950 1379 1980; x_wconf 75' lang='grc' dir='ltr'>καὶ</span> 
     </span>
     <span class='ocr_line' id='line_1_32' title="bbox 337 1996 1383 2038; baseline -0.002 -9"><span class='ocrx_word' id='word_1_226' title='bbox 337 1998 523 2037; x_wconf 76' lang='grc' dir='ltr'>μεταῧλητὸν</span> <span class='ocrx_word' id='word_1_227' title='bbox 548 1997 567 2038; x_wconf 77' lang='grc' dir='ltr'>ᾖ</span> <span class='ocrx_word' id='word_1_228' title='bbox 593 1997 674 2028; x_wconf 83' lang='grc' dir='ltr'>κατὰ</span> <span class='ocrx_word' id='word_1_229' title='bbox 696 1998 751 2035; x_wconf 76' lang='grc' dir='ltr'>τὴν</span> <span class='ocrx_word' id='word_1_230' title='bbox 776 1999 887 2029; x_wconf 81' lang='grc' dir='ltr'>ἑαυτοῦ</span> <span class='ocrx_word' id='word_1_231' title='bbox 907 1996 1009 2037; x_wconf 88' lang='grc' dir='ltr'>φύσιν,</span> <span class='ocrx_word' id='word_1_232' title='bbox 1026 1997 1091 2028; x_wconf 86' lang='grc' dir='ltr'>ἀλλ’</span> <span class='ocrx_word' id='word_1_233' title='bbox 1117 1998 1180 2029; x_wconf 86' lang='grc' dir='ltr'>ἀπὸ</span> <span class='ocrx_word' id='word_1_234' title='bbox 1211 2000 1274 2028; x_wconf 87' lang='grc' dir='ltr'>τῶν</span> <span class='ocrx_word' id='word_1_235' title='bbox 1306 1998 1383 2028; x_wconf 85' lang='grc' dir='ltr'>θεῶν</span> 
     </span>
     <span class='ocr_line' id='line_1_33' title="bbox 336 2042 1383 2084; baseline -0.001 -9"><span class='ocrx_word' id='word_1_236' title='bbox 336 2048 439 2076; x_wconf 69' lang='grc' dir='ltr'>αντῶν</span> <span class='ocrx_word' id='word_1_237' title='bbox 475 2045 527 2076; x_wconf 91' lang='grc' dir='ltr'>τὸν</span> <span class='ocrx_word' id='word_1_238' title='bbox 564 2044 684 2084; x_wconf 79' lang='grc' dir='ltr'>κόσμον</span> <span class='ocrx_word' id='word_1_239' title='bbox 722 2043 969 2074; x_wconf 84' lang='grc' dir='ltr'>κατευθυνόντων</span> <span class='ocrx_word' id='word_1_240' title='bbox 997 2044 1050 2075; x_wconf 90' lang='grc' dir='ltr'>καὶ</span> <span class='ocrx_word' id='word_1_241' title='bbox 1082 2044 1183 2076; x_wconf 82' lang='grc' dir='ltr'>πάντα</span> <span class='ocrx_word' id='word_1_242' title='bbox 1220 2042 1383 2079; x_wconf 81' lang='grc' dir='ltr'>διαιωνίως</span> 
     </span>
     <span class='ocr_line' id='line_1_34' title="bbox 337 2090 1382 2131; baseline 0 -9"><span class='ocrx_word' id='word_1_243' title='bbox 337 2092 519 2123; x_wconf 81' lang='grc' dir='ltr'>ποιούντων.</span> <span class='ocrx_word' id='word_1_244' title='bbox 533 2111 574 2117; x_wconf 90' lang='grc'>-</span> <span class='ocrx_word' id='word_1_245' title='bbox 589 2090 655 2131; x_wconf 81' lang='lat'>(55)</span> <span class='ocrx_word' id='word_1_246' title='bbox 680 2090 857 2122; x_wconf 76' lang='lat' dir='ltr'><strong>Alexander</strong></span> <span class='ocrx_word' id='word_1_247' title='bbox 877 2091 1058 2131; x_wconf 76' lang='lat' dir='ltr'><strong>polyhistor</strong></span> <span class='ocrx_word' id='word_1_248' title='bbox 1075 2100 1126 2131; x_wconf 84' lang='lat' dir='ltr'>ap.</span> <span class='ocrx_word' id='word_1_249' title='bbox 1155 2091 1245 2131; x_wconf 88' lang='lat' dir='ltr'><strong>Diog.</strong></span> <span class='ocrx_word' id='word_1_250' title='bbox 1279 2092 1382 2122; x_wconf 86' lang='lat' dir='ltr'><strong>Laert.</strong></span> 
     </span>
     <span class='ocr_line' id='line_1_35' title="bbox 336 2137 1382 2178; baseline -0.002 -8"><span class='ocrx_word' id='word_1_251' title='bbox 336 2137 392 2170; x_wconf 82' lang='lat' dir='ltr'><strong>lib.</strong></span> <span class='ocrx_word' id='word_1_252' title='bbox 408 2140 496 2178; x_wconf 80' lang='lat' dir='ltr'><strong>Vnt,</strong></span> <span class='ocrx_word' id='word_1_253' title='bbox 514 2140 550 2170; x_wconf 88' lang='lat'>31</span> <span class='ocrx_word' id='word_1_254' title='bbox 569 2151 578 2170; x_wconf 73' lang='lat' dir='ltr'>e</span> <span class='ocrx_word' id='word_1_255' title='bbox 595 2138 784 2178; x_wconf 78' lang='grc' dir='ltr'>ἐκριφθεῖσαν</span> <span class='ocrx_word' id='word_1_256' title='bbox 802 2138 834 2169; x_wconf 78' lang='grc' dir='ltr'>δὲ</span> <span class='ocrx_word' id='word_1_257' title='bbox 848 2137 942 2176; x_wconf 82' lang='grc' dir='ltr'>αὐτὴν</span> <span class='ocrx_word' id='word_1_258' title='bbox 955 2138 1004 2169; x_wconf 85' lang='grc' dir='ltr'>ἐπὶ</span> <span class='ocrx_word' id='word_1_259' title='bbox 1024 2138 1096 2178; x_wconf 84' lang='lat' dir='ltr'><strong>(leg.</strong></span> <span class='ocrx_word' id='word_1_260' title='bbox 1112 2138 1186 2178; x_wconf 86' lang='grc' dir='ltr'>ἀπὸ)</span> <span class='ocrx_word' id='word_1_261' title='bbox 1199 2142 1254 2178; x_wconf 87' lang='grc' dir='ltr'>γῆς</span> <span class='ocrx_word' id='word_1_262' title='bbox 1275 2137 1382 2174; x_wconf 79' lang='grc' dir='ltr'>πλάζε-</span> 
     </span>
     <span class='ocr_line' id='line_1_36' title="bbox 337 2184 1384 2226; baseline -0.001 -10"><span class='ocrx_word' id='word_1_263' title='bbox 337 2185 409 2216; x_wconf 83' lang='grc' dir='ltr'>σθαι</span> <span class='ocrx_word' id='word_1_264' title='bbox 434 2186 465 2217; x_wconf 84' lang='grc' dir='ltr'>ἐν</span> <span class='ocrx_word' id='word_1_265' title='bbox 482 2188 529 2226; x_wconf 89' lang='grc' dir='ltr'>τῷ</span> <span class='ocrx_word' id='word_1_266' title='bbox 554 2185 637 2226; x_wconf 82' lang='grc' dir='ltr'>ἀέρι,</span> <span class='ocrx_word' id='word_1_267' title='bbox 654 2184 763 2225; x_wconf 87' lang='grc' dir='ltr'>ὁμοίαν</span> <span class='ocrx_word' id='word_1_268' title='bbox 789 2187 834 2224; x_wconf 89' lang='grc' dir='ltr'>τῷ</span> <span class='ocrx_word' id='word_1_269' title='bbox 860 2185 995 2226; x_wconf 86' lang='grc' dir='ltr'>σώματι.</span> <span class='ocrx_word' id='word_1_270' title='bbox 1012 2186 1073 2216; x_wconf 83' lang='grc' dir='ltr'>Τὸν</span> <span class='ocrx_word' id='word_1_271' title='bbox 1091 2186 1123 2217; x_wconf 79' lang='grc' dir='ltr'>δὲ</span> <span class='ocrx_word' id='word_1_272' title='bbox 1139 2186 1254 2226; x_wconf 85' lang='grc' dir='ltr'>Ἑρμῆν</span> <span class='ocrx_word' id='word_1_273' title='bbox 1270 2185 1384 2224; x_wconf 77' lang='grc' dir='ltr'>ταμίαν</span> 
     </span>
     <span class='ocr_line' id='line_1_37' title="bbox 337 2231 1384 2274; baseline -0.001 -11"><span class='ocrx_word' id='word_1_274' title='bbox 337 2232 415 2263; x_wconf 81' lang='grc' dir='ltr'>εἶναι</span> <span class='ocrx_word' id='word_1_275' title='bbox 427 2236 489 2263; x_wconf 84' lang='grc' dir='ltr'>τῶν</span> <span class='ocrx_word' id='word_1_276' title='bbox 505 2234 627 2274; x_wconf 81' lang='grc' dir='ltr'>ψυχῶν·</span> <span class='ocrx_word' id='word_1_277' title='bbox 641 2232 693 2262; x_wconf 88' lang='grc' dir='ltr'>καὶ</span> <span class='ocrx_word' id='word_1_278' title='bbox 707 2231 757 2262; x_wconf 87' lang='grc' dir='ltr'>διὰ</span> <span class='ocrx_word' id='word_1_279' title='bbox 770 2234 861 2263; x_wconf 82' lang='grc' dir='ltr'>τοῦτο</span> <span class='ocrx_word' id='word_1_280' title='bbox 875 2232 1010 2270; x_wconf 85' lang='grc' dir='ltr'>Πομπέα</span> <span class='ocrx_word' id='word_1_281' title='bbox 1023 2232 1165 2271; x_wconf 87' lang='grc' dir='ltr'>λέγεσθαι</span> <span class='ocrx_word' id='word_1_282' title='bbox 1178 2233 1230 2262; x_wconf 87' lang='grc' dir='ltr'>καὶ</span> <span class='ocrx_word' id='word_1_283' title='bbox 1249 2233 1384 2263; x_wconf 81' lang='grc' dir='ltr'>ῐΙυλαῖον</span> 
     </span>
     <span class='ocr_line' id='line_1_38' title="bbox 335 2278 1384 2319; baseline -0.001 -8"><span class='ocrx_word' id='word_1_284' title='bbox 335 2280 390 2311; x_wconf 90' lang='grc' dir='ltr'>καὶ</span> <span class='ocrx_word' id='word_1_285' title='bbox 406 2279 547 2319; x_wconf 83' lang='grc' dir='ltr'>Χθόνιον,</span> <span class='ocrx_word' id='word_1_286' title='bbox 559 2278 721 2318; x_wconf 83' lang='grc' dir='ltr'>ἐπειδήπερ</span> <span class='ocrx_word' id='word_1_287' title='bbox 741 2278 829 2313; x_wconf 80' lang='grc' dir='ltr'>οὗτος</span> <span class='ocrx_word' id='word_1_288' title='bbox 849 2279 1013 2318; x_wconf 84' lang='grc' dir='ltr'>εἰσπέμπει</span> <span class='ocrx_word' id='word_1_289' title='bbox 1034 2278 1105 2318; x_wconf 87' lang='lat' dir='ltr'><strong>(leg.</strong></span> <span class='ocrx_word' id='word_1_290' title='bbox 1120 2278 1307 2319; x_wconf 83' lang='grc' dir='ltr'>προπέμπει)</span> <span class='ocrx_word' id='word_1_291' title='bbox 1322 2279 1384 2310; x_wconf 85' lang='grc' dir='ltr'>ἀπὸ</span> 
     </span>
     <span class='ocr_line' id='line_1_39' title="bbox 335 2324 1384 2366; baseline 0.001 -9"><span class='ocrx_word' id='word_1_292' title='bbox 335 2328 398 2357; x_wconf 84' lang='grc' dir='ltr'>τῶν</span> <span class='ocrx_word' id='word_1_293' title='bbox 415 2326 569 2366; x_wconf 89' lang='grc' dir='ltr'>σωμάτων</span> <span class='ocrx_word' id='word_1_294' title='bbox 588 2326 642 2362; x_wconf 86' lang='grc' dir='ltr'>τὰς</span> <span class='ocrx_word' id='word_1_295' title='bbox 657 2324 777 2366; x_wconf 85' lang='grc' dir='ltr'>ψυχάς,</span> <span class='ocrx_word' id='word_1_296' title='bbox 795 2325 857 2357; x_wconf 87' lang='grc' dir='ltr'>ἀπό</span> <span class='ocrx_word' id='word_1_297' title='bbox 879 2336 912 2357; x_wconf 93' lang='grc' dir='ltr'>τε</span> <span class='ocrx_word' id='word_1_298' title='bbox 933 2329 989 2364; x_wconf 88' lang='grc' dir='ltr'>γῆς</span> <span class='ocrx_word' id='word_1_299' title='bbox 1011 2327 1063 2357; x_wconf 82' lang='grc' dir='ltr'>καὶ</span> <span class='ocrx_word' id='word_1_300' title='bbox 1088 2327 1124 2358; x_wconf 80' lang='grc' dir='ltr'>ἐκ</span> <span class='ocrx_word' id='word_1_301' title='bbox 1142 2327 1303 2364; x_wconf 87' lang='grc' dir='ltr'>θαλάττης.</span> <span class='ocrx_word' id='word_1_302' title='bbox 1323 2328 1384 2359; x_wconf 83' lang='grc' dir='ltr'>Καὶ</span> 
     </span>
     <span class='ocr_line' id='line_1_40' title="bbox 335 2372 1384 2414; baseline 0.002 -11"><span class='ocrx_word' id='word_1_303' title='bbox 335 2373 463 2412; x_wconf 85' lang='grc' dir='ltr'>ἄγεσθαι</span> <span class='ocrx_word' id='word_1_304' title='bbox 481 2372 534 2412; x_wconf 86' lang='grc' dir='ltr'>μὲν</span> <span class='ocrx_word' id='word_1_305' title='bbox 550 2372 603 2408; x_wconf 87' lang='grc' dir='ltr'>τὰς</span> <span class='ocrx_word' id='word_1_306' title='bbox 617 2372 751 2413; x_wconf 85' lang='grc' dir='ltr'>καθαρὰς</span> <span class='ocrx_word' id='word_1_307' title='bbox 765 2372 814 2403; x_wconf 90' lang='grc' dir='ltr'>ἐπὶ</span> <span class='ocrx_word' id='word_1_308' title='bbox 837 2373 889 2404; x_wconf 88' lang='grc' dir='ltr'>τὸν</span> <span class='ocrx_word' id='word_1_309' title='bbox 908 2373 1051 2414; x_wconf 79' lang='grc' dir='ltr'>ὕψιστον,</span> <span class='ocrx_word' id='word_1_310' title='bbox 1065 2373 1119 2410; x_wconf 86' lang='grc' dir='ltr'>τὰς</span> <span class='ocrx_word' id='word_1_311' title='bbox 1141 2373 1174 2405; x_wconf 87' lang='grc' dir='ltr'>δὲ</span> <span class='ocrx_word' id='word_1_312' title='bbox 1195 2373 1384 2414; x_wconf 79' lang='grc' dir='ltr'>ἀκαθάρτους</span> 
     </span>
     <span class='ocr_line' id='line_1_41' title="bbox 337 2418 1383 2464; baseline 0.003 -13"><span class='ocrx_word' id='word_1_313' title='bbox 337 2420 414 2461; x_wconf 89' lang='grc' dir='ltr'>μήτε</span> <span class='ocrx_word' id='word_1_314' title='bbox 428 2419 556 2455; x_wconf 83' lang='grc' dir='ltr'>ἐκείναις</span> <span class='ocrx_word' id='word_1_315' title='bbox 571 2418 708 2456; x_wconf 82' lang='grc' dir='ltr'>πελάζειν</span> <span class='ocrx_word' id='word_1_316' title='bbox 722 2420 797 2459; x_wconf 89' lang='grc' dir='ltr'>μήτε</span> <span class='ocrx_word' id='word_1_317' title='bbox 811 2419 954 2457; x_wconf 83' lang='grc' dir='ltr'>ἀλλήλαις</span> <span class='ocrx_word' id='word_1_318' title='bbox 964 2445 972 2459; x_wconf 92' lang='grc'>,</span> <span class='ocrx_word' id='word_1_319' title='bbox 989 2421 1107 2458; x_wconf 81' lang='grc' dir='ltr'>δεῖσθαι</span> <span class='ocrx_word' id='word_1_320' title='bbox 1124 2420 1151 2453; x_wconf 81' lang='grc' dir='ltr'>δ’</span> <span class='ocrx_word' id='word_1_321' title='bbox 1165 2421 1195 2452; x_wconf 84' lang='grc' dir='ltr'>ἐν</span> <span class='ocrx_word' id='word_1_322' title='bbox 1218 2422 1383 2464; x_wconf 83' lang='grc' dir='ltr'>ἀρῤήκτοις</span> 
     </span>
     <span class='ocr_line' id='line_1_42' title="bbox 339 2465 1383 2507; baseline 0.003 -9"><span class='ocrx_word' id='word_1_323' title='bbox 339 2467 464 2507; x_wconf 81' lang='grc' dir='ltr'>δεσμοῖς</span> <span class='ocrx_word' id='word_1_324' title='bbox 477 2467 538 2498; x_wconf 81' lang='grc' dir='ltr'>ὑπὸ</span> <span class='ocrx_word' id='word_1_325' title='bbox 550 2465 723 2506; x_wconf 75' lang='grc' dir='ltr'>Ἐριννύων.</span> <span class='ocrx_word' id='word_1_326' title='bbox 735 2484 774 2493; x_wconf 92' lang='grc'>-</span> <span class='ocrx_word' id='word_1_327' title='bbox 788 2466 852 2506; x_wconf 86' lang='grc'>(56)</span> <span class='ocrx_word' id='word_1_328' title='bbox 869 2467 961 2498; x_wconf 82' lang='lat' dir='ltr'><strong>conf.</strong></span> <span class='ocrx_word' id='word_1_329' title='bbox 976 2468 1118 2499; x_wconf 79' lang='lat' dir='ltr'><strong>Timaeus</strong></span> <span class='ocrx_word' id='word_1_330' title='bbox 1134 2470 1253 2501; x_wconf 85' lang='lat' dir='ltr'><strong>Locrus</strong></span> <span class='ocrx_word' id='word_1_331' title='bbox 1275 2469 1315 2501; x_wconf 92' lang='lat' dir='ltr'>de</span> <span class='ocrx_word' id='word_1_332' title='bbox 1330 2478 1383 2501; x_wconf 89' lang='lat' dir='ltr'>an.</span> 
     </span>
     <span class='ocr_line' id='line_1_43' title="bbox 337 2513 1382 2557; baseline 0.004 -13"><span class='ocrx_word' id='word_1_333' title='bbox 337 2513 448 2544; x_wconf 88' lang='lat' dir='ltr'><strong>mundi</strong></span> <span class='ocrx_word' id='word_1_334' title='bbox 471 2515 568 2552; x_wconf 58' lang='lat' dir='ltr'><strong>extu,</strong></span> <span class='ocrx_word' id='word_1_335' title='bbox 585 2513 671 2544; x_wconf 87' lang='lat' dir='ltr'><strong>Plato</strong></span> <span class='ocrx_word' id='word_1_336' title='bbox 687 2513 771 2544; x_wconf 88' lang='lat' dir='ltr'><strong>Tim.</strong></span> <span class='ocrx_word' id='word_1_337' title='bbox 793 2522 824 2553; x_wconf 89' lang='lat' dir='ltr'>p.</span> <span class='ocrx_word' id='word_1_338' title='bbox 848 2515 889 2546; x_wconf 88' lang='grc'>90</span> <span class='ocrx_word' id='word_1_339' title='bbox 914 2522 1001 2554; x_wconf 86' lang='lat' dir='ltr'><strong>seq.;</strong></span> <span class='ocrx_word' id='word_1_340' title='bbox 1027 2515 1188 2547; x_wconf 85' lang='lat' dir='ltr'><strong>Philolaus</strong></span> <span class='ocrx_word' id='word_1_341' title='bbox 1208 2525 1261 2557; x_wconf 85' lang='lat' dir='ltr'>ap.</span> <span class='ocrx_word' id='word_1_342' title='bbox 1280 2516 1382 2548; x_wconf 91' lang='lat' dir='ltr'><strong>Clem.</strong></span> 
     </span>
     <span class='ocr_line' id='line_1_44' title="bbox 337 2559 1383 2602; baseline 0.003 -11"><span class='ocrx_word' id='word_1_343' title='bbox 337 2561 427 2592; x_wconf 83' lang='lat' dir='ltr'><strong>Alex.</strong></span> <span class='ocrx_word' id='word_1_344' title='bbox 451 2562 567 2591; x_wconf 86' lang='lat' dir='ltr'><strong>Strom.</strong></span> <span class='ocrx_word' id='word_1_345' title='bbox 592 2559 646 2591; x_wconf 86' lang='lat' dir='ltr'><strong>lib.</strong></span> <span class='ocrx_word' id='word_1_346' title='bbox 668 2561 712 2591; x_wconf 88' lang='lat' dir='ltr'>Ill</span> <span class='ocrx_word' id='word_1_347' title='bbox 739 2569 809 2600; x_wconf 81' lang='lat' dir='ltr'><strong>pag.</strong></span> <span class='ocrx_word' id='word_1_348' title='bbox 836 2562 896 2592; x_wconf 81' lang='lat'>433</span> <span class='ocrx_word' id='word_1_349' title='bbox 920 2563 963 2600; x_wconf 83' lang='lat' dir='ltr'>A;</span> <span class='ocrx_word' id='word_1_350' title='bbox 990 2563 1077 2593; x_wconf 86' lang='lat' dir='ltr'><strong>Sext.</strong></span> <span class='ocrx_word' id='word_1_351' title='bbox 1114 2564 1206 2602; x_wconf 83' lang='lat' dir='ltr'><strong>Emp.</strong></span> <span class='ocrx_word' id='word_1_352' title='bbox 1230 2564 1289 2602; x_wconf 90' lang='lat' dir='ltr'>IX,</span> <span class='ocrx_word' id='word_1_353' title='bbox 1314 2564 1383 2594; x_wconf 86' lang='lat'><strong>127.</strong></span> 
     </span>
     <span class='ocr_line' id='line_1_45' title="bbox 339 2606 1383 2649; baseline 0.003 -11"><span class='ocrx_word' id='word_1_354' title='bbox 339 2606 405 2646; x_wconf 86' lang='grc'>(57)</span> <span class='ocrx_word' id='word_1_355' title='bbox 429 2606 476 2638; x_wconf 87' lang='lat' dir='ltr'>De</span> <span class='ocrx_word' id='word_1_356' title='bbox 499 2606 639 2638; x_wconf 85' lang='lat' dir='ltr'><strong>Philolao</strong></span> <span class='ocrx_word' id='word_1_357' title='bbox 665 2606 734 2638; x_wconf 80' lang='lat' dir='ltr'><strong>haec</strong></span> <span class='ocrx_word' id='word_1_358' title='bbox 752 2608 901 2638; x_wconf 88' lang='lat' dir='ltr'><strong>Clemens</strong></span> <span class='ocrx_word' id='word_1_359' title='bbox 926 2607 1160 2640; x_wconf 85' lang='lat' dir='ltr'><strong>Alexandrinus</strong></span> <span class='ocrx_word' id='word_1_360' title='bbox 1185 2618 1216 2649; x_wconf 85' lang='lat' dir='ltr'>p.</span> <span class='ocrx_word' id='word_1_361' title='bbox 1239 2612 1300 2641; x_wconf 79' lang='lat'>433</span> <span class='ocrx_word' id='word_1_362' title='bbox 1324 2612 1351 2641; x_wconf 89' lang='lat' dir='ltr'><strong>A</strong></span> <span class='ocrx_word' id='word_1_363' title='bbox 1375 2622 1383 2640; x_wconf 72' lang='grc' dir='ltr'>ι</span> 
     </span>
     <span class='ocr_line' id='line_1_46' title="bbox 337 2653 1386 2697; baseline 0.003 -13"><span class='ocrx_word' id='word_1_364' title='bbox 337 2654 420 2690; x_wconf 82' lang='grc' dir='ltr'>ἄξιον</span> <span class='ocrx_word' id='word_1_365' title='bbox 439 2653 472 2684; x_wconf 87' lang='grc' dir='ltr'>δὲ</span> <span class='ocrx_word' id='word_1_366' title='bbox 493 2654 546 2685; x_wconf 84' lang='grc' dir='ltr'>καὶ</span> <span class='ocrx_word' id='word_1_367' title='bbox 570 2657 623 2691; x_wconf 87' lang='grc' dir='ltr'>τῆς</span> <span class='ocrx_word' id='word_1_368' title='bbox 645 2653 802 2685; x_wconf 85' lang='grc' dir='ltr'>Φιλολάου</span> <span class='ocrx_word' id='word_1_369' title='bbox 817 2654 925 2690; x_wconf 84' lang='grc' dir='ltr'>λέξεως</span> <span class='ocrx_word' id='word_1_370' title='bbox 944 2658 1153 2694; x_wconf 81' lang='grc' dir='ltr'>μνημονεῦσαι</span> <span class='ocrx_word' id='word_1_371' title='bbox 1166 2666 1174 2673; x_wconf 92' lang='grc'><strong><em>·</em></strong></span> <span class='ocrx_word' id='word_1_372' title='bbox 1194 2656 1274 2696; x_wconf 88' lang='grc' dir='ltr'>λέγει</span> <span class='ocrx_word' id='word_1_373' title='bbox 1290 2656 1349 2697; x_wconf 89' lang='grc' dir='ltr'>γὰρ</span> <span class='ocrx_word' id='word_1_374' title='bbox 1368 2656 1386 2686; x_wconf 85' lang='grc' dir='ltr'>ὁ</span> 
     </span>
     <span class='ocr_line' id='line_1_47' title="bbox 339 2699 1386 2743; baseline 0.004 -12"><span class='ocrx_word' id='word_1_375' title='bbox 339 2699 544 2740; x_wconf 80' lang='grc' dir='ltr'>Πυθαγόρειος</span> <span class='ocrx_word' id='word_1_376' title='bbox 558 2699 618 2731; x_wconf 86' lang='grc' dir='ltr'>ὧδε</span> <span class='ocrx_word' id='word_1_377' title='bbox 629 2709 637 2717; x_wconf 87' lang='grc'><em>·</em></span> <span class='ocrx_word' id='word_1_378' title='bbox 653 2700 881 2741; x_wconf 86' lang='grc' dir='ltr'>Μαρτυρέονται</span> <span class='ocrx_word' id='word_1_379' title='bbox 898 2701 930 2731; x_wconf 89' lang='grc' dir='ltr'>δὲ</span> <span class='ocrx_word' id='word_1_380' title='bbox 947 2701 999 2731; x_wconf 84' lang='grc' dir='ltr'>καὶ</span> <span class='ocrx_word' id='word_1_381' title='bbox 1016 2702 1046 2732; x_wconf 87' lang='grc' dir='ltr'>οἱ</span> <span class='ocrx_word' id='word_1_382' title='bbox 1062 2702 1188 2734; x_wconf 91' lang='grc' dir='ltr'>παλαιοὶ</span> <span class='ocrx_word' id='word_1_383' title='bbox 1202 2703 1339 2743; x_wconf 88' lang='grc' dir='ltr'>θεολόγοι</span> <span class='ocrx_word' id='word_1_384' title='bbox 1353 2715 1386 2735; x_wconf 92' lang='grc' dir='ltr'>τε</span> 
     </span>
     <span class='ocr_line' id='line_1_48' title="bbox 339 2746 1386 2790; baseline 0.005 -13"><span class='ocrx_word' id='word_1_385' title='bbox 339 2748 391 2778; x_wconf 83' lang='grc' dir='ltr'>καὶ</span> <span class='ocrx_word' id='word_1_386' title='bbox 410 2746 547 2787; x_wconf 86' lang='grc' dir='ltr'>μάντιες,</span> <span class='ocrx_word' id='word_1_387' title='bbox 561 2748 602 2782; x_wconf 87' lang='grc' dir='ltr'>ὡς</span> <span class='ocrx_word' id='word_1_388' title='bbox 623 2746 674 2778; x_wconf 80' lang='grc' dir='ltr'>διά</span> <span class='ocrx_word' id='word_1_389' title='bbox 686 2757 769 2783; x_wconf 89' lang='grc' dir='ltr'>τινας</span> <span class='ocrx_word' id='word_1_390' title='bbox 782 2747 932 2788; x_wconf 83' lang='grc' dir='ltr'>τιμωρίας</span> <span class='ocrx_word' id='word_1_391' title='bbox 948 2749 969 2778; x_wconf 83' lang='grc' dir='ltr'><strong>ἁ</strong></span> <span class='ocrx_word' id='word_1_392' title='bbox 986 2748 1072 2789; x_wconf 85' lang='grc' dir='ltr'>ψυχὰ</span> <span class='ocrx_word' id='word_1_393' title='bbox 1091 2752 1135 2789; x_wconf 88' lang='grc' dir='ltr'>τῷ</span> <span class='ocrx_word' id='word_1_394' title='bbox 1156 2751 1279 2790; x_wconf 85' lang='grc' dir='ltr'>σώματι</span> <span class='ocrx_word' id='word_1_395' title='bbox 1299 2752 1386 2783; x_wconf 89' lang='grc' dir='ltr'>συνέ-</span> 
     </span>
     <span class='ocr_line' id='line_1_49' title="bbox 340 2792 1383 2834; baseline 0.006 -11"><span class='ocrx_word' id='word_1_396' title='bbox 340 2795 482 2830; x_wconf 85' lang='grc' dir='ltr'>ζευκται,</span> <span class='ocrx_word' id='word_1_397' title='bbox 502 2793 554 2823; x_wconf 81' lang='grc' dir='ltr'>καὶ</span> <span class='ocrx_word' id='word_1_398' title='bbox 572 2792 708 2832; x_wconf 87' lang='grc' dir='ltr'>καθάπερ</span> <span class='ocrx_word' id='word_1_399' title='bbox 726 2793 756 2824; x_wconf 88' lang='grc' dir='ltr'>ἐν</span> <span class='ocrx_word' id='word_1_400' title='bbox 773 2793 889 2833; x_wconf 84' lang='grc' dir='ltr'>σάματι</span> <span class='ocrx_word' id='word_1_401' title='bbox 908 2794 1008 2834; x_wconf 86' lang='grc' dir='ltr'>τούτῳ</span> <span class='ocrx_word' id='word_1_402' title='bbox 1022 2795 1180 2827; x_wconf 85' lang='grc' dir='ltr'>τέθαπται.</span> <span class='ocrx_word' id='word_1_403' title='bbox 1202 2796 1251 2828; x_wconf 80' lang='lat' dir='ltr'>Cf.</span> <span class='ocrx_word' id='word_1_404' title='bbox 1269 2797 1383 2830; x_wconf 85' lang='lat' dir='ltr'><strong>Athen.</strong></span> 
     </span>
     <span class='ocr_line' id='line_1_50' title="bbox 341 2838 1385 2884; baseline 0.006 -15"><span class='ocrx_word' id='word_1_405' title='bbox 341 2840 387 2870; x_wconf 88' lang='lat' dir='ltr'>IV</span> <span class='ocrx_word' id='word_1_406' title='bbox 403 2847 473 2879; x_wconf 85' lang='lat' dir='ltr'><strong>pag.</strong></span> <span class='ocrx_word' id='word_1_407' title='bbox 491 2841 545 2870; x_wconf 82' lang='lat'>157</span> <span class='ocrx_word' id='word_1_408' title='bbox 562 2840 597 2870; x_wconf 90' lang='lat' dir='ltr'>C.</span> <span class='ocrx_word' id='word_1_409' title='bbox 613 2840 695 2870; x_wconf 88' lang='lat' dir='ltr'>eum</span> <span class='ocrx_word' id='word_1_410' title='bbox 711 2838 842 2871; x_wconf 88' lang='lat' dir='ltr'><strong>Philolai</strong></span> <span class='ocrx_word' id='word_1_411' title='bbox 860 2839 965 2871; x_wconf 88' lang='lat' dir='ltr'><strong>verbis</strong></span> <span class='ocrx_word' id='word_1_412' title='bbox 981 2841 1125 2873; x_wconf 77' lang='lat' dir='ltr'><strong>conferre</strong></span> <span class='ocrx_word' id='word_1_413' title='bbox 1145 2842 1215 2874; x_wconf 86' lang='lat' dir='ltr'><strong>lieet</strong></span> <span class='ocrx_word' id='word_1_414' title='bbox 1230 2843 1385 2884; x_wconf 81' lang='lat' dir='ltr'><strong>Empedo-</strong></span> 
     </span>
     <span class='ocr_line' id='line_1_51' title="bbox 345 2885 1386 2930; baseline 0.008 -15"><span class='ocrx_word' id='word_1_415' title='bbox 345 2885 412 2916; x_wconf 83' lang='lat' dir='ltr'><strong>clea</strong></span> <span class='ocrx_word' id='word_1_416' title='bbox 427 2885 512 2925; x_wconf 87' lang='lat' dir='ltr'><strong>apud</strong></span> <span class='ocrx_word' id='word_1_417' title='bbox 525 2885 684 2916; x_wconf 76' lang='lat' dir='ltr'><strong>Plutarch.</strong></span> <span class='ocrx_word' id='word_1_418' title='bbox 702 2886 742 2917; x_wconf 93' lang='lat' dir='ltr'>de</span> <span class='ocrx_word' id='word_1_419' title='bbox 752 2886 844 2918; x_wconf 86' lang='lat' dir='ltr'><strong>exsil.</strong></span> <span class='ocrx_word' id='word_1_420' title='bbox 859 2895 891 2927; x_wconf 86' lang='lat' dir='ltr'>p.</span> <span class='ocrx_word' id='word_1_421' title='bbox 910 2890 966 2918; x_wconf 83' lang='lat'>607</span> <span class='ocrx_word' id='word_1_422' title='bbox 987 2888 1109 2927; x_wconf 81' lang='lat' dir='ltr'><strong>(fragm.</strong></span> <span class='ocrx_word' id='word_1_423' title='bbox 1127 2897 1175 2920; x_wconf 79' lang='lat' dir='ltr'>vs,</span> <span class='ocrx_word' id='word_1_424' title='bbox 1190 2891 1300 2930; x_wconf 85' lang='lat'>3-10):</span> <span class='ocrx_word' id='word_1_425' title='bbox 1318 2890 1386 2924; x_wconf 81' lang='grc' dir='ltr'>εὖτέ</span> 
     </span>
     <span class='ocr_line' id='line_1_52' title="bbox 342 2932 1382 2977; baseline 0.008 -15"><span class='ocrx_word' id='word_1_426' title='bbox 342 2943 386 2968; x_wconf 88' lang='grc' dir='ltr'>τις</span> <span class='ocrx_word' id='word_1_427' title='bbox 402 2932 593 2972; x_wconf 78' lang='grc' dir='ltr'>ἀμπλακίῃσι</span> <span class='ocrx_word' id='word_1_428' title='bbox 611 2932 693 2972; x_wconf 82' lang='grc' dir='ltr'>φόνῳ</span> <span class='ocrx_word' id='word_1_429' title='bbox 707 2933 779 2972; x_wconf 82' lang='grc' dir='ltr'>φίλα</span> <span class='ocrx_word' id='word_1_430' title='bbox 793 2937 865 2972; x_wconf 83' lang='grc' dir='ltr'>γυῖα</span> <span class='ocrx_word' id='word_1_431' title='bbox 880 2934 971 2974; x_wconf 85' lang='grc' dir='ltr'>μιήνῃ</span> <span class='ocrx_word' id='word_1_432' title='bbox 990 2934 1129 2973; x_wconf 84' lang='grc' dir='ltr'>Δαίμων,</span> <span class='ocrx_word' id='word_1_433' title='bbox 1146 2936 1209 2967; x_wconf 77' lang='grc' dir='ltr'>οἵτε</span> <span class='ocrx_word' id='word_1_434' title='bbox 1232 2938 1313 2977; x_wconf 82' lang='grc' dir='ltr'>βίοιο</span> <span class='ocrx_word' id='word_1_435' title='bbox 1335 2939 1382 2970; x_wconf 89' lang='grc' dir='ltr'>λε·</span> 
     </span>
     <span class='ocr_line' id='line_1_53' title="bbox 343 2978 1385 3025; baseline 0.008 -17"><span class='ocrx_word' id='word_1_436' title='bbox 343 2978 476 3017; x_wconf 79' lang='grc' dir='ltr'>λόγχασι</span> <span class='ocrx_word' id='word_1_437' title='bbox 506 2978 719 3018; x_wconf 79' lang='grc' dir='ltr'>μακραίωνος,</span> <span class='ocrx_word' id='word_1_438' title='bbox 735 2978 798 3019; x_wconf 84' lang='grc' dir='ltr'>τρίς</span> <span class='ocrx_word' id='word_1_439' title='bbox 824 2990 876 3018; x_wconf 88' lang='grc' dir='ltr'>μιν</span> <span class='ocrx_word' id='word_1_440' title='bbox 910 2979 1016 3020; x_wconf 88' lang='grc' dir='ltr'>μυρίας</span> <span class='ocrx_word' id='word_1_441' title='bbox 1043 2980 1122 3020; x_wconf 86' lang='grc' dir='ltr'>ὧρας</span> <span class='ocrx_word' id='word_1_442' title='bbox 1148 2981 1209 3013; x_wconf 83' lang='grc' dir='ltr'>ἀπὸ</span> <span class='ocrx_word' id='word_1_443' title='bbox 1238 2985 1385 3025; x_wconf 88' lang='grc' dir='ltr'>μακάρων</span> 
     </span>
     <span class='ocr_line' id='line_1_54' title="bbox 343 3024 1383 3067; baseline 0.009 -12"><span class='ocrx_word' id='word_1_444' title='bbox 343 3024 514 3062; x_wconf 81' lang='grc' dir='ltr'>ἀλάλησθαι</span> <span class='ocrx_word' id='word_1_445' title='bbox 524 3048 532 3063; x_wconf 93' lang='grc'>,</span> <span class='ocrx_word' id='word_1_446' title='bbox 547 3026 721 3066; x_wconf 85' lang='grc' dir='ltr'>γεινόμενον</span> <span class='ocrx_word' id='word_1_447' title='bbox 736 3029 868 3057; x_wconf 87' lang='grc' dir='ltr'>παντοῖα</span> <span class='ocrx_word' id='word_1_448' title='bbox 886 3027 936 3057; x_wconf 81' lang='grc' dir='ltr'>διὰ</span> <span class='ocrx_word' id='word_1_449' title='bbox 951 3026 1062 3067; x_wconf 83' lang='grc' dir='ltr'>χρόνου</span> <span class='ocrx_word' id='word_1_450' title='bbox 1082 3028 1165 3059; x_wconf 78' lang='grc' dir='ltr'>εἴδεα</span> <span class='ocrx_word' id='word_1_451' title='bbox 1186 3030 1302 3067; x_wconf 85' lang='grc' dir='ltr'>θνητῶν</span> <span class='ocrx_word' id='word_1_452' title='bbox 1317 3033 1383 3064; x_wconf 89' lang='grc' dir='ltr'>κτλ.</span> 
     </span>
     <span class='ocr_line' id='line_1_55' title="bbox 343 3070 1385 3114; baseline 0.01 -15"><span class='ocrx_word' id='word_1_453' title='bbox 343 3088 384 3095; x_wconf 82' lang='grc'><strong>-</strong></span> <span class='ocrx_word' id='word_1_454' title='bbox 397 3070 463 3109; x_wconf 80' lang='grc'>(58)</span> <span class='ocrx_word' id='word_1_455' title='bbox 479 3070 726 3109; x_wconf 78' lang='lat' dir='ltr'><strong>olympiodorus</strong></span> <span class='ocrx_word' id='word_1_456' title='bbox 740 3071 811 3102; x_wconf 85' lang='lat' dir='ltr'><strong>cod.</strong></span> <span class='ocrx_word' id='word_1_457' title='bbox 825 3073 871 3103; x_wconf 85' lang='lat'>111</span> <span class='ocrx_word' id='word_1_458' title='bbox 889 3081 921 3111; x_wconf 83' lang='lat' dir='ltr'>p.</span> <span class='ocrx_word' id='word_1_459' title='bbox 938 3075 974 3103; x_wconf 88' lang='lat'>27</span> <span class='ocrx_word' id='word_1_460' title='bbox 995 3074 1077 3113; x_wconf 80' lang='lat' dir='ltr'><strong>apud</strong></span> <span class='ocrx_word' id='word_1_461' title='bbox 1100 3076 1385 3114; x_wconf 85' lang='lat' dir='ltr'><strong>Wyttenbachium</strong></span> 
     </span>
     <span class='ocr_line' id='line_1_56' title="bbox 345 3116 1384 3164; baseline 0.009 -17"><span class='ocrx_word' id='word_1_462' title='bbox 345 3116 385 3147; x_wconf 89' lang='lat' dir='ltr'>ad</span> <span class='ocrx_word' id='word_1_463' title='bbox 404 3116 544 3148; x_wconf 73' lang='lat' dir='ltr'><strong>Platonis</strong></span> <span class='ocrx_word' id='word_1_464' title='bbox 560 3117 671 3148; x_wconf 70' lang='lat' dir='ltr'><strong>thrd.</strong></span> <span class='ocrx_word' id='word_1_465' title='bbox 693 3127 722 3157; x_wconf 85' lang='lat' dir='ltr'>p.</span> <span class='ocrx_word' id='word_1_466' title='bbox 743 3120 777 3148; x_wconf 87' lang='lat'>81</span> <span class='ocrx_word' id='word_1_467' title='bbox 806 3118 855 3149; x_wconf 90' lang='lat' dir='ltr'>ed.</span> <span class='ocrx_word' id='word_1_468' title='bbox 875 3119 983 3158; x_wconf 79' lang='lat' dir='ltr'><strong>Steph.</strong></span> <span class='ocrx_word' id='word_1_469' title='bbox 1001 3121 1174 3153; x_wconf 79' lang='lat' dir='ltr'><strong>rectissime</strong></span> <span class='ocrx_word' id='word_1_470' title='bbox 1191 3123 1235 3154; x_wconf 86' lang='lat' dir='ltr'>ait</span> <span class='ocrx_word' id='word_1_471' title='bbox 1253 3124 1308 3161; x_wconf 82' lang='grc' dir='ltr'>τὴν</span> <span class='ocrx_word' id='word_1_472' title='bbox 1331 3136 1384 3164; x_wconf 83' lang='grc' dir='ltr'>με·</span> 
     </span>
     <span class='ocr_line' id='line_1_57' title="bbox 344 3163 1385 3210; baseline 0.007 -16"><span class='ocrx_word' id='word_1_473' title='bbox 344 3163 545 3204; x_wconf 79' lang='grc' dir='ltr'>τεμψύχωσιν</span> <span class='ocrx_word' id='word_1_474' title='bbox 564 3172 635 3202; x_wconf 80' lang='lat' dir='ltr'><strong>quae</strong></span> <span class='ocrx_word' id='word_1_475' title='bbox 653 3164 768 3194; x_wconf 81' lang='lat' dir='ltr'><strong>dicitur</strong></span> <span class='ocrx_word' id='word_1_476' title='bbox 793 3165 937 3204; x_wconf 79' lang='lat' dir='ltr'><strong>migratio</strong></span> <span class='ocrx_word' id='word_1_477' title='bbox 963 3167 1079 3198; x_wconf 82' lang='lat' dir='ltr'><strong>animae</strong></span> <span class='ocrx_word' id='word_1_478' title='bbox 1108 3168 1140 3198; x_wconf 92' lang='lat' dir='ltr'>in</span> <span class='ocrx_word' id='word_1_479' title='bbox 1168 3169 1229 3200; x_wconf 91' lang='lat' dir='ltr'><strong>alia</strong></span> <span class='ocrx_word' id='word_1_480' title='bbox 1252 3166 1385 3210; x_wconf 82' lang='lat' dir='ltr'><strong>corpora</strong></span> 
     </span>
     <span class='ocr_line' id='line_1_58' title="bbox 345 3209 1386 3256; baseline 0.009 -17"><span class='ocrx_word' id='word_1_481' title='bbox 345 3209 453 3250; x_wconf 88' lang='lat' dir='ltr'><strong>potius</strong></span> <span class='ocrx_word' id='word_1_482' title='bbox 493 3211 772 3250; x_wconf 87' lang='grc' dir='ltr'>μετενσωμάτωσιν</span> <span class='ocrx_word' id='word_1_483' title='bbox 798 3211 964 3250; x_wconf 79' lang='lat' dir='ltr'><strong>dicendam</strong></span> <span class='ocrx_word' id='word_1_484' title='bbox 1001 3213 1117 3253; x_wconf 78' lang='lat' dir='ltr'><strong>suisse3</strong></span> <span class='ocrx_word' id='word_1_485' title='bbox 1146 3216 1386 3256; x_wconf 73' lang='grc' dir='ltr'>μετεμψύγωσιν</span> 
     </span>
     <span class='ocr_line' id='line_1_59' title="bbox 345 3252 1386 3303; baseline 0.011 -19"><span class='ocrx_word' id='word_1_486' title='bbox 345 3255 428 3285; x_wconf 86' lang='lat' dir='ltr'><strong>enim</strong></span> <span class='ocrx_word' id='word_1_487' title='bbox 448 3255 664 3303; x_wconf 39' lang='lat' dir='ltr'><strong>gran-unauna:</strong></span> <span class='ocrx_word' id='word_1_488' title='bbox 676 3256 796 3294; x_wconf 75' lang='lat' dir='ltr'><strong>legibus</strong></span> <span class='ocrx_word' id='word_1_489' title='bbox 809 3259 1032 3290; x_wconf 84' lang='lat' dir='ltr'><strong>convenienter</strong></span> <span class='ocrx_word' id='word_1_490' title='bbox 1043 3260 1217 3300; x_wconf 82' lang='lat' dir='ltr'><strong>significare</strong></span> <span class='ocrx_word' id='word_1_491' title='bbox 1230 3252 1386 3302; x_wconf 65' lang='lat' dir='ltr'><strong>ejns‘modi</strong></span> 
     </span>
     <span class='ocr_line' id='line_1_60' title="bbox 346 3301 1385 3347; baseline 0.01 -15"><span class='ocrx_word' id='word_1_492' title='bbox 346 3301 521 3332; x_wconf 86' lang='lat' dir='ltr'><strong>animarum</strong></span> <span class='ocrx_word' id='word_1_493' title='bbox 540 3302 778 3341; x_wconf 72' lang='lat' dir='ltr'><strong>migrationem,</strong></span> <span class='ocrx_word' id='word_1_494' title='bbox 790 3313 853 3342; x_wconf 76' lang='lat' dir='ltr'>qua</span> <span class='ocrx_word' id='word_1_495' title='bbox 869 3305 940 3336; x_wconf 75' lang='lat' dir='ltr'><strong>alim</strong></span> <span class='ocrx_word' id='word_1_496' title='bbox 958 3306 1108 3347; x_wconf 81' lang='lat' dir='ltr'><strong>deinceps</strong></span> <span class='ocrx_word' id='word_1_497' title='bbox 1123 3309 1239 3340; x_wconf 81' lang='lat' dir='ltr'><strong>animae</strong></span> <span class='ocrx_word' id='word_1_498' title='bbox 1258 3311 1288 3341; x_wconf 91' lang='lat' dir='ltr'>in</span> <span class='ocrx_word' id='word_1_499' title='bbox 1302 3311 1385 3343; x_wconf 68' lang='lat' dir='ltr'><strong>idom</strong></span> 
     </span>
     <span class='ocr_line' id='line_1_61' title="bbox 346 3349 1386 3396; baseline 0.012 -19"><span class='ocrx_word' id='word_1_500' title='bbox 346 3356 460 3387; x_wconf 81' lang='lat' dir='ltr'><strong>eorpus</strong></span> <span class='ocrx_word' id='word_1_501' title='bbox 489 3349 634 3388; x_wconf 81' lang='lat' dir='ltr'><strong>migrent.</strong></span> <span class='ocrx_word' id='word_1_502' title='bbox 667 3349 845 3381; x_wconf 83' lang='lat' dir='ltr'><strong>Herodotus</strong></span> <span class='ocrx_word' id='word_1_503' title='bbox 876 3351 929 3383; x_wconf 89' lang='lat' dir='ltr'><strong>lih.</strong></span> <span class='ocrx_word' id='word_1_504' title='bbox 958 3354 986 3383; x_wconf 92' lang='lat' dir='ltr'><strong>Il</strong></span> <span class='ocrx_word' id='word_1_505' title='bbox 998 3376 1006 3390; x_wconf 94' lang='lat'>‚</span> <span class='ocrx_word' id='word_1_506' title='bbox 1030 3356 1086 3385; x_wconf 82' lang='lat'>123</span> <span class='ocrx_word' id='word_1_507' title='bbox 1108 3367 1114 3385; x_wconf 88' lang='lat'>:</span> <span class='ocrx_word' id='word_1_508' title='bbox 1135 3359 1252 3396; x_wconf 85' lang='grc' dir='ltr'>πρῶτοι</span> <span class='ocrx_word' id='word_1_509' title='bbox 1279 3358 1310 3388; x_wconf 77' lang='grc' dir='ltr'>δὲ</span> <span class='ocrx_word' id='word_1_510' title='bbox 1334 3360 1386 3390; x_wconf 81' lang='grc' dir='ltr'>καὶ</span> 
     </span>
     <span class='ocr_line' id='line_1_62' title="bbox 345 3393 1387 3445; baseline 0.012 -22"><span class='ocrx_word' id='word_1_511' title='bbox 345 3393 431 3424; x_wconf 76' lang='grc' dir='ltr'>τόνδε</span> <span class='ocrx_word' id='word_1_512' title='bbox 442 3395 494 3425; x_wconf 86' lang='grc' dir='ltr'>τὸν</span> <span class='ocrx_word' id='word_1_513' title='bbox 509 3394 599 3434; x_wconf 90' lang='grc' dir='ltr'>λόγον</span> <span class='ocrx_word' id='word_1_514' title='bbox 614 3396 774 3435; x_wconf 77' lang='grc' dir='ltr'>Αἰγύπτιοί</span> <span class='ocrx_word' id='word_1_515' title='bbox 788 3398 848 3428; x_wconf 83' lang='grc' dir='ltr'>εἱσι</span> <span class='ocrx_word' id='word_1_516' title='bbox 863 3400 890 3429; x_wconf 84' lang='grc' dir='ltr'>οἱ</span> <span class='ocrx_word' id='word_1_517' title='bbox 906 3399 1041 3436; x_wconf 85' lang='grc' dir='ltr'>εἰπόντες</span> <span class='ocrx_word' id='word_1_518' title='bbox 1052 3424 1060 3439; x_wconf 90' lang='grc'>,</span> <span class='ocrx_word' id='word_1_519' title='bbox 1073 3403 1114 3437; x_wconf 90' lang='grc' dir='ltr'>ὡς</span> <span class='ocrx_word' id='word_1_520' title='bbox 1129 3402 1289 3443; x_wconf 80' lang='grc' dir='ltr'>ἀνθρώπου</span> <span class='ocrx_word' id='word_1_521' title='bbox 1302 3405 1387 3445; x_wconf 77' lang='grc' dir='ltr'>ψυγὴ</span> 
     </span>
     <span class='ocr_line' id='line_1_63' title="bbox 348 3439 1386 3492; baseline 0.014 -23"><span class='ocrx_word' id='word_1_522' title='bbox 348 3439 494 3476; x_wconf 73' lang='grc' dir='ltr'>ἀθάνατός</span> <span class='ocrx_word' id='word_1_523' title='bbox 512 3441 574 3472; x_wconf 81' lang='grc' dir='ltr'>ἐστι</span> <span class='ocrx_word' id='word_1_524' title='bbox 590 3450 595 3457; x_wconf 91' lang='grc'><strong><em>·</em></strong></span> <span class='ocrx_word' id='word_1_525' title='bbox 615 3445 668 3472; x_wconf 80' lang='grc' dir='ltr'>τοῦ</span> <span class='ocrx_word' id='word_1_526' title='bbox 687 3443 831 3483; x_wconf 77' lang='grc' dir='ltr'>σώματος</span> <span class='ocrx_word' id='word_1_527' title='bbox 861 3445 892 3476; x_wconf 79' lang='grc' dir='ltr'>δὲ</span> <span class='ocrx_word' id='word_1_528' title='bbox 918 3447 1152 3487; x_wconf 75' lang='grc' dir='ltr'>καταφθίνοντος</span> <span class='ocrx_word' id='word_1_529' title='bbox 1174 3449 1202 3485; x_wconf 82' lang='grc' dir='ltr'>ἐς</span> <span class='ocrx_word' id='word_1_530' title='bbox 1219 3451 1292 3482; x_wconf 72' lang='grc' dir='ltr'>ἄλλο</span> <span class='ocrx_word' id='word_1_531' title='bbox 1309 3441 1386 3492; x_wconf 79' lang='grc' dir='ltr'>ζῷόν</span> 
     </span>
    </p>
   </div>
   <div class='ocr_carea' id='block_1_7' title="bbox 1440 302 2497 1061">
    <p class='ocr_par' dir='ltr' id='par_1_7' title="bbox 1440 302 2497 1061">
     <span class='ocr_line' id='line_1_64' title="bbox 1440 302 2488 359; baseline -0.004 -15"><span class='ocrx_word' id='word_1_532' title='bbox 1440 306 1754 359; x_wconf 83' lang='lat' dir='ltr'><strong>appropinquare</strong></span> <span class='ocrx_word' id='word_1_533' title='bbox 1767 333 1778 351; x_wconf 88' lang='lat'>,</span> <span class='ocrx_word' id='word_1_534' title='bbox 1800 303 1866 341; x_wconf 89' lang='lat' dir='ltr'>sed</span> <span class='ocrx_word' id='word_1_535' title='bbox 1885 316 1907 340; x_wconf 90' lang='lat' dir='ltr'>a</span> <span class='ocrx_word' id='word_1_536' title='bbox 1926 302 2057 340; x_wconf 89' lang='lat' dir='ltr'><strong>Furiis</strong></span> <span class='ocrx_word' id='word_1_537' title='bbox 2079 303 2295 352; x_wconf 84' lang='lat' dir='ltr'><strong>constringi</strong></span> <span class='ocrx_word' id='word_1_538' title='bbox 2318 304 2488 343; x_wconf 81' lang='lat' dir='ltr'><strong>vinculis</strong></span> 
     </span>
     <span class='ocr_line' id='line_1_65' title="bbox 1441 361 2490 413; baseline -0.003 -9"><span class='ocrx_word' id='word_1_539' title='bbox 1441 364 1708 403; x_wconf 85' lang='lat' dir='ltr'><strong>tenacissimis.</strong></span> <span class='ocrx_word' id='word_1_540' title='bbox 1733 362 1865 412; x_wconf 89' lang='lat' dir='ltr'><strong>Neque</strong></span> <span class='ocrx_word' id='word_1_541' title='bbox 1895 370 2020 399; x_wconf 88' lang='lat' dir='ltr'><strong>tamen</strong></span> <span class='ocrx_word' id='word_1_542' title='bbox 2050 361 2115 399; x_wconf 89' lang='lat' dir='ltr'>hic</span> <span class='ocrx_word' id='word_1_543' title='bbox 2138 362 2380 413; x_wconf 87' lang='lat' dir='ltr'><strong>impurarum</strong></span> <span class='ocrx_word' id='word_1_544' title='bbox 2404 363 2490 402; x_wconf 83' lang='lat' dir='ltr'><strong>ani-</strong></span> 
     </span>
     <span class='ocr_line' id='line_1_66' title="bbox 1442 419 2491 472; baseline 0 -10"><span class='ocrx_word' id='word_1_545' title='bbox 1442 437 1589 462; x_wconf 88' lang='lat' dir='ltr'><strong>marum</strong></span> <span class='ocrx_word' id='word_1_546' title='bbox 1617 431 1737 460; x_wconf 86' lang='lat' dir='ltr'><strong>status</strong></span> <span class='ocrx_word' id='word_1_547' title='bbox 1764 428 1984 472; x_wconf 90' lang='lat' dir='ltr'><strong>permanet,</strong></span> <span class='ocrx_word' id='word_1_548' title='bbox 2008 419 2075 458; x_wconf 88' lang='lat' dir='ltr'>sed</span> <span class='ocrx_word' id='word_1_549' title='bbox 2097 420 2341 469; x_wconf 83' lang='lat' dir='ltr'><strong>migrandum</strong></span> <span class='ocrx_word' id='word_1_550' title='bbox 2362 422 2414 461; x_wconf 82' lang='lat' dir='ltr'>iis</span> <span class='ocrx_word' id='word_1_551' title='bbox 2433 431 2491 462; x_wconf 83' lang='lat' dir='ltr'>est</span> 
     </span>
     <span class='ocr_line' id='line_1_67' title="bbox 1443 479 2488 533; baseline 0 -13"><span class='ocrx_word' id='word_1_552' title='bbox 1443 484 1520 533; x_wconf 85' lang='lat'><strong>(56)</strong></span> <span class='ocrx_word' id='word_1_553' title='bbox 1544 495 1612 533; x_wconf 88' lang='lat' dir='ltr'>per</span> <span class='ocrx_word' id='word_1_554' title='bbox 1644 482 1756 518; x_wconf 88' lang='lat' dir='ltr'><strong>varia</strong></span> <span class='ocrx_word' id='word_1_555' title='bbox 1783 479 1965 530; x_wconf 86' lang='lat' dir='ltr'><strong>deinceps</strong></span> <span class='ocrx_word' id='word_1_556' title='bbox 1997 491 2165 530; x_wconf 88' lang='lat' dir='ltr'><strong>corpora</strong></span> <span class='ocrx_word' id='word_1_557' title='bbox 2191 480 2256 518; x_wconf 85' lang='lat' dir='ltr'>vel</span> <span class='ocrx_word' id='word_1_558' title='bbox 2286 480 2488 520; x_wconf 87' lang='lat' dir='ltr'><strong>hominum</strong></span> 
     </span>
     <span class='ocr_line' id='line_1_68' title="bbox 1442 538 2488 590; baseline 0.001 -11"><span class='ocrx_word' id='word_1_559' title='bbox 1442 543 1501 579; x_wconf 92' lang='lat' dir='ltr'>vel</span> <span class='ocrx_word' id='word_1_560' title='bbox 1522 541 1733 579; x_wconf 87' lang='lat' dir='ltr'><strong>bestiarum</strong></span> <span class='ocrx_word' id='word_1_561' title='bbox 1763 538 1822 575; x_wconf 84' lang='lat' dir='ltr'>vel</span> <span class='ocrx_word' id='word_1_562' title='bbox 1839 538 2059 589; x_wconf 85' lang='lat' dir='ltr'><strong>plantarum</strong></span> <span class='ocrx_word' id='word_1_563' title='bbox 2079 538 2323 590; x_wconf 88' lang='lat' dir='ltr'><strong>aliarumque</strong></span> <span class='ocrx_word' id='word_1_564' title='bbox 2340 551 2488 589; x_wconf 84' lang='lat' dir='ltr'><strong>rerum,</strong></span> 
     </span>
     <span class='ocr_line' id='line_1_69' title="bbox 1441 597 2491 650; baseline 0.003 -14"><span class='ocrx_word' id='word_1_565' title='bbox 1441 599 1563 636; x_wconf 90' lang='lat' dir='ltr'><strong>donec</strong></span> <span class='ocrx_word' id='word_1_566' title='bbox 1580 607 1667 650; x_wconf 88' lang='lat' dir='ltr'><strong>post</strong></span> <span class='ocrx_word' id='word_1_567' title='bbox 1694 606 1816 635; x_wconf 88' lang='lat' dir='ltr'><strong>certas</strong></span> <span class='ocrx_word' id='word_1_568' title='bbox 1837 609 2031 634; x_wconf 90' lang='lat' dir='ltr'><strong>annorum</strong></span> <span class='ocrx_word' id='word_1_569' title='bbox 2061 597 2339 637; x_wconf 87' lang='lat' dir='ltr'><strong>conversiones</strong></span> <span class='ocrx_word' id='word_1_570' title='bbox 2367 608 2491 639; x_wconf 77' lang='lat' dir='ltr'><strong>muta-</strong></span> 
     </span>
     <span class='ocr_line' id='line_1_70' title="bbox 1443 656 2491 699; baseline 0.003 -4"><span class='ocrx_word' id='word_1_571' title='bbox 1443 659 1589 695; x_wconf 90' lang='lat' dir='ltr'><strong>tionum</strong></span> <span class='ocrx_word' id='word_1_572' title='bbox 1611 657 1743 695; x_wconf 89' lang='lat' dir='ltr'><strong>orbem</strong></span> <span class='ocrx_word' id='word_1_573' title='bbox 1774 656 2025 694; x_wconf 87' lang='lat' dir='ltr'><strong>confecerint.</strong></span> <span class='ocrx_word' id='word_1_574' title='bbox 2044 656 2136 694; x_wconf 84' lang='lat' dir='ltr'><strong>Haec</strong></span> <span class='ocrx_word' id='word_1_575' title='bbox 2156 665 2213 694; x_wconf 89' lang='lat' dir='ltr'>est</span> <span class='ocrx_word' id='word_1_576' title='bbox 2237 657 2491 699; x_wconf 87' lang='lat' dir='ltr'><strong>celeberrima</strong></span> 
     </span>
     <span class='ocr_line' id='line_1_71' title="bbox 1442 715 2491 769; baseline 0.003 -15"><span class='ocrx_word' id='word_1_577' title='bbox 1442 717 1510 754; x_wconf 88' lang='lat' dir='ltr'><strong>illa</strong></span> <span class='ocrx_word' id='word_1_578' title='bbox 1531 717 1748 754; x_wconf 86' lang='lat' dir='ltr'><strong>animarum</strong></span> <span class='ocrx_word' id='word_1_579' title='bbox 1777 715 1958 764; x_wconf 85' lang='lat' dir='ltr'><strong>migratio</strong></span> <span class='ocrx_word' id='word_1_580' title='bbox 1979 727 2094 766; x_wconf 89' lang='lat' dir='ltr'><strong>quam</strong></span> <span class='ocrx_word' id='word_1_581' title='bbox 2112 723 2150 753; x_wconf 89' lang='lat' dir='ltr'>et</span> <span class='ocrx_word' id='word_1_582' title='bbox 2166 715 2491 769; x_wconf 86' lang='lat' dir='ltr'><strong>philosophorum</strong></span> 
     </span>
     <span class='ocr_line' id='line_1_72' title="bbox 1442 775 2493 830; baseline 0.003 -17"><span class='ocrx_word' id='word_1_583' title='bbox 1442 776 1618 814; x_wconf 87' lang='lat' dir='ltr'><strong>acumine</strong></span> <span class='ocrx_word' id='word_1_584' title='bbox 1637 775 1827 812; x_wconf 82' lang='lat' dir='ltr'><strong>defensam</strong></span> <span class='ocrx_word' id='word_1_585' title='bbox 1849 782 1886 811; x_wconf 94' lang='lat' dir='ltr'>et</span> <span class='ocrx_word' id='word_1_586' title='bbox 1903 782 2105 825; x_wconf 85' lang='lat' dir='ltr'><strong>poetarum</strong></span> <span class='ocrx_word' id='word_1_587' title='bbox 2129 775 2308 815; x_wconf 84' lang='lat' dir='ltr'><strong>versibus</strong></span> <span class='ocrx_word' id='word_1_588' title='bbox 2323 778 2493 830; x_wconf 81' lang='lat' dir='ltr'><strong>amplifi-</strong></span> 
     </span>
     <span class='ocr_line' id='line_1_73' title="bbox 1443 833 2491 885; baseline 0.002 -13"><span class='ocrx_word' id='word_1_589' title='bbox 1443 844 1563 872; x_wconf 85' lang='lat' dir='ltr'><strong>catam</strong></span> <span class='ocrx_word' id='word_1_590' title='bbox 1612 845 1878 885; x_wconf 84' lang='lat' dir='ltr'><strong>saepenumero</strong></span> <span class='ocrx_word' id='word_1_591' title='bbox 1919 833 2073 884; x_wconf 85' lang='lat' dir='ltr'><strong>antiqui</strong></span> <span class='ocrx_word' id='word_1_592' title='bbox 2112 844 2359 884; x_wconf 83' lang='lat' dir='ltr'><strong>exaggerant.</strong></span> <span class='ocrx_word' id='word_1_593' title='bbox 2397 836 2491 875; x_wconf 88' lang='lat' dir='ltr'>Eam</span> 
     </span>
     <span class='ocr_line' id='line_1_74' title="bbox 1443 891 2489 948; baseline 0.001 -16"><span class='ocrx_word' id='word_1_594' title='bbox 1443 895 1680 945; x_wconf 85' lang='lat' dir='ltr'><strong>Pythagoras</strong></span> <span class='ocrx_word' id='word_1_595' title='bbox 1719 905 1806 930; x_wconf 91' lang='lat' dir='ltr'>cum</span> <span class='ocrx_word' id='word_1_596' title='bbox 1860 891 2153 943; x_wconf 86' lang='lat' dir='ltr'><strong>antiquioribus</strong></span> <span class='ocrx_word' id='word_1_597' title='bbox 2212 892 2369 948; x_wconf 29' lang='lat' dir='ltr'><strong>Graecis‘</strong></span> <span class='ocrx_word' id='word_1_598' title='bbox 2410 895 2489 947; x_wconf 85' lang='lat'><strong>(57)</strong></span> 
     </span>
     <span class='ocr_line' id='line_1_75' title="bbox 1443 951 2495 1004; baseline 0.002 -13"><span class='ocrx_word' id='word_1_599' title='bbox 1443 954 1510 1004; x_wconf 84' lang='lat' dir='ltr'>qui</span> <span class='ocrx_word' id='word_1_600' title='bbox 1534 953 1574 991; x_wconf 89' lang='lat' dir='ltr'>in</span> <span class='ocrx_word' id='word_1_601' title='bbox 1594 953 1668 990; x_wconf 90' lang='lat' dir='ltr'><strong>ista</strong></span> <span class='ocrx_word' id='word_1_602' title='bbox 1689 964 1731 989; x_wconf 90' lang='lat' dir='ltr'>re</span> <span class='ocrx_word' id='word_1_603' title='bbox 1752 951 1800 989; x_wconf 88' lang='lat' dir='ltr'>ab</span> <span class='ocrx_word' id='word_1_604' title='bbox 1823 951 2094 1002; x_wconf 85' lang='lat' dir='ltr'><strong>AEgyptiorum</strong></span> <span class='ocrx_word' id='word_1_605' title='bbox 2112 951 2291 991; x_wconf 84' lang='lat' dir='ltr'><strong>doctrina</strong></span> <span class='ocrx_word' id='word_1_606' title='bbox 2310 967 2389 992; x_wconf 90' lang='lat' dir='ltr'>non</span> <span class='ocrx_word' id='word_1_607' title='bbox 2411 954 2495 994; x_wconf 88' lang='lat' dir='ltr'><strong>dis-</strong></span> 
     </span>
     <span class='ocr_line' id='line_1_76' title="bbox 1445 1009 2497 1061; baseline 0.004 -13"><span class='ocrx_word' id='word_1_608' title='bbox 1445 1011 1654 1057; x_wconf 85' lang='lat' dir='ltr'><strong>cedebant,</strong></span> <span class='ocrx_word' id='word_1_609' title='bbox 1678 1011 1734 1048; x_wconf 90' lang='lat' dir='ltr'>sic</span> <span class='ocrx_word' id='word_1_610' title='bbox 1749 1009 1979 1047; x_wconf 86' lang='lat' dir='ltr'><strong>informavit</strong></span> <span class='ocrx_word' id='word_1_611' title='bbox 1992 1038 2003 1057; x_wconf 92' lang='lat'><strong><em>‚</em></strong></span> <span class='ocrx_word' id='word_1_612' title='bbox 2019 1018 2063 1047; x_wconf 89' lang='lat' dir='ltr'>ut</span> <span class='ocrx_word' id='word_1_613' title='bbox 2079 1011 2395 1061; x_wconf 84' lang='grc' dir='ltr'>μετενσωμάτωσιν</span> <span class='ocrx_word' id='word_1_614' title='bbox 2412 1014 2497 1052; x_wconf 88' lang='lat' dir='ltr'><strong>sive</strong></span> 
     </span>
    </p>
   </div>
   <div class='ocr_carea' id='block_1_8' title="bbox 1442 1067 2499 1477">
    <p class='ocr_par' dir='ltr' id='par_1_8' title="bbox 1442 1067 2499 1477">
     <span class='ocr_line' id='line_1_77' title="bbox 1445 1067 2492 1122; baseline 0.004 -15"><span class='ocrx_word' id='word_1_615' title='bbox 1445 1069 1718 1122; x_wconf 77' lang='grc' dir='ltr'>μετεμψύχωσιν</span> <span class='ocrx_word' id='word_1_616' title='bbox 1755 1067 1836 1121; x_wconf 88' lang='lat'>(58)</span> <span class='ocrx_word' id='word_1_617' title='bbox 1871 1068 2036 1120; x_wconf 80' lang='lat' dir='ltr'><strong>proprio</strong></span> <span class='ocrx_word' id='word_1_618' title='bbox 2084 1081 2200 1108; x_wconf 88' lang='lat' dir='ltr'><strong>sensu</strong></span> <span class='ocrx_word' id='word_1_619' title='bbox 2240 1070 2492 1122; x_wconf 77' lang='lat' dir='ltr'><strong>intelligeret.</strong></span> 
     </span>
     <span class='ocr_line' id='line_1_78' title="bbox 1444 1127 2496 1181; baseline 0.004 -16"><span class='ocrx_word' id='word_1_620' title='bbox 1444 1128 1575 1179; x_wconf 90' lang='lat' dir='ltr'><strong>Neque</strong></span> <span class='ocrx_word' id='word_1_621' title='bbox 1603 1127 1715 1165; x_wconf 88' lang='lat' dir='ltr'><strong>Plato</strong></span> <span class='ocrx_word' id='word_1_622' title='bbox 1735 1127 1816 1177; x_wconf 88' lang='lat'>(59)</span> <span class='ocrx_word' id='word_1_623' title='bbox 1833 1155 1843 1174; x_wconf 92' lang='lat'>‚</span> <span class='ocrx_word' id='word_1_624' title='bbox 1864 1127 2033 1177; x_wconf 85' lang='lat' dir='ltr'><strong>diligens</strong></span> <span class='ocrx_word' id='word_1_625' title='bbox 2054 1129 2198 1166; x_wconf 85' lang='lat' dir='ltr'><strong>veteris</strong></span> <span class='ocrx_word' id='word_1_626' title='bbox 2217 1130 2417 1181; x_wconf 82' lang='lat' dir='ltr'><strong>sapientiae</strong></span> <span class='ocrx_word' id='word_1_627' title='bbox 2436 1131 2496 1169; x_wconf 90' lang='lat' dir='ltr'>in-</span> 
     </span>
     <span class='ocr_line' id='line_1_79' title="bbox 1445 1186 2498 1238; baseline 0.005 -15"><span class='ocrx_word' id='word_1_628' title='bbox 1445 1196 1615 1238; x_wconf 85' lang='lat' dir='ltr'><strong>terpres,</strong></span> <span class='ocrx_word' id='word_1_629' title='bbox 1649 1186 1961 1237; x_wconf 89' lang='lat' dir='ltr'><strong>quotiescunque</strong></span> <span class='ocrx_word' id='word_1_630' title='bbox 1996 1186 2118 1237; x_wconf 87' lang='lat' dir='ltr'><strong>hujus</strong></span> <span class='ocrx_word' id='word_1_631' title='bbox 2168 1188 2304 1237; x_wconf 87' lang='lat' dir='ltr'><strong>placiti</strong></span> <span class='ocrx_word' id='word_1_632' title='bbox 2346 1190 2498 1235; x_wconf 65' lang='lat' dir='ltr'><strong>tamjn</strong></span> 
     </span>
     <span class='ocr_line' id='line_1_80' title="bbox 1444 1245 2496 1300; baseline 0.005 -17"><span class='ocrx_word' id='word_1_633' title='bbox 1444 1246 1780 1297; x_wconf 88' lang='lat' dir='ltr'><strong>Pythagoreorum</strong></span> <span class='ocrx_word' id='word_1_634' title='bbox 1805 1245 1950 1284; x_wconf 87' lang='lat' dir='ltr'><strong>scholis</strong></span> <span class='ocrx_word' id='word_1_635' title='bbox 1971 1259 2088 1296; x_wconf 90' lang='lat' dir='ltr'><strong>quam</strong></span> <span class='ocrx_word' id='word_1_636' title='bbox 2122 1246 2165 1284; x_wconf 91' lang='lat' dir='ltr'>in</span> <span class='ocrx_word' id='word_1_637' title='bbox 2197 1247 2382 1299; x_wconf 83' lang='lat' dir='ltr'><strong>Orphicis</strong></span> <span class='ocrx_word' id='word_1_638' title='bbox 2419 1250 2496 1300; x_wconf 89' lang='lat'>(60)</span> 
     </span>
     <span class='ocr_line' id='line_1_81' title="bbox 1446 1305 2499 1355; baseline 0.005 -13"><span class='ocrx_word' id='word_1_639' title='bbox 1446 1306 1642 1355; x_wconf 87' lang='lat' dir='ltr'><strong>mysteriis</strong></span> <span class='ocrx_word' id='word_1_640' title='bbox 1663 1305 1796 1343; x_wconf 86' lang='lat' dir='ltr'><strong>traditi</strong></span> <span class='ocrx_word' id='word_1_641' title='bbox 1821 1305 2059 1343; x_wconf 90' lang='lat' dir='ltr'><strong>mentionem</strong></span> <span class='ocrx_word' id='word_1_642' title='bbox 2081 1315 2233 1352; x_wconf 91' lang='lat' dir='ltr'><strong>movet,</strong></span> <span class='ocrx_word' id='word_1_643' title='bbox 2255 1307 2369 1346; x_wconf 90' lang='lat' dir='ltr'><strong>aliter</strong></span> <span class='ocrx_word' id='word_1_644' title='bbox 2387 1307 2436 1346; x_wconf 89' lang='lat' dir='ltr'>de</span> <span class='ocrx_word' id='word_1_645' title='bbox 2452 1321 2499 1347; x_wconf 88' lang='lat' dir='ltr'>eo</span> 
     </span>
     <span class='ocr_line' id='line_1_82' title="bbox 1442 1363 2497 1418; baseline 0.004 -16"><span class='ocrx_word' id='word_1_646' title='bbox 1442 1363 1655 1414; x_wconf 87' lang='lat' dir='ltr'><strong>judicavit,</strong></span> <span class='ocrx_word' id='word_1_647' title='bbox 1678 1363 1750 1401; x_wconf 89' lang='lat' dir='ltr'><strong>etsi</strong></span> <span class='ocrx_word' id='word_1_648' title='bbox 1782 1372 1944 1414; x_wconf 90' lang='lat' dir='ltr'><strong>excepto</strong></span> <span class='ocrx_word' id='word_1_649' title='bbox 1974 1363 2131 1402; x_wconf 90' lang='lat' dir='ltr'><strong>Plotino</strong></span> <span class='ocrx_word' id='word_1_650' title='bbox 2155 1366 2234 1417; x_wconf 89' lang='lat'>(61)</span> <span class='ocrx_word' id='word_1_651' title='bbox 2261 1369 2497 1418; x_wconf 82' lang='lat' dir='ltr'><strong>posteriores</strong></span> 
     </span>
     <span class='ocr_line' id='line_1_83' title="bbox 1446 1422 2497 1477; baseline 0.004 -17"><span class='ocrx_word' id='word_1_652' title='bbox 1446 1423 1638 1460; x_wconf 88' lang='lat' dir='ltr'><strong>Platonici</strong></span> <span class='ocrx_word' id='word_1_653' title='bbox 1666 1431 1703 1461; x_wconf 92' lang='lat' dir='ltr'>et</span> <span class='ocrx_word' id='word_1_654' title='bbox 1720 1423 1970 1474; x_wconf 84' lang='lat' dir='ltr'><strong>Pythagorei,</strong></span> <span class='ocrx_word' id='word_1_655' title='bbox 1993 1422 2236 1462; x_wconf 86' lang='lat' dir='ltr'><strong>Jamblichus</strong></span> <span class='ocrx_word' id='word_1_656' title='bbox 2251 1423 2347 1477; x_wconf 76' lang='lat'>(62),</span> <span class='ocrx_word' id='word_1_657' title='bbox 2361 1425 2497 1477; x_wconf 84' lang='lat' dir='ltr'><strong>Olym-</strong></span> 
     </span>
    </p>
   </div>
   <div class='ocr_carea' id='block_1_9' title="bbox 1445 1573 2501 3449">
    <p class='ocr_par' dir='ltr' id='par_1_9' title="bbox 1445 1573 2501 3449">
     <span class='ocr_line' id='line_1_84' title="bbox 1445 1573 2500 1618; baseline 0.006 -14"><span class='ocrx_word' id='word_1_658' title='bbox 1445 1573 1503 1604; x_wconf 85' lang='grc' dir='ltr'>αἰεὶ</span> <span class='ocrx_word' id='word_1_659' title='bbox 1523 1573 1682 1613; x_wconf 81' lang='grc' dir='ltr'>γινόμενον</span> <span class='ocrx_word' id='word_1_660' title='bbox 1697 1573 1856 1605; x_wconf 82' lang='grc' dir='ltr'>ἐσδύεται·</span> <span class='ocrx_word' id='word_1_661' title='bbox 1875 1573 1968 1605; x_wconf 85' lang='grc' dir='ltr'>ἐπεὰν</span> <span class='ocrx_word' id='word_1_662' title='bbox 1990 1573 2023 1605; x_wconf 81' lang='grc' dir='ltr'>δὲ</span> <span class='ocrx_word' id='word_1_663' title='bbox 2039 1574 2182 1615; x_wconf 84' lang='grc' dir='ltr'>περιέλθῃ</span> <span class='ocrx_word' id='word_1_664' title='bbox 2197 1575 2298 1608; x_wconf 80' lang='grc' dir='ltr'>πάντα</span> <span class='ocrx_word' id='word_1_665' title='bbox 2312 1575 2352 1608; x_wconf 81' lang='grc' dir='ltr'>τὰ</span> <span class='ocrx_word' id='word_1_666' title='bbox 2365 1582 2500 1618; x_wconf 82' lang='grc' dir='ltr'>χερσαῖα</span> 
     </span>
     <span class='ocr_line' id='line_1_85' title="bbox 1445 1620 2500 1666; baseline 0.006 -14"><span class='ocrx_word' id='word_1_667' title='bbox 1445 1622 1498 1652; x_wconf 86' lang='grc' dir='ltr'>καὶ</span> <span class='ocrx_word' id='word_1_668' title='bbox 1520 1621 1560 1652; x_wconf 86' lang='grc' dir='ltr'>τὰ</span> <span class='ocrx_word' id='word_1_669' title='bbox 1585 1620 1742 1652; x_wconf 88' lang='grc' dir='ltr'>θαλάσσια</span> <span class='ocrx_word' id='word_1_670' title='bbox 1765 1621 1818 1652; x_wconf 87' lang='grc' dir='ltr'>καὶ</span> <span class='ocrx_word' id='word_1_671' title='bbox 1843 1621 1883 1652; x_wconf 86' lang='grc' dir='ltr'>τὰ</span> <span class='ocrx_word' id='word_1_672' title='bbox 1909 1621 2053 1661; x_wconf 87' lang='grc' dir='ltr'>πετεινά,</span> <span class='ocrx_word' id='word_1_673' title='bbox 2066 1621 2152 1658; x_wconf 84' lang='grc' dir='ltr'>αὖτις</span> <span class='ocrx_word' id='word_1_674' title='bbox 2174 1621 2204 1659; x_wconf 85' lang='grc' dir='ltr'>ἐς</span> <span class='ocrx_word' id='word_1_675' title='bbox 2225 1622 2388 1665; x_wconf 78' lang='grc' dir='ltr'>ἀνθρώπου</span> <span class='ocrx_word' id='word_1_676' title='bbox 2405 1629 2500 1666; x_wconf 80' lang='grc' dir='ltr'>σῶμα</span> 
     </span>
     <span class='ocr_line' id='line_1_86' title="bbox 1445 1668 2499 1715; baseline 0.007 -16"><span class='ocrx_word' id='word_1_677' title='bbox 1445 1668 1604 1709; x_wconf 83' lang='grc' dir='ltr'>γινόμενον</span> <span class='ocrx_word' id='word_1_678' title='bbox 1621 1668 1770 1702; x_wconf 83' lang='grc' dir='ltr'>ἐσδύνειν’</span> <span class='ocrx_word' id='word_1_679' title='bbox 1787 1669 1843 1706; x_wconf 84' lang='grc' dir='ltr'>τήν</span> <span class='ocrx_word' id='word_1_680' title='bbox 1856 1669 2040 1710; x_wconf 87' lang='grc' dir='ltr'>περιήλυσιν</span> <span class='ocrx_word' id='word_1_681' title='bbox 2060 1669 2093 1701; x_wconf 90' lang='grc' dir='ltr'>δὲ</span> <span class='ocrx_word' id='word_1_682' title='bbox 2109 1671 2188 1710; x_wconf 83' lang='grc' dir='ltr'>αὐτῇ</span> <span class='ocrx_word' id='word_1_683' title='bbox 2202 1669 2340 1710; x_wconf 88' lang='grc' dir='ltr'>γίνεσθαι</span> <span class='ocrx_word' id='word_1_684' title='bbox 2364 1672 2397 1704; x_wconf 85' lang='grc' dir='ltr'>ἐν</span> <span class='ocrx_word' id='word_1_685' title='bbox 2411 1684 2499 1715; x_wconf 81' lang='grc' dir='ltr'>τρισ·</span> 
     </span>
     <span class='ocr_line' id='line_1_87' title="bbox 1445 1715 2498 1762; baseline 0.007 -16"><span class='ocrx_word' id='word_1_686' title='bbox 1445 1715 1573 1756; x_wconf 89' lang='grc' dir='ltr'>χιλίοισι</span> <span class='ocrx_word' id='word_1_687' title='bbox 1598 1715 1692 1747; x_wconf 81' lang='grc' dir='ltr'>ἔτεσι.</span> <span class='ocrx_word' id='word_1_688' title='bbox 1712 1715 1823 1756; x_wconf 85' lang='grc' dir='ltr'>Τούτῳ</span> <span class='ocrx_word' id='word_1_689' title='bbox 1847 1719 1892 1756; x_wconf 91' lang='grc' dir='ltr'>τῷ</span> <span class='ocrx_word' id='word_1_690' title='bbox 1907 1715 1994 1757; x_wconf 85' lang='grc' dir='ltr'>λόγῳ</span> <span class='ocrx_word' id='word_1_691' title='bbox 2011 1717 2072 1748; x_wconf 87' lang='grc' dir='ltr'>εἰσὶ</span> <span class='ocrx_word' id='word_1_692' title='bbox 2088 1717 2118 1748; x_wconf 88' lang='grc' dir='ltr'>οἳ</span> <span class='ocrx_word' id='word_1_693' title='bbox 2137 1717 2294 1756; x_wconf 86' lang='grc' dir='ltr'>Ἑλλήνων</span> <span class='ocrx_word' id='word_1_694' title='bbox 2306 1718 2498 1762; x_wconf 82' lang='grc' dir='ltr'>ἐχρήσαντο,</span> 
     </span>
     <span class='ocr_line' id='line_1_88' title="bbox 1447 1763 2500 1806; baseline 0.007 -12"><span class='ocrx_word' id='word_1_695' title='bbox 1447 1765 1476 1794; x_wconf 79' lang='grc' dir='ltr'>οἱ</span> <span class='ocrx_word' id='word_1_696' title='bbox 1503 1763 1556 1803; x_wconf 85' lang='grc' dir='ltr'>μὲν</span> <span class='ocrx_word' id='word_1_697' title='bbox 1582 1763 1741 1804; x_wconf 88' lang='grc' dir='ltr'>πρότερον,</span> <span class='ocrx_word' id='word_1_698' title='bbox 1759 1765 1788 1795; x_wconf 84' lang='grc' dir='ltr'>οἱ</span> <span class='ocrx_word' id='word_1_699' title='bbox 1817 1763 1850 1795; x_wconf 85' lang='grc' dir='ltr'>δὲ</span> <span class='ocrx_word' id='word_1_700' title='bbox 1869 1764 2010 1804; x_wconf 78' lang='grc' dir='ltr'>ὕστερον,</span> <span class='ocrx_word' id='word_1_701' title='bbox 2025 1765 2067 1801; x_wconf 86' lang='grc' dir='ltr'>ὡς</span> <span class='ocrx_word' id='word_1_702' title='bbox 2086 1764 2156 1806; x_wconf 84' lang='grc' dir='ltr'>ἰδίῳ</span> <span class='ocrx_word' id='word_1_703' title='bbox 2181 1765 2307 1798; x_wconf 81' lang='grc' dir='ltr'>ἑωυτῶν</span> <span class='ocrx_word' id='word_1_704' title='bbox 2325 1765 2404 1799; x_wconf 82' lang='grc' dir='ltr'>ἐόντι</span> <span class='ocrx_word' id='word_1_705' title='bbox 2417 1773 2500 1802; x_wconf 88' lang='grc' dir='ltr'>·τῶν</span> 
     </span>
     <span class='ocr_line' id='line_1_89' title="bbox 1446 1809 2498 1856; baseline 0.01 -16"><span class='ocrx_word' id='word_1_706' title='bbox 1446 1809 1508 1849; x_wconf 86' lang='grc' dir='ltr'>ἐγὼ</span> <span class='ocrx_word' id='word_1_707' title='bbox 1524 1810 1612 1846; x_wconf 87' lang='grc' dir='ltr'>εἰδὼς</span> <span class='ocrx_word' id='word_1_708' title='bbox 1627 1811 1667 1841; x_wconf 85' lang='grc' dir='ltr'>τὰ</span> <span class='ocrx_word' id='word_1_709' title='bbox 1686 1809 1844 1851; x_wconf 81' lang='grc' dir='ltr'>οὐνόματα</span> <span class='ocrx_word' id='word_1_710' title='bbox 1866 1811 1903 1842; x_wconf 87' lang='grc' dir='ltr'>οὐ</span> <span class='ocrx_word' id='word_1_711' title='bbox 1923 1811 2042 1852; x_wconf 86' lang='grc' dir='ltr'>γράφω.</span> <span class='ocrx_word' id='word_1_712' title='bbox 2065 1811 2136 1843; x_wconf 84' lang='lat' dir='ltr'><strong>Vid.</strong></span> <span class='ocrx_word' id='word_1_713' title='bbox 2153 1811 2233 1844; x_wconf 85' lang='lat' dir='ltr'><strong>Phil.</strong></span> <span class='ocrx_word' id='word_1_714' title='bbox 2252 1813 2358 1846; x_wconf 78' lang='lat' dir='ltr'><strong>Graec.</strong></span> <span class='ocrx_word' id='word_1_715' title='bbox 2386 1814 2498 1856; x_wconf 79' lang='lat' dir='ltr'><strong>fragm.</strong></span> 
     </span>
     <span class='ocr_line' id='line_1_90' title="bbox 1447 1856 2496 1899; baseline 0.008 -12"><span class='ocrx_word' id='word_1_716' title='bbox 1447 1856 1511 1887; x_wconf 91' lang='lat' dir='ltr'><strong>vol.</strong></span> <span class='ocrx_word' id='word_1_717' title='bbox 1528 1858 1543 1888; x_wconf 97' lang='lat' dir='ltr'>I</span> <span class='ocrx_word' id='word_1_718' title='bbox 1561 1857 1601 1888; x_wconf 91' lang='lat' dir='ltr'>de</span> <span class='ocrx_word' id='word_1_719' title='bbox 1621 1857 1814 1897; x_wconf 85' lang='lat' dir='ltr'><strong>Empedocle</strong></span> <span class='ocrx_word' id='word_1_720' title='bbox 1843 1866 1914 1898; x_wconf 78' lang='lat' dir='ltr'><strong>pag.</strong></span> <span class='ocrx_word' id='word_1_721' title='bbox 1931 1859 2016 1890; x_wconf 80' lang='lat' dir='ltr'><strong>XIX.</strong></span> <span class='ocrx_word' id='word_1_722' title='bbox 2038 1878 2079 1885; x_wconf 92' lang='lat'><strong>—</strong></span> <span class='ocrx_word' id='word_1_723' title='bbox 2100 1858 2166 1899; x_wconf 85' lang='grc'>(59)</span> <span class='ocrx_word' id='word_1_724' title='bbox 2192 1859 2286 1892; x_wconf 85' lang='lat' dir='ltr'><strong>Plato</strong></span> <span class='ocrx_word' id='word_1_725' title='bbox 2313 1860 2346 1892; x_wconf 93' lang='lat' dir='ltr'>in</span> <span class='ocrx_word' id='word_1_726' title='bbox 2373 1861 2496 1896; x_wconf 78' lang='lat' dir='ltr'><strong>Timoeo</strong></span> 
     </span>
     <span class='ocr_line' id='line_1_91' title="bbox 1447 1904 2501 1947; baseline 0.008 -13"><span class='ocrx_word' id='word_1_727' title='bbox 1447 1912 1479 1944; x_wconf 86' lang='lat' dir='ltr'>p.</span> <span class='ocrx_word' id='word_1_728' title='bbox 1500 1908 1557 1944; x_wconf 79' lang='lat'>62;</span> <span class='ocrx_word' id='word_1_729' title='bbox 1576 1905 1651 1936; x_wconf 87' lang='lat' dir='ltr'><strong>item</strong></span> <span class='ocrx_word' id='word_1_730' title='bbox 1672 1905 1702 1935; x_wconf 90' lang='lat' dir='ltr'>in</span> <span class='ocrx_word' id='word_1_731' title='bbox 1723 1904 1882 1936; x_wconf 76' lang='lat' dir='ltr'><strong>Phaedone</strong></span> <span class='ocrx_word' id='word_1_732' title='bbox 1902 1914 1932 1945; x_wconf 83' lang='lat' dir='ltr'>p.</span> <span class='ocrx_word' id='word_1_733' title='bbox 1950 1907 1986 1937; x_wconf 85' lang='lat'>81</span> <span class='ocrx_word' id='word_1_734' title='bbox 2007 1915 2016 1937; x_wconf 71' lang='grc' dir='ltr'>ι</span> <span class='ocrx_word' id='word_1_735' title='bbox 2034 1906 2117 1943; x_wconf 83' lang='grc' dir='ltr'>εἰκὸς</span> <span class='ocrx_word' id='word_1_736' title='bbox 2142 1906 2246 1947; x_wconf 86' lang='grc' dir='ltr'>μέντοι</span> <span class='ocrx_word' id='word_1_737' title='bbox 2261 1930 2323 1940; x_wconf 90' lang='grc'>.....</span> <span class='ocrx_word' id='word_1_738' title='bbox 2341 1909 2395 1940; x_wconf 77' lang='grc' dir='ltr'>καὶ</span> <span class='ocrx_word' id='word_1_739' title='bbox 2418 1910 2455 1942; x_wconf 84' lang='grc' dir='ltr'>οὔ</span> <span class='ocrx_word' id='word_1_740' title='bbox 2470 1911 2501 1943; x_wconf 87' lang='grc' dir='ltr'>τί</span> 
     </span>
     <span class='ocr_line' id='line_1_92' title="bbox 1446 1951 2500 1998; baseline 0.009 -17"><span class='ocrx_word' id='word_1_741' title='bbox 1446 1962 1480 1989; x_wconf 91' lang='grc' dir='ltr'>γε</span> <span class='ocrx_word' id='word_1_742' title='bbox 1499 1951 1553 1988; x_wconf 84' lang='grc' dir='ltr'>τὰς</span> <span class='ocrx_word' id='word_1_743' title='bbox 1571 1955 1633 1982; x_wconf 85' lang='grc' dir='ltr'>τῶν</span> <span class='ocrx_word' id='word_1_744' title='bbox 1659 1951 1782 1992; x_wconf 83' lang='grc' dir='ltr'>ἀγαθῶν</span> <span class='ocrx_word' id='word_1_745' title='bbox 1802 1951 1915 1988; x_wconf 81' lang='grc' dir='ltr'>ταύτας</span> <span class='ocrx_word' id='word_1_746' title='bbox 1944 1953 2041 1992; x_wconf 80' lang='grc' dir='ltr'>εἶναι,</span> <span class='ocrx_word' id='word_1_747' title='bbox 2059 1953 2138 1984; x_wconf 83' lang='grc' dir='ltr'>ἀλλὰ</span> <span class='ocrx_word' id='word_1_748' title='bbox 2153 1953 2208 1990; x_wconf 86' lang='grc' dir='ltr'>τὰς</span> <span class='ocrx_word' id='word_1_749' title='bbox 2225 1957 2289 1986; x_wconf 84' lang='grc' dir='ltr'>τῶν</span> <span class='ocrx_word' id='word_1_750' title='bbox 2307 1955 2444 1998; x_wconf 79' lang='grc' dir='ltr'>φαύλων,</span> <span class='ocrx_word' id='word_1_751' title='bbox 2467 1958 2500 1990; x_wconf 84' lang='grc' dir='ltr'>αἳ</span> 
     </span>
     <span class='ocr_line' id='line_1_93' title="bbox 1446 1998 2500 2042; baseline 0.009 -14"><span class='ocrx_word' id='word_1_752' title='bbox 1446 1998 1513 2038; x_wconf 89' lang='grc' dir='ltr'>περὶ</span> <span class='ocrx_word' id='word_1_753' title='bbox 1531 1998 1569 2029; x_wconf 84' lang='grc' dir='ltr'>τὰ</span> <span class='ocrx_word' id='word_1_754' title='bbox 1591 2001 1720 2030; x_wconf 81' lang='grc' dir='ltr'>τοιαῦτα</span> <span class='ocrx_word' id='word_1_755' title='bbox 1740 1998 1964 2037; x_wconf 78' lang='grc' dir='ltr'>ἀναγκάζονται</span> <span class='ocrx_word' id='word_1_756' title='bbox 1987 2001 2163 2032; x_wconf 76' lang='grc' dir='ltr'>πλανᾶσθαι</span> <span class='ocrx_word' id='word_1_757' title='bbox 2185 2001 2274 2040; x_wconf 80' lang='grc' dir='ltr'>δίκην</span> <span class='ocrx_word' id='word_1_758' title='bbox 2291 2002 2431 2036; x_wconf 87' lang='grc' dir='ltr'>τίνουσαι</span> <span class='ocrx_word' id='word_1_759' title='bbox 2446 2009 2500 2042; x_wconf 73' lang='grc' dir='ltr'>τῆς</span> 
     </span>
     <span class='ocr_line' id='line_1_94' title="bbox 1446 2046 2500 2090; baseline 0.009 -15"><span class='ocrx_word' id='word_1_760' title='bbox 1446 2046 1593 2086; x_wconf 74' lang='grc' dir='ltr'>προτέρας</span> <span class='ocrx_word' id='word_1_761' title='bbox 1620 2049 1749 2087; x_wconf 77' lang='grc' dir='ltr'>τροφῆς,</span> <span class='ocrx_word' id='word_1_762' title='bbox 1773 2050 1872 2084; x_wconf 82' lang='grc' dir='ltr'>κακῆς</span> <span class='ocrx_word' id='word_1_763' title='bbox 1897 2047 2004 2086; x_wconf 80' lang='grc' dir='ltr'>οὔσης.</span> <span class='ocrx_word' id='word_1_764' title='bbox 2026 2049 2086 2079; x_wconf 87' lang='grc' dir='ltr'>Καὶ</span> <span class='ocrx_word' id='word_1_765' title='bbox 2114 2048 2203 2090; x_wconf 81' lang='grc' dir='ltr'>μέχρι</span> <span class='ocrx_word' id='word_1_766' title='bbox 2227 2059 2263 2089; x_wconf 90' lang='grc' dir='ltr'>γε</span> <span class='ocrx_word' id='word_1_767' title='bbox 2286 2049 2399 2082; x_wconf 86' lang='grc' dir='ltr'>τούτου</span> <span class='ocrx_word' id='word_1_768' title='bbox 2423 2054 2500 2084; x_wconf 80' lang='grc' dir='ltr'>πλα-</span> 
     </span>
     <span class='ocr_line' id='line_1_95' title="bbox 1447 2094 2499 2136; baseline 0.007 -13"><span class='ocrx_word' id='word_1_769' title='bbox 1447 2096 1559 2124; x_wconf 84' lang='grc' dir='ltr'>νῶνται</span> <span class='ocrx_word' id='word_1_770' title='bbox 1569 2118 1577 2132; x_wconf 91' lang='grc'>,</span> <span class='ocrx_word' id='word_1_771' title='bbox 1594 2094 1651 2129; x_wconf 82' lang='grc' dir='ltr'>ἕως</span> <span class='ocrx_word' id='word_1_772' title='bbox 1664 2094 1700 2125; x_wconf 88' lang='grc' dir='ltr'>ἂν</span> <span class='ocrx_word' id='word_1_773' title='bbox 1713 2098 1750 2135; x_wconf 83' lang='grc' dir='ltr'>τῇ</span> <span class='ocrx_word' id='word_1_774' title='bbox 1769 2097 1825 2126; x_wconf 79' lang='grc' dir='ltr'>τοῦ</span> <span class='ocrx_word' id='word_1_775' title='bbox 1839 2095 2175 2132; x_wconf 80' lang='grc' dir='ltr'>ξυνεπακολουθοῦντος</span> <span class='ocrx_word' id='word_1_776' title='bbox 2191 2098 2248 2127; x_wconf 81' lang='grc' dir='ltr'>τοῦ</span> <span class='ocrx_word' id='word_1_777' title='bbox 2267 2099 2499 2136; x_wconf 55' lang='grc' dir='ltr'>σωματοειδοῦς</span> 
     </span>
     <span class='ocr_line' id='line_1_96' title="bbox 1447 2140 2500 2189; baseline 0.007 -18"><span class='ocrx_word' id='word_1_778' title='bbox 1447 2140 1592 2181; x_wconf 82' lang='grc' dir='ltr'>ἐπιθυμίᾳ</span> <span class='ocrx_word' id='word_1_779' title='bbox 1621 2140 1713 2173; x_wconf 88' lang='grc' dir='ltr'>πάλιν</span> <span class='ocrx_word' id='word_1_780' title='bbox 1737 2141 1906 2174; x_wconf 78' lang='grc' dir='ltr'>ἑνδεθῶσιν.</span> <span class='ocrx_word' id='word_1_781' title='bbox 1922 2142 1967 2181; x_wconf 79' lang='grc' dir='ltr'>εἰς</span> <span class='ocrx_word' id='word_1_782' title='bbox 1992 2144 2099 2183; x_wconf 85' lang='grc' dir='ltr'>σῶμα.</span> <span class='ocrx_word' id='word_1_783' title='bbox 2120 2141 2296 2175; x_wconf 86' lang='grc' dir='ltr'>Ἐνδοῦνται</span> <span class='ocrx_word' id='word_1_784' title='bbox 2319 2143 2369 2184; x_wconf 86' lang='grc' dir='ltr'>δέ,</span> <span class='ocrx_word' id='word_1_785' title='bbox 2393 2146 2500 2189; x_wconf 83' lang='grc' dir='ltr'>ὥσπερ</span> 
     </span>
     <span class='ocr_line' id='line_1_97' title="bbox 1447 2187 2498 2231; baseline 0.006 -12"><span class='ocrx_word' id='word_1_786' title='bbox 1447 2187 1546 2226; x_wconf 82' lang='grc' dir='ltr'>εἰκός,</span> <span class='ocrx_word' id='word_1_787' title='bbox 1565 2189 1606 2224; x_wconf 91' lang='grc' dir='ltr'>εἰς</span> <span class='ocrx_word' id='word_1_788' title='bbox 1631 2189 1671 2219; x_wconf 87' lang='grc' dir='ltr'>τὰ</span> <span class='ocrx_word' id='word_1_789' title='bbox 1689 2191 1818 2220; x_wconf 82' lang='grc' dir='ltr'>τοιαῦτα</span> <span class='ocrx_word' id='word_1_790' title='bbox 1836 2189 1894 2227; x_wconf 85' lang='grc' dir='ltr'>ἤθη</span> <span class='ocrx_word' id='word_1_791' title='bbox 1906 2214 1914 2229; x_wconf 89' lang='grc'>,</span> <span class='ocrx_word' id='word_1_792' title='bbox 1938 2188 2020 2220; x_wconf 80' lang='grc' dir='ltr'>ὁποῖ’</span> <span class='ocrx_word' id='word_1_793' title='bbox 2035 2188 2100 2220; x_wconf 84' lang='grc' dir='ltr'>ἅττ’</span> <span class='ocrx_word' id='word_1_794' title='bbox 2122 2189 2159 2220; x_wconf 88' lang='grc' dir='ltr'>ἂν</span> <span class='ocrx_word' id='word_1_795' title='bbox 2177 2190 2233 2221; x_wconf 85' lang='grc' dir='ltr'>καὶ</span> <span class='ocrx_word' id='word_1_796' title='bbox 2261 2191 2498 2231; x_wconf 84' lang='grc' dir='ltr'>μεμελετηκυῖαι</span> 
     </span>
     <span class='ocr_line' id='line_1_98' title="bbox 1446 2235 2498 2279; baseline 0.007 -13"><span class='ocrx_word' id='word_1_797' title='bbox 1446 2236 1584 2276; x_wconf 82' lang='grc' dir='ltr'>τύχωσιν</span> <span class='ocrx_word' id='word_1_798' title='bbox 1601 2235 1632 2266; x_wconf 87' lang='grc' dir='ltr'>ἐν</span> <span class='ocrx_word' id='word_1_799' title='bbox 1650 2239 1695 2276; x_wconf 86' lang='grc' dir='ltr'>τῷ</span> <span class='ocrx_word' id='word_1_800' title='bbox 1716 2235 1776 2276; x_wconf 87' lang='grc' dir='ltr'>βίῳ</span> <span class='ocrx_word' id='word_1_801' title='bbox 1789 2260 1796 2267; x_wconf 94' lang='grc'>.</span> <span class='ocrx_word' id='word_1_802' title='bbox 1811 2260 1819 2267; x_wconf 95' lang='grc'>.</span> <span class='ocrx_word' id='word_1_803' title='bbox 1835 2260 1843 2268; x_wconf 94' lang='grc'>.</span> <span class='ocrx_word' id='word_1_804' title='bbox 1861 2259 1868 2267; x_wconf 96' lang='grc'>.</span> <span class='ocrx_word' id='word_1_805' title='bbox 1884 2236 1949 2267; x_wconf 81' lang='grc' dir='ltr'>οἶον</span> <span class='ocrx_word' id='word_1_806' title='bbox 1968 2236 2040 2273; x_wconf 84' lang='grc' dir='ltr'>τοὺς</span> <span class='ocrx_word' id='word_1_807' title='bbox 2066 2236 2120 2277; x_wconf 84' lang='grc' dir='ltr'>μὲν</span> <span class='ocrx_word' id='word_1_808' title='bbox 2138 2237 2382 2279; x_wconf 82' lang='grc' dir='ltr'>γαστριμαργίας</span> <span class='ocrx_word' id='word_1_809' title='bbox 2397 2251 2432 2272; x_wconf 85' lang='grc' dir='ltr'>τε</span> <span class='ocrx_word' id='word_1_810' title='bbox 2444 2243 2498 2274; x_wconf 84' lang='grc' dir='ltr'>καὶ</span> 
     </span>
     <span class='ocr_line' id='line_1_99' title="bbox 1447 2283 2500 2327; baseline 0.005 -13"><span class='ocrx_word' id='word_1_811' title='bbox 1447 2283 1546 2323; x_wconf 74' lang='grc' dir='ltr'>ὕὸρεις</span> <span class='ocrx_word' id='word_1_812' title='bbox 1587 2283 1640 2314; x_wconf 86' lang='grc' dir='ltr'>καὶ</span> <span class='ocrx_word' id='word_1_813' title='bbox 1679 2283 1861 2323; x_wconf 75' lang='grc' dir='ltr'>φιλοποσίας</span> <span class='ocrx_word' id='word_1_814' title='bbox 1901 2283 2148 2324; x_wconf 82' lang='grc' dir='ltr'>μεμελετηκότας</span> <span class='ocrx_word' id='word_1_815' title='bbox 2172 2283 2225 2315; x_wconf 80' lang='grc' dir='ltr'>καὶ</span> <span class='ocrx_word' id='word_1_816' title='bbox 2260 2285 2303 2325; x_wconf 86' lang='grc' dir='ltr'>μή</span> <span class='ocrx_word' id='word_1_817' title='bbox 2339 2286 2500 2327; x_wconf 78' lang='grc' dir='ltr'>διευλαὸη-</span> 
     </span>
     <span class='ocr_line' id='line_1_100' title="bbox 1448 2329 2499 2373; baseline 0.007 -13"><span class='ocrx_word' id='word_1_818' title='bbox 1448 2330 1555 2369; x_wconf 87' lang='grc' dir='ltr'>μένους</span> <span class='ocrx_word' id='word_1_819' title='bbox 1571 2331 1612 2366; x_wconf 81' lang='grc' dir='ltr'>εἰς</span> <span class='ocrx_word' id='word_1_820' title='bbox 1627 2331 1667 2360; x_wconf 86' lang='grc' dir='ltr'>τὰ</span> <span class='ocrx_word' id='word_1_821' title='bbox 1688 2332 1750 2360; x_wconf 85' lang='grc' dir='ltr'>τῶν</span> <span class='ocrx_word' id='word_1_822' title='bbox 1764 2329 1844 2360; x_wconf 85' lang='grc' dir='ltr'>ὄνων</span> <span class='ocrx_word' id='word_1_823' title='bbox 1862 2330 1934 2368; x_wconf 83' lang='grc' dir='ltr'>γένη</span> <span class='ocrx_word' id='word_1_824' title='bbox 1954 2330 2009 2360; x_wconf 87' lang='grc' dir='ltr'>καὶ</span> <span class='ocrx_word' id='word_1_825' title='bbox 2027 2333 2091 2361; x_wconf 87' lang='grc' dir='ltr'>τῶν</span> <span class='ocrx_word' id='word_1_826' title='bbox 2113 2330 2262 2361; x_wconf 78' lang='grc' dir='ltr'>τοιούτων</span> <span class='ocrx_word' id='word_1_827' title='bbox 2281 2331 2394 2372; x_wconf 88' lang='grc' dir='ltr'>θηρίων</span> <span class='ocrx_word' id='word_1_828' title='bbox 2416 2335 2499 2373; x_wconf 86' lang='grc' dir='ltr'>εἰκὸς</span> 
     </span>
     <span class='ocr_line' id='line_1_101' title="bbox 1447 2374 2498 2423; baseline 0.007 -17"><span class='ocrx_word' id='word_1_829' title='bbox 1447 2375 1661 2407; x_wconf 85' lang='grc' dir='ltr'>ἐνδύεσθαι.-</span> <span class='ocrx_word' id='word_1_830' title='bbox 1672 2375 1737 2416; x_wconf 89' lang='grc'>(60)</span> <span class='ocrx_word' id='word_1_831' title='bbox 1749 2374 1821 2406; x_wconf 88' lang='lat' dir='ltr'><strong>Vid.</strong></span> <span class='ocrx_word' id='word_1_832' title='bbox 1837 2375 1974 2407; x_wconf 88' lang='lat' dir='ltr'><strong>Loheck.</strong></span> <span class='ocrx_word' id='word_1_833' title='bbox 1988 2375 2140 2416; x_wconf 77' lang='lat' dir='ltr'><strong>Aglaoph.</strong></span> <span class='ocrx_word' id='word_1_834' title='bbox 2157 2377 2194 2407; x_wconf 90' lang='lat' dir='ltr'>T.</span> <span class='ocrx_word' id='word_1_835' title='bbox 2210 2377 2238 2408; x_wconf 82' lang='grc' dir='ltr'>ΙΙ</span> <span class='ocrx_word' id='word_1_836' title='bbox 2254 2385 2286 2417; x_wconf 83' lang='lat' dir='ltr'>p.</span> <span class='ocrx_word' id='word_1_837' title='bbox 2301 2380 2417 2411; x_wconf 83' lang='lat'><strong>795.—</strong></span> <span class='ocrx_word' id='word_1_838' title='bbox 2431 2381 2498 2423; x_wconf 85' lang='grc'>(61)</span> 
     </span>
     <span class='ocr_line' id='line_1_102' title="bbox 1448 2421 2498 2469; baseline 0.005 -17"><span class='ocrx_word' id='word_1_839' title='bbox 1448 2421 1592 2453; x_wconf 83' lang='lat' dir='ltr'><strong>Plotinus</strong></span> <span class='ocrx_word' id='word_1_840' title='bbox 1611 2421 1753 2453; x_wconf 86' lang='lat' dir='ltr'><strong>Ennead.</strong></span> <span class='ocrx_word' id='word_1_841' title='bbox 1775 2422 1822 2453; x_wconf 85' lang='lat'>111</span> <span class='ocrx_word' id='word_1_842' title='bbox 1846 2421 1901 2453; x_wconf 85' lang='lat' dir='ltr'><strong>lib.</strong></span> <span class='ocrx_word' id='word_1_843' title='bbox 1915 2423 1962 2453; x_wconf 89' lang='lat' dir='ltr'>IV</span> <span class='ocrx_word' id='word_1_844' title='bbox 1975 2430 2005 2461; x_wconf 88' lang='lat' dir='ltr'>p.</span> <span class='ocrx_word' id='word_1_845' title='bbox 2020 2424 2079 2454; x_wconf 82' lang='lat'>284</span> <span class='ocrx_word' id='word_1_846' title='bbox 2094 2433 2102 2452; x_wconf 90' lang='lat'>:</span> <span class='ocrx_word' id='word_1_847' title='bbox 2116 2423 2280 2458; x_wconf 80' lang='grc' dir='ltr'>ἐξελθοῦσα</span> <span class='ocrx_word' id='word_1_848' title='bbox 2297 2424 2328 2456; x_wconf 87' lang='grc' dir='ltr'>δὲ</span> <span class='ocrx_word' id='word_1_849' title='bbox 2346 2425 2379 2466; x_wconf 90' lang='grc' dir='ltr'>(ἡ</span> <span class='ocrx_word' id='word_1_850' title='bbox 2397 2427 2498 2469; x_wconf 79' lang='grc' dir='ltr'>ψυχὴ)</span> 
     </span>
     <span class='ocr_line' id='line_1_103' title="bbox 1447 2468 2499 2514; baseline 0.009 -15"><span class='ocrx_word' id='word_1_851' title='bbox 1447 2468 1465 2499; x_wconf 88' lang='grc' dir='ltr'>ὅ</span> <span class='ocrx_word' id='word_1_852' title='bbox 1476 2491 1485 2506; x_wconf 93' lang='grc'>,</span> <span class='ocrx_word' id='word_1_853' title='bbox 1501 2479 1530 2499; x_wconf 90' lang='grc' dir='ltr'>τι</span> <span class='ocrx_word' id='word_1_854' title='bbox 1547 2479 1604 2509; x_wconf 89' lang='grc' dir='ltr'>περ</span> <span class='ocrx_word' id='word_1_855' title='bbox 1623 2468 1759 2509; x_wconf 83' lang='grc' dir='ltr'>μάλιστα</span> <span class='ocrx_word' id='word_1_856' title='bbox 1774 2468 1942 2500; x_wconf 79' lang='grc' dir='ltr'>ἐπλεόνασε</span> <span class='ocrx_word' id='word_1_857' title='bbox 1952 2492 1962 2507; x_wconf 90' lang='grc'>,</span> <span class='ocrx_word' id='word_1_858' title='bbox 1974 2472 2066 2500; x_wconf 88' lang='grc' dir='ltr'>τοῦτο</span> <span class='ocrx_word' id='word_1_859' title='bbox 2088 2469 2218 2510; x_wconf 85' lang='grc' dir='ltr'>γίνεται.</span> <span class='ocrx_word' id='word_1_860' title='bbox 2238 2471 2296 2503; x_wconf 84' lang='grc' dir='ltr'>Διὸ</span> <span class='ocrx_word' id='word_1_861' title='bbox 2311 2469 2432 2514; x_wconf 79' lang='grc' dir='ltr'>φεύγειν</span> <span class='ocrx_word' id='word_1_862' title='bbox 2450 2476 2499 2508; x_wconf 82' lang='grc' dir='ltr'>δεῖ</span> 
     </span>
     <span class='ocr_line' id='line_1_104' title="bbox 1447 2515 2497 2560; baseline 0.008 -14"><span class='ocrx_word' id='word_1_863' title='bbox 1447 2516 1523 2555; x_wconf 87' lang='grc' dir='ltr'>πρὸς</span> <span class='ocrx_word' id='word_1_864' title='bbox 1532 2515 1568 2547; x_wconf 88' lang='grc' dir='ltr'>τὸ</span> <span class='ocrx_word' id='word_1_865' title='bbox 1582 2516 1666 2555; x_wconf 78' lang='grc' dir='ltr'>ἀνω,</span> <span class='ocrx_word' id='word_1_866' title='bbox 1684 2516 1736 2547; x_wconf 81' lang='grc' dir='ltr'>ἴνα</span> <span class='ocrx_word' id='word_1_867' title='bbox 1756 2516 1798 2554; x_wconf 84' lang='grc' dir='ltr'>μὴ</span> <span class='ocrx_word' id='word_1_868' title='bbox 1817 2516 1859 2551; x_wconf 86' lang='grc' dir='ltr'>εἰς</span> <span class='ocrx_word' id='word_1_869' title='bbox 1872 2515 1927 2553; x_wconf 80' lang='grc' dir='ltr'>τὴν</span> <span class='ocrx_word' id='word_1_870' title='bbox 1945 2516 2130 2554; x_wconf 83' lang='grc' dir='ltr'>αἰσθητικὴν</span> <span class='ocrx_word' id='word_1_871' title='bbox 2143 2516 2422 2558; x_wconf 78' lang='grc' dir='ltr'>ἐπακολουθοῦντες</span> <span class='ocrx_word' id='word_1_872' title='bbox 2434 2527 2497 2560; x_wconf 85' lang='grc' dir='ltr'>τοῖς</span> 
     </span>
     <span class='ocr_line' id='line_1_105' title="bbox 1448 2560 2499 2608; baseline 0.008 -15"><span class='ocrx_word' id='word_1_873' title='bbox 1448 2563 1607 2599; x_wconf 85' lang='grc' dir='ltr'>αἰσθητοῖς</span> <span class='ocrx_word' id='word_1_874' title='bbox 1637 2563 1792 2602; x_wconf 82' lang='grc' dir='ltr'>εἰδώλοις,</span> <span class='ocrx_word' id='word_1_875' title='bbox 1813 2562 1889 2603; x_wconf 86' lang='grc' dir='ltr'>μηδὲ</span> <span class='ocrx_word' id='word_1_876' title='bbox 1913 2563 1954 2598; x_wconf 86' lang='grc' dir='ltr'>εἰς</span> <span class='ocrx_word' id='word_1_877' title='bbox 1985 2564 2040 2600; x_wconf 76' lang='grc' dir='ltr'>τὴν</span> <span class='ocrx_word' id='word_1_878' title='bbox 2056 2560 2194 2605; x_wconf 72' lang='grc' dir='ltr'>’φυτικὴν</span> <span class='ocrx_word' id='word_1_879' title='bbox 2218 2565 2499 2608; x_wconf 81' lang='grc' dir='ltr'>ἐπακολουθοῦντες</span> 
     </span>
     <span class='ocr_line' id='line_1_106' title="bbox 1447 2609 2499 2651; baseline 0.009 -12"><span class='ocrx_word' id='word_1_880' title='bbox 1447 2612 1485 2649; x_wconf 87' lang='grc' dir='ltr'>τῇ</span> <span class='ocrx_word' id='word_1_881' title='bbox 1499 2609 1600 2649; x_wconf 80' lang='grc' dir='ltr'>ἐφέσει</span> <span class='ocrx_word' id='word_1_882' title='bbox 1619 2611 1672 2640; x_wconf 81' lang='grc' dir='ltr'>τοῦ</span> <span class='ocrx_word' id='word_1_883' title='bbox 1693 2612 1803 2648; x_wconf 86' lang='grc' dir='ltr'>γεννᾶν</span> <span class='ocrx_word' id='word_1_884' title='bbox 1820 2610 1872 2640; x_wconf 87' lang='grc' dir='ltr'>καὶ</span> <span class='ocrx_word' id='word_1_885' title='bbox 1887 2610 2010 2640; x_wconf 86' lang='grc' dir='ltr'>ἐδωδῶν</span> <span class='ocrx_word' id='word_1_886' title='bbox 2026 2610 2190 2651; x_wconf 84' lang='grc' dir='ltr'>λιχνείαις,</span> <span class='ocrx_word' id='word_1_887' title='bbox 2205 2610 2270 2643; x_wconf 80' lang='grc' dir='ltr'>ἀλλ’</span> <span class='ocrx_word' id='word_1_888' title='bbox 2281 2612 2324 2649; x_wconf 84' lang='grc' dir='ltr'>εἰς</span> <span class='ocrx_word' id='word_1_889' title='bbox 2337 2613 2374 2645; x_wconf 85' lang='grc' dir='ltr'>τὸ</span> <span class='ocrx_word' id='word_1_890' title='bbox 2393 2617 2499 2648; x_wconf 77' lang='grc' dir='ltr'>νοερὸν</span> 
     </span>
     <span class='ocr_line' id='line_1_107' title="bbox 1447 2651 2499 2700; baseline 0.005 -14"><span class='ocrx_word' id='word_1_891' title='bbox 1447 2656 1500 2686; x_wconf 80' lang='grc' dir='ltr'>καὶ</span> <span class='ocrx_word' id='word_1_892' title='bbox 1511 2657 1582 2686; x_wconf 80' lang='grc' dir='ltr'>νοῦν</span> <span class='ocrx_word' id='word_1_893' title='bbox 1588 2655 1646 2694; x_wconf 38' lang='grc' dir='ltr'>Χκαὶ</span> <span class='ocrx_word' id='word_1_894' title='bbox 1658 2655 1736 2686; x_wconf 86' lang='grc' dir='ltr'>θεόν.</span> <span class='ocrx_word' id='word_1_895' title='bbox 1749 2655 1844 2687; x_wconf 78' lang='grc' dir='ltr'>’Ὀσοι</span> <span class='ocrx_word' id='word_1_896' title='bbox 1860 2655 1914 2695; x_wconf 83' lang='grc' dir='ltr'>μὲν</span> <span class='ocrx_word' id='word_1_897' title='bbox 1925 2655 1978 2686; x_wconf 84' lang='grc' dir='ltr'>οὖν</span> <span class='ocrx_word' id='word_1_898' title='bbox 1989 2656 2042 2687; x_wconf 87' lang='grc' dir='ltr'>τὸν</span> <span class='ocrx_word' id='word_1_899' title='bbox 2053 2657 2212 2697; x_wconf 80' lang='grc' dir='ltr'>ἄνθρωπον</span> <span class='ocrx_word' id='word_1_900' title='bbox 2229 2658 2392 2700; x_wconf 83' lang='grc' dir='ltr'>ἐτήρησαν,</span> <span class='ocrx_word' id='word_1_901' title='bbox 2405 2651 2499 2695; x_wconf 66' lang='grc' dir='ltr'>πάλιν</span> 
     </span>
     <span class='ocr_line' id='line_1_108' title="bbox 1448 2701 2498 2749; baseline 0.007 -17"><span class='ocrx_word' id='word_1_902' title='bbox 1448 2701 1618 2742; x_wconf 87' lang='grc' dir='ltr'>ἄνθρωποι·</span> <span class='ocrx_word' id='word_1_903' title='bbox 1646 2701 1716 2733; x_wconf 80' lang='grc' dir='ltr'>ὅσοι</span> <span class='ocrx_word' id='word_1_904' title='bbox 1737 2702 1770 2733; x_wconf 84' lang='grc' dir='ltr'>δὲ</span> <span class='ocrx_word' id='word_1_905' title='bbox 1792 2703 1934 2740; x_wconf 81' lang='grc' dir='ltr'>αἰσθήσει</span> <span class='ocrx_word' id='word_1_906' title='bbox 1956 2702 2049 2743; x_wconf 88' lang='grc' dir='ltr'>μόνον</span> <span class='ocrx_word' id='word_1_907' title='bbox 2073 2702 2196 2743; x_wconf 79' lang='grc' dir='ltr'>ἔζησαν,</span> <span class='ocrx_word' id='word_1_908' title='bbox 2212 2706 2294 2744; x_wconf 85' lang='grc' dir='ltr'>ζῷα·</span> <span class='ocrx_word' id='word_1_909' title='bbox 2309 2705 2375 2738; x_wconf 84' lang='grc' dir='ltr'>ἀλλ’</span> <span class='ocrx_word' id='word_1_910' title='bbox 2389 2709 2416 2740; x_wconf 88' lang='grc' dir='ltr'>εἰ</span> <span class='ocrx_word' id='word_1_911' title='bbox 2443 2710 2498 2749; x_wconf 79' lang='grc' dir='ltr'>μὲν</span> 
     </span>
     <span class='ocr_line' id='line_1_109' title="bbox 1449 2749 2498 2794; baseline 0.009 -15"><span class='ocrx_word' id='word_1_912' title='bbox 1449 2749 1590 2785; x_wconf 80' lang='grc' dir='ltr'>αἰσθήσει</span> <span class='ocrx_word' id='word_1_913' title='bbox 1606 2749 1683 2789; x_wconf 84' lang='grc' dir='ltr'>μετὰ</span> <span class='ocrx_word' id='word_1_914' title='bbox 1707 2750 1823 2790; x_wconf 80' lang='grc' dir='ltr'>θυμοῦ,</span> <span class='ocrx_word' id='word_1_915' title='bbox 1839 2749 1878 2780; x_wconf 90' lang='grc' dir='ltr'>τὰ</span> <span class='ocrx_word' id='word_1_916' title='bbox 1895 2749 2005 2790; x_wconf 86' lang='grc' dir='ltr'>ἄγρια,</span> <span class='ocrx_word' id='word_1_917' title='bbox 2027 2750 2114 2787; x_wconf 88' lang='grc' dir='ltr'>καὶὴ</span> <span class='ocrx_word' id='word_1_918' title='bbox 2138 2751 2268 2792; x_wconf 84' lang='grc' dir='ltr'>διαφορὰ</span> <span class='ocrx_word' id='word_1_919' title='bbox 2287 2754 2307 2791; x_wconf 88' lang='grc' dir='ltr'>ἡ</span> <span class='ocrx_word' id='word_1_920' title='bbox 2323 2753 2355 2785; x_wconf 87' lang='grc' dir='ltr'>ἐν</span> <span class='ocrx_word' id='word_1_921' title='bbox 2379 2755 2498 2794; x_wconf 88' lang='grc' dir='ltr'>τούτοις</span> 
     </span>
     <span class='ocr_line' id='line_1_110' title="bbox 1448 2795 2498 2841; baseline 0.007 -15"><span class='ocrx_word' id='word_1_922' title='bbox 1448 2795 1483 2827; x_wconf 87' lang='grc' dir='ltr'>τὸ</span> <span class='ocrx_word' id='word_1_923' title='bbox 1500 2795 1643 2836; x_wconf 75' lang='grc' dir='ltr'>διάφορον</span> <span class='ocrx_word' id='word_1_924' title='bbox 1661 2799 1724 2827; x_wconf 86' lang='grc' dir='ltr'>τῶν</span> <span class='ocrx_word' id='word_1_925' title='bbox 1742 2796 1892 2827; x_wconf 82' lang='grc' dir='ltr'>τοιούτων</span> <span class='ocrx_word' id='word_1_926' title='bbox 1913 2799 2015 2827; x_wconf 85' lang='grc' dir='ltr'>ποιεῖ·</span> <span class='ocrx_word' id='word_1_927' title='bbox 2033 2797 2103 2828; x_wconf 84' lang='grc' dir='ltr'>ὅσοι</span> <span class='ocrx_word' id='word_1_928' title='bbox 2122 2797 2154 2828; x_wconf 82' lang='grc' dir='ltr'>δὲ</span> <span class='ocrx_word' id='word_1_929' title='bbox 2173 2798 2238 2837; x_wconf 89' lang='grc' dir='ltr'>μετ’</span> <span class='ocrx_word' id='word_1_930' title='bbox 2252 2799 2415 2841; x_wconf 86' lang='grc' dir='ltr'>ἐπιθυμίας</span> <span class='ocrx_word' id='word_1_931' title='bbox 2444 2806 2498 2836; x_wconf 81' lang='grc' dir='ltr'>καὶ</span> 
     </span>
     <span class='ocr_line' id='line_1_111' title="bbox 1448 2843 2498 2891; baseline 0.006 -17"><span class='ocrx_word' id='word_1_932' title='bbox 1448 2846 1500 2882; x_wconf 79' lang='grc' dir='ltr'>τῆς</span> <span class='ocrx_word' id='word_1_933' title='bbox 1519 2843 1629 2881; x_wconf 81' lang='grc' dir='ltr'>ἡδονῆς</span> <span class='ocrx_word' id='word_1_934' title='bbox 1646 2846 1701 2875; x_wconf 84' lang='grc' dir='ltr'>τοῦ</span> <span class='ocrx_word' id='word_1_935' title='bbox 1725 2843 1961 2884; x_wconf 78' lang='grc' dir='ltr'>ἐπιθυμοῦντος,</span> <span class='ocrx_word' id='word_1_936' title='bbox 1988 2843 2027 2874; x_wconf 86' lang='grc' dir='ltr'>τὰ</span> <span class='ocrx_word' id='word_1_937' title='bbox 2050 2844 2234 2877; x_wconf 84' lang='grc' dir='ltr'>ἀκολάστων</span> <span class='ocrx_word' id='word_1_938' title='bbox 2255 2847 2344 2888; x_wconf 86' lang='grc' dir='ltr'>ζῴων</span> <span class='ocrx_word' id='word_1_939' title='bbox 2370 2850 2422 2881; x_wconf 83' lang='grc' dir='ltr'>καὶ</span> <span class='ocrx_word' id='word_1_940' title='bbox 2442 2861 2498 2891; x_wconf 82' lang='grc' dir='ltr'>γα-</span> 
     </span>
     <span class='ocr_line' id='line_1_112' title="bbox 1448 2890 2499 2932; baseline 0.01 -12"><span class='ocrx_word' id='word_1_941' title='bbox 1448 2890 1644 2931; x_wconf 84' lang='grc' dir='ltr'>στρίμαργα·</span> <span class='ocrx_word' id='word_1_942' title='bbox 1661 2891 1687 2921; x_wconf 90' lang='grc' dir='ltr'>εἰ</span> <span class='ocrx_word' id='word_1_943' title='bbox 1708 2890 1740 2922; x_wconf 85' lang='grc' dir='ltr'>δὲ</span> <span class='ocrx_word' id='word_1_944' title='bbox 1769 2890 1844 2930; x_wconf 87' lang='grc' dir='ltr'>μηδὲ</span> <span class='ocrx_word' id='word_1_945' title='bbox 1869 2891 2012 2928; x_wconf 82' lang='grc' dir='ltr'>αἰσθήσει</span> <span class='ocrx_word' id='word_1_946' title='bbox 2044 2892 2121 2931; x_wconf 82' lang='grc' dir='ltr'>μετὰ</span> <span class='ocrx_word' id='word_1_947' title='bbox 2141 2893 2271 2932; x_wconf 81' lang='grc' dir='ltr'>τούτων,</span> <span class='ocrx_word' id='word_1_948' title='bbox 2295 2894 2373 2926; x_wconf 82' lang='grc' dir='ltr'>ἀλλὰ</span> <span class='ocrx_word' id='word_1_949' title='bbox 2395 2898 2499 2930; x_wconf 83' lang='grc' dir='ltr'>νοθεία</span> 
     </span>
     <span class='ocr_line' id='line_1_113' title="bbox 1450 2937 2498 2987; baseline 0.009 -20"><span class='ocrx_word' id='word_1_950' title='bbox 1450 2938 1521 2977; x_wconf 86' lang='lat' dir='ltr'><strong>(leg.</strong></span> <span class='ocrx_word' id='word_1_951' title='bbox 1549 2937 1664 2979; x_wconf 80' lang='grc' dir='ltr'>νοθείᾳ)</span> <span class='ocrx_word' id='word_1_952' title='bbox 1691 2938 1864 2975; x_wconf 86' lang='grc' dir='ltr'>αἰσθήσεως</span> <span class='ocrx_word' id='word_1_953' title='bbox 1888 2938 1952 2978; x_wconf 86' lang='grc' dir='ltr'>μετ’</span> <span class='ocrx_word' id='word_1_954' title='bbox 1975 2939 2089 2978; x_wconf 73' lang='grc' dir='ltr'>αὐτῶν,</span> <span class='ocrx_word' id='word_1_955' title='bbox 2116 2940 2168 2971; x_wconf 83' lang='grc' dir='ltr'>καὶ</span> <span class='ocrx_word' id='word_1_956' title='bbox 2196 2941 2286 2980; x_wconf 88' lang='grc' dir='ltr'>φυτά.</span> <span class='ocrx_word' id='word_1_957' title='bbox 2312 2942 2417 2975; x_wconf 89' lang='grc' dir='ltr'>Μόνον</span> <span class='ocrx_word' id='word_1_958' title='bbox 2439 2945 2498 2987; x_wconf 80' lang='grc' dir='ltr'>γὰρ</span> 
     </span>
     <span class='ocr_line' id='line_1_114' title="bbox 1448 2982 2498 3031; baseline 0.006 -15"><span class='ocrx_word' id='word_1_959' title='bbox 1448 2982 1540 3017; x_wconf 79' lang='grc' dir='ltr'>τοῦτο</span> <span class='ocrx_word' id='word_1_960' title='bbox 1558 2986 1576 3023; x_wconf 93' lang='grc' dir='ltr'>ἢ</span> <span class='ocrx_word' id='word_1_961' title='bbox 1596 2985 1730 3026; x_wconf 87' lang='grc' dir='ltr'>μάλιστα</span> <span class='ocrx_word' id='word_1_962' title='bbox 1749 2984 1867 3025; x_wconf 81' lang='grc' dir='ltr'>ἐνήργει</span> <span class='ocrx_word' id='word_1_963' title='bbox 1893 2985 1928 3016; x_wconf 87' lang='grc' dir='ltr'>τὸ</span> <span class='ocrx_word' id='word_1_964' title='bbox 1952 2986 2091 3025; x_wconf 84' lang='grc' dir='ltr'>φυτικόν,</span> <span class='ocrx_word' id='word_1_965' title='bbox 2107 2985 2173 3017; x_wconf 84' lang='grc' dir='ltr'>ἀλλ’</span> <span class='ocrx_word' id='word_1_966' title='bbox 2191 2987 2229 3026; x_wconf 86' lang='grc' dir='ltr'>ἢν</span> <span class='ocrx_word' id='word_1_967' title='bbox 2256 2988 2360 3026; x_wconf 82' lang='grc' dir='ltr'>αὐτοῖς</span> <span class='ocrx_word' id='word_1_968' title='bbox 2387 2991 2498 3031; x_wconf 80' lang='grc' dir='ltr'>μελέτη</span> 
     </span>
     <span class='ocr_line' id='line_1_115' title="bbox 1449 3031 2497 3077; baseline 0.006 -14"><span class='ocrx_word' id='word_1_969' title='bbox 1449 3033 1664 3073; x_wconf 85' lang='grc' dir='ltr'>δενδρωθῆναι.</span> <span class='ocrx_word' id='word_1_970' title='bbox 1678 3032 1757 3068; x_wconf 88' lang='grc' dir='ltr'>Τοὺς</span> <span class='ocrx_word' id='word_1_971' title='bbox 1779 3031 1811 3063; x_wconf 87' lang='grc' dir='ltr'>δὲ</span> <span class='ocrx_word' id='word_1_972' title='bbox 1829 3032 2036 3073; x_wconf 86' lang='grc' dir='ltr'>φιλομούσους</span> <span class='ocrx_word' id='word_1_973' title='bbox 2051 3033 2104 3073; x_wconf 87' lang='grc' dir='ltr'>μὲν</span> <span class='ocrx_word' id='word_1_974' title='bbox 2125 3034 2288 3074; x_wconf 80' lang='grc' dir='ltr'>καθαρίους</span> <span class='ocrx_word' id='word_1_975' title='bbox 2304 3035 2338 3066; x_wconf 84' lang='grc' dir='ltr'>δὲ</span> <span class='ocrx_word' id='word_1_976' title='bbox 2350 3037 2388 3068; x_wconf 84' lang='grc' dir='ltr'>τὰ</span> <span class='ocrx_word' id='word_1_977' title='bbox 2401 3037 2497 3077; x_wconf 81' lang='grc' dir='ltr'>ἄλλα,</span> 
     </span>
     <span class='ocr_line' id='line_1_116' title="bbox 1450 3078 2498 3123; baseline 0.004 -13"><span class='ocrx_word' id='word_1_978' title='bbox 1450 3080 1491 3115; x_wconf 88' lang='grc' dir='ltr'>εἰς</span> <span class='ocrx_word' id='word_1_979' title='bbox 1508 3080 1547 3110; x_wconf 84' lang='grc' dir='ltr'>τὰ</span> <span class='ocrx_word' id='word_1_980' title='bbox 1569 3078 1685 3121; x_wconf 77' lang='grc' dir='ltr'>ᾠδικὰ·</span> <span class='ocrx_word' id='word_1_981' title='bbox 1710 3078 1782 3114; x_wconf 84' lang='grc' dir='ltr'>τοὺς</span> <span class='ocrx_word' id='word_1_982' title='bbox 1801 3078 1833 3109; x_wconf 82' lang='grc' dir='ltr'>δὲ</span> <span class='ocrx_word' id='word_1_983' title='bbox 1847 3078 1977 3118; x_wconf 79' lang='grc' dir='ltr'>διλόγους</span> <span class='ocrx_word' id='word_1_984' title='bbox 2000 3080 2164 3119; x_wconf 84' lang='grc' dir='ltr'>βασιλέας,</span> <span class='ocrx_word' id='word_1_985' title='bbox 2179 3081 2287 3117; x_wconf 87' lang='grc' dir='ltr'>ἀετούς</span> <span class='ocrx_word' id='word_1_986' title='bbox 2298 3105 2308 3119; x_wconf 86' lang='grc'>,</span> <span class='ocrx_word' id='word_1_987' title='bbox 2322 3083 2348 3113; x_wconf 92' lang='grc' dir='ltr'>εἰ</span> <span class='ocrx_word' id='word_1_988' title='bbox 2365 3083 2407 3123; x_wconf 78' lang='grc' dir='ltr'>μὴ</span> <span class='ocrx_word' id='word_1_989' title='bbox 2421 3084 2498 3123; x_wconf 69' lang='grc' dir='ltr'>ἄλλη</span> 
     </span>
     <span class='ocr_line' id='line_1_117' title="bbox 1448 3125 2498 3167; baseline 0.003 -11"><span class='ocrx_word' id='word_1_990' title='bbox 1448 3127 1544 3157; x_wconf 83' lang='grc' dir='ltr'>κακία</span> <span class='ocrx_word' id='word_1_991' title='bbox 1575 3126 1698 3167; x_wconf 86' lang='grc' dir='ltr'>παρείη.</span> <span class='ocrx_word' id='word_1_992' title='bbox 1724 3125 1982 3166; x_wconf 85' lang='grc' dir='ltr'>Μετεωρολόγους</span> <span class='ocrx_word' id='word_1_993' title='bbox 2014 3125 2045 3156; x_wconf 83' lang='grc' dir='ltr'>δὲ</span> <span class='ocrx_word' id='word_1_994' title='bbox 2075 3125 2148 3157; x_wconf 84' lang='grc' dir='ltr'>ἄνευ</span> <span class='ocrx_word' id='word_1_995' title='bbox 2179 3127 2354 3167; x_wconf 81' lang='grc' dir='ltr'>φρονήσεως</span> <span class='ocrx_word' id='word_1_996' title='bbox 2376 3131 2418 3166; x_wconf 84' lang='grc' dir='ltr'>εἰς</span> <span class='ocrx_word' id='word_1_997' title='bbox 2445 3133 2498 3163; x_wconf 67' lang='grc' dir='ltr'>τὴν</span> 
     </span>
     <span class='ocr_line' id='line_1_118' title="bbox 1450 3173 2496 3215; baseline 0.007 -11"><span class='ocrx_word' id='word_1_998' title='bbox 1450 3174 1577 3214; x_wconf 83' lang='grc' dir='ltr'>οὐρανὸν</span> <span class='ocrx_word' id='word_1_999' title='bbox 1602 3173 1649 3205; x_wconf 85' lang='grc' dir='ltr'>ἀεὶ</span> <span class='ocrx_word' id='word_1_1000' title='bbox 1664 3173 1860 3214; x_wconf 83' lang='grc' dir='ltr'>αἰρομένους,</span> <span class='ocrx_word' id='word_1_1001' title='bbox 1875 3173 1915 3208; x_wconf 83' lang='grc' dir='ltr'>εἰς</span> <span class='ocrx_word' id='word_1_1002' title='bbox 1939 3173 2034 3213; x_wconf 79' lang='grc' dir='ltr'>ὄρνεις</span> <span class='ocrx_word' id='word_1_1003' title='bbox 2055 3174 2226 3215; x_wconf 85' lang='grc' dir='ltr'>μετεώρους</span> <span class='ocrx_word' id='word_1_1004' title='bbox 2244 3179 2311 3212; x_wconf 83' lang='grc' dir='ltr'>ταῖς</span> <span class='ocrx_word' id='word_1_1005' title='bbox 2335 3179 2496 3215; x_wconf 81' lang='grc' dir='ltr'>πτήσεσιν.</span> 
     </span>
     <span class='ocr_line' id='line_1_119' title="bbox 1450 3219 2497 3266; baseline 0.005 -14"><span class='ocrx_word' id='word_1_1006' title='bbox 1450 3220 1487 3252; x_wconf 84' lang='lat'>‘0</span> <span class='ocrx_word' id='word_1_1007' title='bbox 1503 3221 1535 3252; x_wconf 77' lang='grc' dir='ltr'>δὲ</span> <span class='ocrx_word' id='word_1_1008' title='bbox 1558 3222 1612 3259; x_wconf 83' lang='grc' dir='ltr'>τήν</span> <span class='ocrx_word' id='word_1_1009' title='bbox 1636 3221 1795 3258; x_wconf 81' lang='grc' dir='ltr'>πολιτικὴν</span> <span class='ocrx_word' id='word_1_1010' title='bbox 1817 3220 1925 3260; x_wconf 80' lang='grc' dir='ltr'>ἀρετὴν</span> <span class='ocrx_word' id='word_1_1011' title='bbox 1956 3219 2026 3261; x_wconf 81' lang='lat' dir='ltr'><strong>[int.</strong></span> <span class='ocrx_word' id='word_1_1012' title='bbox 2058 3222 2297 3264; x_wconf 80' lang='grc' dir='ltr'>μεμελετηκώς]</span> <span class='ocrx_word' id='word_1_1013' title='bbox 2319 3224 2497 3266; x_wconf 82' lang='grc' dir='ltr'>ἄνθρωπος·</span> 
     </span>
     <span class='ocr_line' id='line_1_120' title="bbox 1450 3268 2497 3313; baseline 0.005 -14"><span class='ocrx_word' id='word_1_1014' title='bbox 1450 3269 1467 3299; x_wconf 87' lang='grc' dir='ltr'><strong>ὁ</strong></span> <span class='ocrx_word' id='word_1_1015' title='bbox 1496 3269 1527 3299; x_wconf 81' lang='grc' dir='ltr'>δὲ</span> <span class='ocrx_word' id='word_1_1016' title='bbox 1555 3268 1647 3307; x_wconf 82' lang='grc' dir='ltr'>ἦττον</span> <span class='ocrx_word' id='word_1_1017' title='bbox 1680 3268 1788 3309; x_wconf 87' lang='grc' dir='ltr'>ἀρετῆς</span> <span class='ocrx_word' id='word_1_1018' title='bbox 1830 3268 1989 3305; x_wconf 83' lang='grc' dir='ltr'>πολιτικῆς</span> <span class='ocrx_word' id='word_1_1019' title='bbox 2025 3269 2182 3309; x_wconf 87' lang='grc' dir='ltr'>μετέχων,</span> <span class='ocrx_word' id='word_1_1020' title='bbox 2215 3272 2374 3303; x_wconf 85' lang='grc' dir='ltr'>πολιτικὸν</span> <span class='ocrx_word' id='word_1_1021' title='bbox 2401 3275 2497 3313; x_wconf 84' lang='grc' dir='ltr'>ζῷον,</span> 
     </span>
     <span class='ocr_line' id='line_1_121' title="bbox 1451 3314 2499 3355; baseline 0.006 -11"><span class='ocrx_word' id='word_1_1022' title='bbox 1451 3314 1587 3354; x_wconf 80' lang='grc' dir='ltr'>μάλιστα</span> <span class='ocrx_word' id='word_1_1023' title='bbox 1616 3315 1697 3354; x_wconf 85' lang='lat' dir='ltr'><strong>(leg.</strong></span> <span class='ocrx_word' id='word_1_1024' title='bbox 1723 3314 1862 3355; x_wconf 83' lang='grc' dir='ltr'>μέλιττα)</span> <span class='ocrx_word' id='word_1_1025' title='bbox 1890 3315 1909 3352; x_wconf 88' lang='grc' dir='ltr'>ἢ</span> <span class='ocrx_word' id='word_1_1026' title='bbox 1930 3315 1968 3345; x_wconf 83' lang='grc' dir='ltr'>τὰ</span> <span class='ocrx_word' id='word_1_1027' title='bbox 1995 3319 2136 3346; x_wconf 82' lang='grc' dir='ltr'>τοιαῦτα.</span> <span class='ocrx_word' id='word_1_1028' title='bbox 2164 3316 2305 3348; x_wconf 82' lang='lat' dir='ltr'><strong>Eandem</strong></span> <span class='ocrx_word' id='word_1_1029' title='bbox 2335 3326 2401 3350; x_wconf 91' lang='lat' dir='ltr'>rem</span> <span class='ocrx_word' id='word_1_1030' title='bbox 2433 3320 2499 3351; x_wconf 69' lang='lat' dir='ltr'><strong>suis</strong></span> 
     </span>
     <span class='ocr_line' id='line_1_122' title="bbox 1450 3361 2495 3404; baseline 0.002 -13"><span class='ocrx_word' id='word_1_1031' title='bbox 1450 3362 1644 3400; x_wconf 78' lang='lat' dir='ltr'><strong>argumentis</strong></span> <span class='ocrx_word' id='word_1_1032' title='bbox 1676 3361 1843 3393; x_wconf 85' lang='lat' dir='ltr'><strong>confirmat</strong></span> <span class='ocrx_word' id='word_1_1033' title='bbox 1868 3361 2010 3393; x_wconf 85' lang='lat' dir='ltr'><strong>Ennead.</strong></span> <span class='ocrx_word' id='word_1_1034' title='bbox 2031 3364 2088 3402; x_wconf 88' lang='lat' dir='ltr'><strong>lv,</strong></span> <span class='ocrx_word' id='word_1_1035' title='bbox 2121 3363 2174 3395; x_wconf 76' lang='lat' dir='ltr'><strong>lih,</strong></span> <span class='ocrx_word' id='word_1_1036' title='bbox 2202 3365 2261 3401; x_wconf 82' lang='lat' dir='ltr'><strong>lu,</strong></span> <span class='ocrx_word' id='word_1_1037' title='bbox 2287 3374 2317 3404; x_wconf 79' lang='lat' dir='ltr'>p.</span> <span class='ocrx_word' id='word_1_1038' title='bbox 2344 3368 2495 3398; x_wconf 78' lang='lat'>381-398.</span> 
     </span>
     <span class='ocr_line' id='line_1_123' title="bbox 1450 3408 2496 3449; baseline 0.005 -10"><span class='ocrx_word' id='word_1_1039' title='bbox 1450 3429 1488 3434; x_wconf 89' lang='lat'><em>-</em></span> <span class='ocrx_word' id='word_1_1040' title='bbox 1517 3409 1582 3449; x_wconf 84' lang='lat'>(62)</span> <span class='ocrx_word' id='word_1_1041' title='bbox 1616 3409 1664 3440; x_wconf 91' lang='lat' dir='ltr'>De</span> <span class='ocrx_word' id='word_1_1042' title='bbox 1696 3408 1757 3439; x_wconf 91' lang='lat' dir='ltr'>hoc</span> <span class='ocrx_word' id='word_1_1043' title='bbox 1793 3409 1825 3439; x_wconf 90' lang='lat' dir='ltr'>et</span> <span class='ocrx_word' id='word_1_1044' title='bbox 1857 3408 1925 3439; x_wconf 86' lang='lat' dir='ltr'><strong>aliis</strong></span> <span class='ocrx_word' id='word_1_1045' title='bbox 1950 3409 1996 3440; x_wconf 88' lang='lat' dir='ltr'>sic</span> <span class='ocrx_word' id='word_1_1046' title='bbox 2029 3410 2195 3441; x_wconf 75' lang='lat' dir='ltr'><strong>Nemesius</strong></span> <span class='ocrx_word' id='word_1_1047' title='bbox 2221 3410 2260 3441; x_wconf 85' lang='lat' dir='ltr'>de</span> <span class='ocrx_word' id='word_1_1048' title='bbox 2294 3413 2365 3444; x_wconf 87' lang='lat' dir='ltr'><strong>Nat.</strong></span> <span class='ocrx_word' id='word_1_1049' title='bbox 2410 3413 2496 3445; x_wconf 89' lang='lat' dir='ltr'><strong>hom.</strong></span> 
     </span>
    </p>
   </div>
   <div class='ocr_carea' id='block_1_10' title="bbox 1415 3454 2498 3502">
    <p class='ocr_par' dir='ltr' id='par_1_10' title="bbox 1415 3454 2498 3502">
     <span class='ocr_line' id='line_1_124' title="bbox 1415 3454 2498 3502; baseline 0.007 -17"><span class='ocrx_word' id='word_1_1050' title='bbox 1415 3483 1423 3486; x_wconf 82' lang='grc'>,</span> <span class='ocrx_word' id='word_1_1051' title='bbox 1451 3463 1519 3494; x_wconf 86' lang='lat' dir='ltr'><strong>cap.</strong></span> <span class='ocrx_word' id='word_1_1052' title='bbox 1539 3459 1557 3485; x_wconf 84' lang='lat'><strong>2</strong></span> <span class='ocrx_word' id='word_1_1053' title='bbox 1573 3464 1644 3495; x_wconf 83' lang='lat' dir='ltr'><strong>pag.</strong></span> <span class='ocrx_word' id='word_1_1054' title='bbox 1669 3458 1707 3487; x_wconf 87' lang='lat'>82</span> <span class='ocrx_word' id='word_1_1055' title='bbox 1729 3454 1780 3487; x_wconf 83' lang='lat' dir='ltr'>ed.</span> <span class='ocrx_word' id='word_1_1056' title='bbox 1796 3457 1900 3487; x_wconf 77' lang='lat' dir='ltr'><strong>Oxou.</strong></span> <span class='ocrx_word' id='word_1_1057' title='bbox 1917 3455 2000 3496; x_wconf 79' lang='lat' dir='ltr'><strong>(pag.</strong></span> <span class='ocrx_word' id='word_1_1058' title='bbox 2019 3459 2077 3487; x_wconf 81' lang='lat'>115</span> <span class='ocrx_word' id='word_1_1059' title='bbox 2094 3457 2143 3488; x_wconf 89' lang='lat' dir='ltr'>ed.</span> <span class='ocrx_word' id='word_1_1060' title='bbox 2159 3458 2290 3498; x_wconf 85' lang='lat' dir='ltr'><strong>Matlh.)</strong></span> <span class='ocrx_word' id='word_1_1061' title='bbox 2307 3471 2314 3490; x_wconf 90' lang='lat'>:</span> <span class='ocrx_word' id='word_1_1062' title='bbox 2335 3464 2423 3502; x_wconf 75' lang='grc' dir='ltr'>κοινῇ</span> <span class='ocrx_word' id='word_1_1063' title='bbox 2444 3460 2498 3501; x_wconf 85' lang='grc' dir='ltr'>μὲν</span> 
     </span>
    </p>
   </div>
  </div>
 </body>
</html>
