2606 3828
358 243 432 275 322

411 323 618 375 (Diogenes
634 323 810 361 Laertius
831 322 899 360 lib.
918 320 983 366 VI,
1003 318 1084 370 68.)

1103 231 1406 271 CYNICORUM
1436 229 1770 271 FRAGMENTA.

1514 331 1579 359 250.
1613 321 1754 373 Πρᾶσιν
1782 315 1908 366 ἤνεγκε
1945 312 2191 365 γενναιότατα·
2219 313 2337 353 πλέων
2367 314 2435 369 γὰρ
2458 316 2508 371 εἷς

356 383 359 392 ‘
410 394 477 421 244.
510 381 604 434 Πρὸς
620 380 839 431 Ἀλέξανδρον
867 377 1055 416 ἐπιστάντα
1076 376 1136 415 καὶ
1165 376 1323 424 εἰπόντα,
1345 378 1398 415 Οὐ
1461 377 1624 430 Αἴγιναν,
1646 379 1706 417 καὶ
1725 377 1905 429 πειραταῖς
1924 372 2046 422 ἁλούς,
2063 367 2112 413 ὧν
2128 367 2212 427 ἦρξε
2229 373 2445 427 Σκίρπαλος,
2458 371 2508 420 εἰς

353 440 445 496 φοόῇ
467 456 529 492 με;
547 440 591 478 Τί
610 439 694 491 γάρ,
727 433 831 483 εἶπεν,
856 430 905 484 εἰς
925 435 1051 487 ἀγαθὸν
1076 434 1098 482 ἢ
1119 435 1245 486 κακόν,
1267 436 1339 475 Τοῦ
1361 434 1398 474 δὲ

354 498 527 550 εἰπόντος,
559 498 715 551 Ἀγαθόν·
759 497 823 540 Τίς
856 490 930 543 οὗν,
962 489 1059 543 εἶπε,
1084 493 1123 533 τὸ
1157 495 1284 547 ἀγαθὸν
1325 510 1397 548 φο-

354 558 488 610 δεῖται,

407 618 617 671 (Diogenes
637 615 809 653 Laertius
829 614 902 654 lib.
919 614 986 662 VI,
1006 614 1087 663 68.)

407 691 475 717 245.
510 676 587 722 Τὴν
605 674 764 714 παιδείαν
781 667 855 712 εἶπε
874 675 943 717 τοῖς
966 672 1033 722 μὲν
1050 672 1136 716 νέοις
1154 670 1395 724 σωφροσύνην,

352 741 423 780 τοῖς
458 735 494 774 δὲ
534 732 781 786 πρεσὸυτέροις
815 730 1056 785 παραμυθίαν,
1092 737 1161 775 τοῖς
1199 730 1235 768 δὲ
1273 729 1399 777 πένησι

354 797 516 841 πλοῦτον,
535 798 603 836 τοῖς
624 792 658 831 δὲ
679 791 856 835 πλουσίοις
876 791 1005 841 κόσμον
1027 785 1128 831 εἶναι.

352 891 362 902 ,
404 855 608 904 (Diogenes
625 852 802 890 Laertius
823 852 897 891 lib.
918 851 985 900 Vl,
1006 851 1085 903 68.)

403 927 469 953 246.
500 912 594 963 Πρὸς
624 910 809 961 Διδύμωνα
827 910 885 949 τὸν
918 910 1041 963 μοιχὸν
1073 908 1276 963 ἰατρεύοντά
1313 924 1398 947 ποτε

350 971 454 1023 κόρης
474 968 668 1022 ὀφθαλμόν,
689 967 808 1022 υΟρα,
833 970 942 1023 φησί,
966 969 1015 1020 μὴ
1038 968 1097 1008 τὸν
1127 968 1306 1023 ὀφθαλμὸν
1336 970 1398 1014 τῆς

349 1028 519 1082 παρθένου
539 1028 739 1080 θεραπεύων
760 1029 823 1077 τὴν
845 1028 952 1082 κόρην
975 1028 1128 1082 φθείρῃς.

405 1089 610 1139 (Diogenes
635 1088 811 1127 Laertius
830 1088 902 1128 lib.
925 1088 992 1138 VI,
1012 1088 1090 1140 68.)

404 1160 472 1188 247.
504 1146 675 1191 Εἰπόντος
711 1147 824 1198 τινός,
854 1147 908 1187 δ’τι
935 1147 1001 1186 ὑπὸ
1029 1149 1097 1186 τῶν
1118 1145 1227 1199 φίλων
1253 1145 1395 1184 ἐπιδου-

347 1205 503 1254 λεύεται,
526 1204 597 1244 Καὶ
618 1205 652 1244 τί
678 1206 729 1244 δεῖ
750 1205 930 1259 πράττειν,
951 1205 1015 1258 ἔφη
1030 1238 1040 1257 ,
1063 1207 1093 1244 εἰ
1114 1204 1230 1252 δεήσει
1249 1211 1320 1250 τοῖς
1341 1205 1397 1258 φί-

346 1266 417 1309 λοις
432 1263 492 1304 καὶ
511 1269 581 1308 τοῖς
602 1266 736 1318 ἐχθροῖς
754 1259 881 1316 δμοίως
899 1268 1072 1317 χρῆσθαις

401 1324 606 1377 (Diogenes
622 1324 800 1363 Laertius
820 1324 892 1364 lib.
910 1324 977 1372 Vl,
998 1324 1080 1376 68.)

400 1397 468 1426 248.
501 1382 729 1437 Ἐρωτηθείς,
745 1384 780 1423 τί
799 1384 985 1423 κάλλιστον
1007 1386 1042 1423 ἐν
1071 1382 1287 1437 ἀνθρώποις,
1306 1381 1372 1436 ἔφη
1387 1399 1396 1407 ·

347 1443 554 1498 Παρρησία.

401 1503 607 1553 (Diogenes
627 1501 804 1540 Laertius
820 1502 893 1542 lib.
910 1502 976 1550 VI,
995 1502 1071 1554 69.)

401 1575 470 1602 240.
503 1561 680 1600 Εἰσελθὼν
715 1563 761 1605 εἷς
792 1561 1027 1609 διδασκάλου,
1050 1560 1297 1610 καὶ,Μούσας
1333 1559 1395 1611 μὲν

350 1619 431 1659 ἰδὼν
453 1619 606 1668 πολλάς,
631 1620 789 1671 μαθητὰς
818 1620 854 1658 δὲ
882 1620 1035 1672 ὀλίγους,
1066 1620 1138 1660 Σὺν
1173 1623 1284 1668 θεοῖς,
1309 1619 1396 1674 ἔφη,

351 1679 559 1728 διδάσκαλε,
580 1679 731 1724 πολλοὺς
749 1679 906 1730 μαθητὰς
930 1679 1036 1733 ἔχεις.

407 1739 615 1789 (Diogenes
652 1738 828 1777 Laertius
868 1739 938 1779 lib.
970 1739 1040 1788 v'l,
1075 1741 1138 1791 69.
1165 1739 1300 1778 Simile
1340 1749 1397 1778 est

348 1797 446 1835 illud
504 1798 713 1836 Stratonici
763 1798 967 1837 citharoedi
1021 1799 1124 1850 apud
1169 1799 1393 1837 Athenaeum

347 1857 418 1895 lib.
444 1857 536 1894 Vlll
572 1871 612 1908 p.
647 1858 737 1904 348,
757 1858 788 1896 D
812 1871 820 1895 :
858 1858 1031 1897 διδάσκων
1068 1857 1135 1910 γὰρ
1172 1858 1394 1910 κιθαριστάς,

337 1915 465 1962 ’ἐπειδὴ
489 1916 524 1953 ἐν
542 1917 592 1968 τῷ
611 1915 840 1969 διδασκαλείῳ
859 1910 950 1970 εἶχεν
972 1917 1069 1955 ἐννέα
1091 1917 1153 1968 μὲν
1173 1917 1307 1962 εἰκόνας
1325 1919 1394 1955 τῶν

345 1976 513 2022 Μουσῶν,
533 1979 592 2013 τοῦ
624 1973 659 2012 δὲ
682 1974 897 2018 Ἀπόλλωνος
927 1975 1028 2027 μίαν,
1058 1976 1216 2027 μαθητὰς
1246 1976 1283 2015 δὲ
1313 1975 1392 2025 δύο,

345 2034 604 2083 πυνθανομένου
637 2033 727 2077 τινὸς
758 2034 886 2078 πόσους
908 2034 982 2087 ἔχοι
1009 2035 1190 2086 μαθητάς,
1209 2034 1275 2089 ἔφη
1289 2066 1300 2087 ,
1320 2035 1391 2075 Σὺν

344 2099 416 2136 τοῖς
437 2095 524 2136 θεοῖς
541 2092 706 2143 δώδεκα.)

1461 438 1608 489 Κρήτην
1631 435 1803 489 ἀπαχθεὶς
1823 433 2082 486 ἐπιπράσκετο·
2096 433 2157 472 καὶ
2175 436 2234 473 τοῦ
2254 433 2406 487 κήρυκος
2421 434 2507 486 ἔρω-

1458 498 1607 548 τῶντος,
1630 496 1663 535 τί
1683 490 1753 534 οἶδε
1773 498 1900 538 ποιεῖν,
1925 491 2011 545 ἔφη,
2032 490 2237 545 Ἀνθρώπων
2260 491 2396 547 ἄρχειν.
2416 490 2510 532 Ὅτε

1459 554 1519 594 καὶ
1551 555 1662 600 δείξας
1692 552 1771 592 τινὰ
1802 551 1984 604 Κορίνθιον
2009 550 2219 605 εὐπάρυφον,
2235 550 2294 590 τὸν
2315 549 2507 599 Ξενιάδην,

1459 613 1536 664 ἔφη·
1548 615 1674 667 Τούτῳ
1693 629 1736 663 με
1756 611 1883 660 πώλει,
1898 604 1995 654 οὗτος
2011 610 2180 649 δεσπότου
2197 610 2332 664 χρῄζει.
2349 610 2510 651 Ὤνεῖται

1460 672 1501 719 δὴ
1525 674 1624 713 αὐτὸν
1643 676 1661 711 ὁ
1679 671 1854 717 Ξενιάδης
1876 670 1936 710 καὶ
1956 669 2150 722 ἀπαγαγὼν
2172 671 2219 714 εἰς
2237 669 2301 719 τὴν
2322 667 2508 723 Κόρινθον,

1460 731 1632 779 ἐπέστησε
1648 733 1717 775 τοῖς
1737 732 1862 769 ἑαυτοῦ
1889 729 2063 782 παιδίοις,
2084 729 2144 769 καὶ
2177 736 2294 769 πᾶσαν
2323 729 2511 784 ἐνεχείρισε

1458 790 1522 837 τὴν
1546 790 1676 830 οἰκίαν.
1734 788 1780 828 Ὁ
1817 789 1853 827 δὲ
1883 788 1991 833 οὕτως
2020 787 2130 838 αὐτὴν
2169 790 2203 827 ἐν
2229 795 2319 828 πᾶσι
2354 788 2510 838 διετίθει,

1459 849 1550 888 ὥστε
1577 851 1704 893 ἐκεῖνος
1731 847 1874 901 περιιὼν
1895 848 2029 901 ἔλεγεν·
2060 848 2201 899 Ἀγαθὸς
2218 847 2354 899 δαίμων
2374 849 2424 892 εἰς
2445 845 2511 896 τὴν

1459 910 1570 949 οἰκίαν
1592 925 1659 960 μου
1677 909 1888 955 εἰσελήλυθε.
1911 909 2012 957 Φησὶ
2032 907 2068 946 δὲ
2092 907 2297 959 Κλεομένης
2313 908 2348 946 ἐν
2366 909 2416 960 τῷ
2434 908 2511 946 ἐπι-

1459 968 1670 1022 γραφομένῳ
1686 968 1954 1020 παιδαγωγικῷ,
1964 966 2041 1012 τοὺς
2053 967 2248 1020 γνωρίμους
2263 966 2511 1021 λυτρώσασθαι

1460 1028 1564 1067 αὐτὸν
1580 1030 1743 1075 θελῆσαι·
1763 1026 1821 1065 τὸν
1845 1027 1882 1067 δὲ
1903 1027 2038 1075 εὗήθεις
2060 1026 2183 1071 αὐτοὺς
2203 1028 2324 1066 εἰπεῖν·
2345 1025 2423 1066 οὑδὲ
2442 1027 2511 1079 γὰρ

1454 1088 1536 1132 τοὺς
1557 1087 1699 1131 λέοντας
1720 1087 1862 1131 δούλους
1883 1079 1974 1125 εἶναι
1994 1088 2064 1125 τῶν
2092 1086 2304 1140 τρεφόντων,
2323 1085 2415 1125 ἀλλὰ
2433 1084 2512 1130 τοὺς

1459 1148 1646 1201 τρέφοντας
1672 1149 1740 1186 τῶν
1772 1145 1934 1186 λεόντων
1954 1146 2078 1185 δούλου
2103 1146 2171 1199 γὰρ
2187 1146 2229 1186 τὸ
2247 1145 2447 1200 φοὸεῖσθαι·
2468 1146 2513 1186 τὰ

1459 1208 1495 1247 δὲ
1516 1208 1618 1260 θηρία
1638 1206 1770 1260 φοὸερὰ
1789 1211 1862 1251 τοῖς
1882 1206 2076 1258 ἀνθρώποις
2097 1199 2199 1246 εἶναι.

1514 1268 1721 1321 (Diogenes
1740 1266 1918 1305 Laertius
1938 1265 2010 1307 lib.
2029 1265 2095 1314 VI,
2115 1265 2272 1319 74-75.)

1514 1341 1580 1367 251.
1613 1326 1778 1378 Διογένης
1817 1325 1898 1364 ἰδών
1931 1341 2009 1364 τινα
2049 1325 2259 1376 ἐξυρημένον
2292 1325 2332 1365 τὸ
2365 1325 2511 1380 γένειον,

1460 1386 1601 1440 ἔφησεν·
1623 1385 1686 1432 Μή
1707 1401 1740 1423 τι
1760 1385 1853 1438 ἔχεις
1882 1385 2042 1437 ἐγκαλεῖν
2062 1388 2106 1438 τῇ
2127 1384 2251 1439 φύσει,
2269 1384 2322 1424 ὅτι
2342 1384 2453 1439 ἄνδρα
2473 1402 2512 1426 σε

1460 1445 1602 1493 ἐποίησε
1632 1444 1692 1484 καὶ
1719 1446 1756 1484 οὔ
1785 1446 1954 1497 γυναῖκας
1975 1443 2122 1497 ”Έτερον
2151 1443 2191 1483 δέ
2209 1460 2288 1484 τινα
2316 1445 2375 1485 ἐπὶ
2401 1443 2513 1487 ἵππου

1459 1501 1541 1542 ἰδὼν
1575 1503 1835 1555 παραπλησίως
1869 1502 2018 1556 ἔχοντα,
2051 1503 2112 1543 καὶ
2144 1504 2417 1558 μεμυρισμένον,
2451 1506 2514 1545 καὶ

1459 1562 1593 1606 τούτοις
1625 1562 1822 1608 ἀκολούθως
1853 1562 2106 1614 ἠμφιεσμένον,
2122 1563 2291 1618 πρότερον
2311 1564 2374 1616 μὲν
2405 1562 2512 1618 ἔφησε

1457 1617 1590 1670 ζητεῖν,
1612 1622 1644 1659 τί
1664 1622 1758 1660 ἐστιν
1777 1623 1796 1659 ὁ
1814 1622 2029 1676 ἱππόπορνος
2041 1651 2051 1669 ,
2067 1625 2127 1661 νῦν
2147 1621 2184 1660 δὲ
2204 1622 2404 1676 εὑρηκέναι.

1515 1681 1735 1732 (Athenaeus
1754 1679 1823 1719 lib.
1847 1680 1940 1719 XIII
1970 1696 2010 1734 p.
2031 1682 2108 1720 565
2140 1697 2176 1723 c.
2197 1683 2260 1724 ed'.
2290 1682 2511 1724 casaubon.

1459 1740 1573 1780 Conf.
1597 1741 1735 1791 fragm.
1758 1739 1869 1792 229.)

1511 1813 1579 1839 252.
1611 1799 1777 1852 Διογένης
1789 1800 1882 1853 ’πρὸς
1901 1799 1978 1845 τοὺς
1998 1801 2232 1853 ἐγκαλοῦντας
2252 1802 2348 1855 αὐτῷ
2368 1802 2512 1856 ἀποτρι-

1458 1858 1597 1913 ὅομένῳ
1614 1859 1746 1911 ἔλεγεν·
1763 1859 1841 1900 Εἴθ’
1857 1860 2044 1912 ἠδυνάμην
2060 1860 2120 1899 καὶ
2137 1860 2200 1909 τὴν
2215 1860 2373 1914 γαστέρα
2389 1861 2515 1917 τρίψας

1456 1922 1519 1966 τῆς
1541 1917 1661 1965 πείνης
1682 1919 1740 1957 καὶ
1760 1921 1824 1966 τ’ἤς
1845 1919 1977 1964 ἐνδείας
1995 1919 2215 1961 παύσασθαι.
2228 1921 2461 1973 -Διογένης
2477 1923 2512 1961 ἐν

1455 1981 1499 2031 τῇ
1521 1979 1642 2016 ἑαυτοῦ
1663 1977 1825 2032 πολιτεία
1846 1978 2004 2030 νόμισμα
2025 1971 2118 2018 εἶναι
2135 1981 2317 2032 νομοθετεῖ
2332 1978 2514 2035 ἀστραγά-

1455 2038 1550 2082 λους.
1928 2073 1930 2075 ,

1514 2097 1735 2148 (Athenaeus
1763 2097 1832 2136 lib.
1855 2097 1905 2135 lv
1929 2111 2018 2150 pag.
2042 2098 2115 2136 158
2133 2098 2173 2136 F.
2189 2108 2227 2138 et
2252 2112 2343 2151 pag.
2369 2099 2443 2150 159
2464 2101 2510 2140 C.

387 2210 458 2240 244.
482 2207 661 2240 Alexandro
671 2210 907 2249 supervenienti
919 2219 956 2242 ac
970 2210 1099 2252 dicenti,
1119 2213 1195 2244 Non
1211 2213 1312 2244 times
1325 2215 1404 2256 me?-

349 2268 442 2306 Quid
464 2268 764 2310 enim,inquit,es?
787 2270 913 2303 bonum
937 2281 984 2304 an
1013 2273 1176 2306 malum?
1191 2273 1323 2306 Dicente
1340 2274 1394 2306 illo

346 2325 484 2367 bonum,
505 2328 584 2364 Quis
599 2336 698 2369 erqo,
711 2328 770 2369 ait,
790 2329 916 2362 bonum
937 2332 1062 2363 timete

388 2387 460 2417 245.
485 2385 674 2418 Doctrinam
691 2386 951 2420 adolescentibus
973 2389 1244 2430 moderationem,
1259 2390 1393 2422 seniori-

345 2442 407 2475 bus
435 2444 597 2485 solatium,
616 2439 812 2487 pauperibus
838 2447 978 2489 divitias,
996 2449 1149 2482 divitibus
1168 2453 1394 2483 ornamentum

345 2510 415 2534 esse
436 2502 530 2536 dixit.

392 2564 465 2594 246.
488 2562 660 2604 Didymoni
678 2565 824 2598 adultero
845 2568 972 2600 curanti
989 2568 1163 2610 aliquando
1182 2570 1296 2611 puellae
1314 2579 1395 2602 ocu-

347 2620 427 2662 lum,
449 2621 541 2662 Vide,
555 2623 670 2665 inquit,
690 2634 732 2657 ne
748 2627 892 2667 virqinis
917 2627 1056 2660 oculum
1071 2637 1202 2661 curans
1215 2629 1396 2671 pupillam

347 2678 384 2720 [i.
398 2688 427 2711 e.
443 2680 592 2722 puellam]
606 2690 820 2724 corrumpas.

390 2741 462 2770 247.
485 2739 618 2772 Dicente
636 2741 775 2781 quodam
788 2767 797 2783 ,
814 2742 876 2784 ipsi
891 2743 1012 2777 amieos
1030 2745 1190 2786 insidiari,
1210 2747 1277 2780 Sed
1294 2747 1394 2790 quid,

347 2796 470 2838 inquit,
489 2797 604 2836 facere
622 2803 777 2842 oportet,
790 2803 821 2834 si
846 2811 942 2844 arque
968 2805 1092 2837 amicis
1118 2807 1223 2847 atque
1242 2807 1394 2840 inimicis

349 2856 522 2889 utendum
534 2859 603 2890 erit
614 2862 633 2891 P

390 2916 462 2946 248.
487 2917 647 2958 Rogatus,
663 2918 739 2959 quid
759 2919 841 2952 inter
853 2920 1002 2954 homines
1015 2922 1278 2957 honestissimum
1296 2927 1393 2968 esset,

348 2974 509 3013 respondit
530 2988 536 3007 :
559 2977 728 3017 Loquendi
743 2979 899 3012 libertas.

389 3035 460 3065 249.
477 3033 625 3066 scholam
634 3035 804 3077 aliquando
818 3038 978 3079 ingressus
989 3050 1090 3080 quum
1101 3043 1217 3075 multas
1227 3045 1393 3086 Musarum

347 3090 510 3131 imagines,
529 3102 646 3133 paucos
664 3097 770 3127 autem
786 3096 959 3138 discipulos
980 3099 1122 3141 vidisset,
1139 3104 1226 3134 Cum
1249 3103 1392 3147 deabus,

348 3149 463 3191 inquit,
482 3154 682 3192 pra-ceptor,
699 3155 828 3187 multos
850 3156 955 3189 habes
975 3158 1176 3200 discipulos.

347 3211 360 3236 k*
390 3212 463 3242 250.
487 3210 543 3242 Sui
555 3212 740 3244 auctionem
763 3214 935 3248 fortissime
950 3218 1093 3257 pertulit.
1137 3221 1247 3257 Quum
1261 3221 1393 3255 enimin

348 3266 486 3300 insulam
505 3270 649 3310 AEginam
665 3272 828 3312 navigaret
854 3276 950 3315 atque
972 3284 991 3307 a
1016 3276 1126 3317 piratis
1155 3279 1238 3311 esset
1267 3282 1390 3321 captus,

350 3335 487 3366 quorum
504 3328 566 3360 dux
586 3333 653 3362 erat
678 3331 855 3373 scirpalus‚
870 3333 902 3364 in
921 3335 1049 3366 Cretam
1074 3336 1231 3369 abductus
1252 3347 1290 3370 ac
1312 3333 1393 3371 ven-⁷

349 3384 435 3417 ditus
469 3388 529 3420 est.
574 3390 724 3423 Praecone
769 3392 876 3424 autem
917 3392 1151 3436 interrogante,
1186 3396 1262 3436 quid
1298 3397 1392 3431 sciret

351 3441 466 3484 facere,
485 3447 647 3487 respondit
664 3460 673 3482 n
689 3445 894 3484 Hominibus
912 3452 1083 3494 imperare
1092 3462 1105 3491 ;
1119 3454 1278 3497 simulque
1293 3455 1391 3498 digito

1460 2215 1642 2246 monstrans
1662 2213 1866 2246 Corinthium
1883 2213 2047 2253 quendam
2065 2214 2304 2255 praetextatum,
2320 2214 2511 2257 xeniadem,

1457 2274 1567 2314 Huic,
1594 2273 1718 2314 inquit,
1739 2281 1792 2305 me
1822 2272 1931 2305 vende
1951 2283 1963 2305 :
1981 2271 2038 2305 hic
2067 2274 2161 2305 enim
2192 2272 2333 2306 domino
2361 2273 2509 2316 ἐπαίρει.

1457 2332 1543 2364 Emit
1560 2332 1654 2371 igitur
1673 2331 1762 2363 illum
1779 2331 1940 2364 Xeniades
1960 2331 2218 2373 Corinthumque
2242 2341 2352 2366 secum
2374 2332 2509 2366 ductum

1456 2390 1561 2423 filiolis
1578 2392 1809 2432 praeceptorem
1826 2391 1932 2432 dedit,
1950 2392 2117 2433 totamque
2129 2392 2264 2424 domum
2284 2393 2315 2426 ei
2335 2393 2507 2426 commisit.

1455 2451 1487 2482 Is
1510 2459 1588 2483 vero
1612 2450 1746 2483 omnino
1771 2455 1843 2483 eam
1861 2450 1905 2482 ita
1926 2450 2174 2491 administravit,
2192 2453 2231 2483 ut
2245 2451 2297 2484 ille
2315 2452 2509 2486 circumiens

1456 2509 1578 2542 diceret
1597 2522 1606 2542 ε
1624 2511 1736 2542 Bonus
1762 2509 1875 2549 genius
1894 2509 2028 2542 domum
2046 2518 2154 2542 meam
2174 2510 2338 2552 ingressus
2355 2512 2418 2544 est.
2441 2513 2507 2545 Re-

1457 2569 1516 2601 fert
1537 2569 1726 2601 Cleomenes
1751 2568 1784 2600 in
1810 2568 1892 2600 libro
1909 2568 1963 2610 qui
1984 2569 2183 2611 Paedagogus
2201 2569 2397 2613 inscribitur,
2414 2570 2508 2604 fami·

1456 2627 1550 2661 liares
1570 2636 1646 2660 suos
1659 2627 1750 2660 illum
1763 2627 1919 2661 redimere
1932 2628 2090 2670 voluisse,
2109 2628 2216 2670 ipsum
2236 2638 2313 2663 vero
2328 2639 2386 2663 eos
2402 2630 2509 2664 fatuos

1456 2695 1602 2721 vocasse.
1627 2689 1738 2728 Neque
1750 2687 1835 2720 enim
1863 2688 1970 2720 leones
1993 2696 2105 2720 servos
2120 2696 2190 2721 esse
2205 2689 2437 2730 nutrientium,
2450 2690 2508 2724 sed

1456 2748 1568 2780 contra
1587 2747 1658 2779 illos
1674 2747 1795 2779 servire
1809 2746 1968 2779 leonihuS.
2012 2748 2094 2780 Nam
2113 2747 2199 2781 servi
2216 2747 2387 2782 limen-esst
2399 2773 2408 2790 ,
2425 2749 2508 2783 feras

1456 2815 1532 2839 vero
1552 2806 1737 2839 hominibus
1754 2806 1869 2839 terrori
1885 2815 1966 2839 esse.

1498 2869 1570 2899 251.
1595 2866 1752 2906 Diogenes
1777 2875 1878 2908 quum
1905 2867 2066 2908 quendam
2092 2869 2235 2901 mentum
2257 2878 2368 2902 rasum
2390 2857 2506 2905 habere

1454 2925 1587 2958 vidisset
1604 2938 1612 2958 :
1629 2927 1682 2958 An
1701 2928 1758 2966 tu,
1775 2925 1897 2967 inquit,
1912 2927 2202 2968 exprobrandum
2222 2937 2294 2961 esse
2311 2931 2420 2971 putas
2444 2939 2508 2964 na-

1456 2990 1562 3028 turoe,
1572 2988 1664 3031 quod
1675 2991 1790 3022 virum
1804 2991 1837 3021 te
1850 2988 1949 3031 fecit,
1972 2999 2039 3022 non
2055 2989 2224 3032 seminam
2235 2995 2255 3024 ι’
2269 2991 2413 3025 Alterum
2427 3002 2506 3027 vero

1454 3049 1657 3089 conspicatus
1673 3048 1770 3080 simili
1788 3050 1892 3089 specie
1914 3050 1946 3081 in
1962 3059 2045 3091 equo
2060 3050 2244 3092 sedentem,
2257 3051 2430 3093 unguentis
2448 3052 2502 3086 ‹le-

1454 3107 1591 3140 libutum
1610 3109 1707 3149 atque
1720 3108 1770 3140 liis
1789 3108 1912 3140 deliciis
1932 3109 2159 3143 convenienter
2173 3110 2326 3143 vestitum
2338 3135 2347 3151 ,
2365 3120 2399 3144 se
2415 3111 2504 3154 prius

1453 3168 1641 3207 quaesivisse
1663 3167 1760 3208 dixit,
1777 3168 1852 3208 quid
1875 3169 1956 3201 soret
1973 3168 2208 3211 hippopornus
2222 3171 2383 3210 (scortum
2402 3178 2501 3212 eque-

1453 3225 1557 3267 stre),
1573 3236 1658 3259 nunc
1673 3231 1780 3260 autem
1800 3227 1969 3259 invenisse.

1495 3289 1567 3318 252.
1591 3286 1750 3327 Diogenes
1767 3286 1996 3327 reprehensus,
2010 3285 2096 3326 quod
2122 3294 2240 3326 corpus
2268 3286 2408 3326 tricaret,
2428 3287 2502 3319 Uen-

1453 3351 1549 3383 nam,
1566 3344 1681 3384 inquit,
1700 3346 1808 3377 etiam
1822 3344 1956 3384 fricato
1976 3345 2092 3376 ventre
2107 3343 2212 3380 samis
2238 3346 2272 3375 ec
2296 3342 2500 3384 indiqentioe

1442 3401 1553 3441 finem
1563 3404 1716 3444 reperire
1730 3411 1872 3444 possem.
1880 3421 1922 3426 —
1931 3403 2091 3444 Diogenes
2102 3402 2133 3434 in
2141 3410 2198 3434 sua
2208 3400 2383 3443 Republica
2393 3401 2497 3445 legem

1451 3459 1538 3501 tulit,
1555 3464 1591 3493 ut
1605 3470 1662 3502 pro
1674 3462 1816 3494 nummis
1829 3462 1886 3495 tali
1899 3462 2060 3495 cederent.
