2638 3840
350 264 421 297 ,5⁶
1275 243 1537 283 anLcmu

347 344 424 376 lumi
454 341 603 375 memoria
636 340 728 381 plane
754 341 904 370 retexam.

345 406 439 434 mune
452 399 638 440 cognitionis
657 396 822 429 delectatio
838 395 930 426 altius
950 391 1047 429 intigit
1080 390 1240 422 mentibus
1263 389 1375 421 insita.

347 462 488 500 Forsque
521 459 637 496 etiam,
666 455 751 496 quod
787 453 926 486 studiosa
947 450 1030 482 senis
1053 451 1085 481 et
1111 448 1238 481 assidua
1269 447 1381 480 relatio

346 527 501 551 meracam
543 515 700 557 ‹piaiidam
733 517 764 544 et
802 510 1007 543 inobsoletam
1045 508 1240 549 impresserit
1269 506 1378 539 animo

346 580 464 609 notam.
507 578 614 613 Quare
632 575 665 605 ut
687 573 728 611 id,
744 571 781 603 ad
802 569 884 611 quod
900 568 1005 600 ‹urinia
1024 567 1194 608 pertinent,
1211 575 1283 606 qum
1297 566 1380 598 dicta

344 639 430 678 sunt,
447 635 576 675 eloquar
595 646 602 665 ε
620 633 723 663 dicere
741 639 810 661 sum
834 629 972 668 paratus.
1027 628 1097 659 Non
1115 628 1150 658 ut
1166 625 1379 657 narrationem

344 697 482 728 retexam
511 707 518 726 ι
549 693 622 730 sed,
645 693 678 723 ut
705 688 869 722 ostendam
897 686 1126 728 rempublicam
1146 689 1177 718 ct
1205 685 1377 726 populum,

344 751 489 788 s‘errnone
506 751 642 783 Socratis
661 750 804 781 hesterna
821 745 1036 787 disputatione
1054 744 1292 783 adumbratum,
1311 753 1377 776 non

344 814 530 854 picturatam
552 809 684 848 effigiem
705 808 804 839 beatoe
826 805 984 843 civitatis,
1003 803 1057 835 sed
1088 812 1161 835 vere
1186 803 1309 835 beatam
1332 803 1379 835 ci-

343 873 483 909 vitatem,
501 871 532 901 et
558 876 654 899 unum
679 865 830 906 populum
854 862 1016 904 quondam
1037 863 1145 902 fuisse,
1167 865 1376 903 propugnato·

344 938 475 968 itusque,
502 936 582 967 quos
608 927 666 957 iste
697 922 877 957 instituebat
914 916 951 953 ad
982 921 1180 954 tolerantiam
1211 921 1378 959 laborum,

343 988 555 1026 virtutemque
585 983 697 1023 animi,
724 981 894 1022 gymnasiis
917 985 948 1013 et
971 981 1089 1012 musica
1121 979 1378 1018 mansuetudine,

342 1045 476 1084 inajores
498 1045 623 1075 nostros
647 1041 760 1081 fuisse,
781 1049 862 1081 quos
879 1040 930 1072 ille
948 1039 1095 1071 sacerdos
1116 1039 1282 1079 AEgyptius
1300 1047 1378 1079 prae-

339 1103 482 1134 dicaret:
501 1100 628 1141 quando
650 1101 730 1132 tacta
753 1108 863 1131 eorum
885 1098 1088 1131 nutrimentis
1113 1098 1153 1130 ab
1173 1098 1234 1130 hoc
1260 1107 1379 1130 memo-

341 1162 416 1193 ratis
442 1147 659 1199 institutisque
692 1158 898 1190 conveniant.
946 1159 1107 1198 Imperato
1136 1158 1254 1197 quippe
1285 1157 1377 1189 nobis

339 1230 356 1253 a
374 1221 502 1253 Socrate
527 1218 648 1250 muneri
671 1227 734 1249 non
760 1217 852 1250 aliter
869 1217 1011 1249 satisfieri
1030 1226 1120 1257 posse
1140 1216 1296 1256 arbitr0r;
1319 1215 1377 1247 nisi

338 1286 493 1309 consensu
519 1276 662 1308 omnium
694 1275 884 1316 participum
912 1274 1008 1306 officii
1039 1274 1153 1315 recepti
1192 1272 1379 1314 probabitur

338 1335 440 1374 illam,
459 1343 554 1375 quam
576 1334 665 1365 vario
689 1333 756 1374 ipse
776 1341 922 1365 sermone
942 1332 1095 1372 depinxit,
1113 1332 1236 1372 urbem,
1257 1333 1379 1364 veteres

337 1396 475 1427 Athenas
493 1395 599 1426 fuisse.
643 1396 771 1433 Quare,
791 1394 832 1425 mi
852 1394 1010 1433 Socrates,
1029 1393 1285 1426 remuneratione
1316 1393 1377 1425 lin-

334 1453 510 1495 juseemodi
528 1454 593 1486 fieri
608 1455 776 1485 contentus
798 1453 935 1486 aestima.

378 1516 440 1546 SO.
464 1514 591 1545 Nullam
619 1522 692 1545 vero
713 1513 824 1552 aliam,
844 1512 960 1552 cutia,
985 1512 1084 1554 magis
1098 1512 1261 1555 approbo,
1279 1520 1378 1554 quam

336 1573 430 1605 istam
450 1573 566 1614 ipsam,
582 1581 654 1613 quae
675 1572 800 1613 propria
817 1573 866 1604 est
888 1572 1095 1612 praesentium
1119 1572 1282 1605 seriarum.
1305 1574 1376 1604 Ma·

338 1632 486 1672 gniticum
503 1641 578 1664 vero
588 1631 679 1671 illud,
690 1641 752 1663 non
767 1631 874 1663 fictam
889 1632 1204 1672 commentitiamque
1218 1631 1375 1673 sabulam3

337 1690 392 1722 sed
421 1699 528 1722 veram
560 1690 724 1722 historiam
761 1690 837 1721 vitae
857 1689 1012 1730 possibilis
1040 1690 1104 1722 sato
1132 1690 1271 1731 quodam
1291 1698 1309 1721 a
1327 1698 1378 1722 me

338 1748 450 1780 vestris
481 1748 593 1780 animis
620 1747 810 1780 intimatam.

337 1857 447 1901 μεῖον.
477 1848 573 1901 Ἐγὼ
604 1849 670 1901 γὰρ
690 1848 712 1886 ἃ
738 1848 800 1900 μὲν
821 1849 901 1902 χθὲς
933 1849 1088 1897 ἤκουσα,
1111 1851 1173 1888 οὐκ
1193 1849 1236 1888 ἂν
1263 1843 1327 1888 οἶδ’
1347 1851 1377 1888 εἷ

337 1908 506 1959 δυναίμην
529 1906 666 1946 ἅπαντα
686 1910 719 1946 ἐν
741 1907 862 1959 μνήμῃ
883 1909 988 1947 πάλιν
1007 1908 1142 1947 λαῧεῖν·
1161 1913 1274 1947 ταῦτα
1295 1908 1331 1947 δὲ
1353 1908 1375 1946 ἃ

335 1967 526 2018 πάμπολυν
557 1967 678 2020 χρόνον
713 1967 904 2019 διακήκοα,
923 1967 1127 2008 παντάπασι
1155 1967 1376 2020 θαυμάσαιμ’

337 2024 379 2063 ἂν
399 2025 430 2063 εἴ
449 2025 482 2063 τί
503 2041 546 2076 με
573 2027 688 2063 αὐτῶν
714 2026 956 2080 διαπέφευγεν.
1013 2021 1085 2066 ’Ἦν
1112 2026 1175 2077 μὲν
1201 2021 1259 2065 οῧν
1287 2027 1377 2076 μετὰ

336 2085 468 2130 πολλῆς
487 2085 612 2131 ἡδονῆς
631 2084 690 2123 καὶ
710 2086 873 2131 παιδικῆς
892 2085 971 2124 τότε
990 2085 1184 2137 ἀκουόμενα
1196 2116 1207 2136 ,
1227 2086 1287 2125 καὶ
1315 2090 1375 2125 τοῦ

336 2142 532 2195 πρεσὸύτου
559 2144 742 2196 προθύμως
773 2159 815 2193 με
840 2144 1082 2194 διδάσκοντος,
1105 2144 1158 2182 ἅτ’
1178 2147 1263 2195 ἐμοῦ
1284 2148 1373 2185 πολ-

337 2202 435 2246 λάκις
449 2201 842 2255 ἐπανερυ)τῶντος,ὥστε
855 2197 924 2241 οἷον
939 2202 1144 2254 ἐγκαύματα
1161 2204 1377 2244 ἀνεκπλύτου

337 2277 471 2314 γραφης
488 2261 623 2311 ἔμαονά
645 2277 702 2311 μοι
722 2261 854 2311 γέγονε.
917 2263 985 2302 Καὶ
1005 2262 1046 2310 δὴ
1069 2279 1128 2301 και
1150 2266 1264 2303 τοῖσδε
1281 2269 1377 2311 εὐθυς

338 2320 457 2371 ἔ>εγον
481 2319 583 2358 ἕωθεν
607 2320 695 2358 αὐτὰ
718 2325 851 2368 ταῦτα,
873 2320 930 2358 ἵνα
955 2322 1131 2375 εὐποροῖεν
1164 2322 1274 2374 λόγων
1301 2323 1376 2374 μετ’

339 2380 436 2449 ἐμοῦ.
492 2380 567 2418 Νῦν
590 2381 662 2429 οὖν,
682 2382 719 2417 ου
737 2395 802 2432 περ
820 2379 920 2418 ἕνεκα
946 2381 1059 2419 πάντα
1090 2381 1243 2433 εἴρηται,
1263 2383 1375 2434 λέγειν

338 2435 410 2485 εἶμι
441 2436 593 2486 ἕτοιμος,
615 2439 643 2474 ὠ
672 2437 878 2489 Σώκρατες,
903 2437 950 2488 μὴ
979 2439 1080 2489 μόνον
1109 2442 1143 2478 ἐν
1175 2442 1377 2494 κεφαλαίοις

339 2471 416 2532 ἀλλ’
446 2494 563 2546 ὥσπερ
588 2495 720 2541 ἤκουσα
740 2498 816 2534 καθ
838 2497 995 2538 ἑᾘκαστον
1053 2498 1144 2543 Ἰους
1161 2500 1206 2537 δε
1230 2501 1373 2545 πολίτας

341 2552 401 2590 και
421 2552 482 2599 τὴν
506 2554 609 2591 πόλιν
636 2554 679 2600 ἢν
697 2554 756 2606 χθὲ
761 2571 776 2595 ς
792 2556 874 2605 ἧμιν
893 2557 938 2599 ὡς
958 2559 991 2595 ἐν
1017 2557 1113 2607 αύθο)
1135 2558 1290 2610 διῃεισθα
1310 2558 1374 2610 σύ,

340 2611 598 2662 μετενεγκόντες
627 2612 683 2649 ἔπι
711 2613 837 2660 τάληθὲ
842 2630 856 2655 ς
883 2615 938 2652 δε”
904 2630 980 2667 ευρο
1005 2615 1194 2666 θήσομεν
1175 2634 1220 2661 ως
1241 2618 1374 2666 ἐκείνην

339 2669 441 2715 τήνδε
476 2672 593 2717 οὖσαν,
614 2686 674 2709 και
692 2686 769 2714 τους
802 2671 946 2716 πολίτας
979 2674 1036 2718 οῦς
1064 2676 1194 2714 διενοοῦ
1215 2677 1374 2729 φήσομεν

341 2728 488 2771 εκείνους
519 2744 597 2772 τους
630 2730 809 2776 ἀληθινους
844 2735 932 2769 εἰναι
966 2734 1154 2785 προγόνους
1185 2738 1286 2786 ἡμων
1320 2737 1377 2781 οὒς

341 2786 455 2836 ἔλεγεν
473 2789 490 2824 ὂ
509 2787 627 2838 ἱερεύς·
645 2789 782 2832 πάντως
799 2789 1002 2839 ἁρμόσουσι,
1018 2808 1076 2830 και
1093 2794 1155 2831 οὐκ
1170 2795 1376 2844 ἀπασόαεθα

340 2844 498 2895 λέγοντες
525 2845 646 2889 αὐτους
673 2841 760 2885 εἰναι
788 2847 865 2892 τους
885 2850 918 2886 ἐν
946 2866 995 2901 τῳ
1016 2851 1093 2888 τότε
1120 2852 1220 2897 ὄντας
1250 2856 1376 2907 χρόνι)

342 2905 452 2955 Κοινῇ
486 2903 522 2941 δὲ
554 2904 849 2955 διαλαμὸάνοντες
883 2906 1031 2952 ἅπαντες
1066 2911 1306 2962 πειρασόμεθα
1339 2912 1378 2951 τὸ

341 2962 482 3021 πρέπον
503 2962 550 3004 εἷς
578 2961 722 3012 δύναμιν
750 2967 798 3007 οἱς
830 2964 999 3010 επέταξας
1033 2968 1229 3008 ἀποδοῦναι.
1286 2972 1378 3010 Σκο-

344 3021 423 3057 πεῖν
443 3022 500 3057 οὖν
527 3019 569 3066 δὴ
589 3023 658 3072 χρή
671 3051 680 3069 ,
697 3023 932 3073 ὠΣώκρατες
946 3055 956 3074 ,
979 3028 1007 3063 εἷ
1036 3027 1125 3064 κατὰ
1145 3032 1222 3066 νοῦν
1243 3031 1261 3067 ὁ
1278 3030 1379 3082 λόγος

343 3080 427 3127 ἡμῖν
444 3082 559 3127 οὗτος,
577 3079 599 3126 ἦ
618 3096 694 3119 τινα
715 3081 762 3119 ἔτ’
783 3082 921 3121 ἅλλον
903 3086 975 3122 αντ’
999 3086 1102 3123 αὐτοῦ
1124 3089 1303 3135 ζητητέον.

395 3136 464 3177 XI,
487 3139 566 3177 m.
587 3139 656 3177 Kal
672 3139 736 3178 τίν’
755 3157 808 3189 αν,
822 3158 851 3179 ω
868 3143 1007 3194 Κριτία,
1023 3146 1190 3193 μᾶλλον
1173 3148 1378 3187 αντὶτούτου

347 3195 619 3246 μεταλάὸοιμεν,
639 3197 673 3241 ὃς
702 3202 744 3251 τῇ
763 3215 801 3237 τε
820 3200 979 3253 παρούσῃ
1004 3206 1063 3248 τῆς
1095 3207 1170 3242 θεοῦ
1203 3206 1303 3258 θυσία
1323 3208 1378 3246 διὰ

343 3253 405 3299 τὴν
425 3255 617 3301 οἰκειότητα
633 3256 674 3293 ἂν
692 3258 841 3308 πρέποι
836 3260 1002 3320 αοίηλιστα,
1014 3261 1053 3299 τό
1069 3277 1104 3300 τε
1120 3262 1169 3312 μὴ
1183 3266 1378 3304 πλασθέντα

346 3315 452 3362 μῦθον
471 3313 547 3351 ἀλλ’
565 3315 723 3361 ἀληθινὸ’
743 3316 843 3389 λόγον
865 3322 951 3355 εἰναι
970 3320 1143 3392 πάμμεγά
1159 3337 1239 3361 που.
1298 3326 1379 3369 Hm<

344 3369 411 3422 γὰρ
430 3386 489 3409 και
510 3372 612 3410 πόθεν
632 3372 755 3418 ἄλλους
779 3375 1014 3427 ἀνευρήσομεν
1037 3378 1200 3431 ἀφέμενοι
1228 3381 1378 3434 τούτων;

345 3429 409 3467 οὐκ
425 3427 530 3478 ἔστιν,
550 3430 627 3469 ἀλλ’
648 3432 759 3485 ἀγαθῇ
775 3432 865 3486 τύχῃ
886 3434 955 3487 χρὴ
975 3435 1087 3488 λέγειν
1110 3437 1171 3488 μὲν
1193 3441 1298 3496 υμᾶς,
1319 3441 1379 3492 ἐμὲ

949 334 1012 367 Nisi
1042 334 1119 365 sorte
1147 331 1247 372 major
1269 331 1302 363 in
1329 331 1400 371 illa,

870 1750 976 1786 Quare
1015 1748 1142 1780 fortuna
1172 1750 1378 1789 prosperante
1402 1775 1407 1777 .

1441 331 1560 372 pergite
1577 331 1638 363 iter
1651 331 1802 363 institutae
1817 329 1992 363 orationis:
2010 337 2081 370 ego,
2101 329 2137 362 ut
2152 329 2290 371 probum
2302 330 2484 366 auaitum

1439 390 1542 430 decet,
1560 391 1681 423 attento
1699 389 1824 422 silentio
1843 390 1981 421 mentem
2001 389 2098 428 atque
2116 397 2210 422 aures
2229 379 2359 431 parabo.
2424 377 2430 382 ’

1481 449 1500 490 §
1524 453 1554 482 8.
1579 451 1659 481 cm.
1681 449 1826 481 Etiamne
1855 446 2093 486 consideras,o
2111 449 2259 488 socrate,
2279 449 2306 482 si
2328 452 2378 482 est
2394 457 2486 483 mm·

1441 507 1536 539 moda
1555 507 1719 549 dispositio
1735 507 1835 539 debiti
1853 509 2025 547 apparatus
2042 506 2114 538 tibi.
2162 506 2283 541 Placuit
2295 509 2380 542 enim
2394 508 2486 542 noble

1440 568 1594 598 'sima-um
1609 565 1754 607 quidem,
1766 567 1875 606 utpote
1886 566 1916 596 in
1930 566 2125 597 astronomia
2137 567 2262 598 caeteris
2275 567 2483 610 eminentem,

1441 628 1634 666 naturaeque
1666 634 1774 657 rerum
1803 612 1918 656 arcana
1956 624 2106 656 rimatum
2118 648 2128 664 ,
2151 625 2294 667 principe
2327 626 2398 660 Ιοοο
2434 627 2487 661 dt-

1439 693 1527 724 cere,
1549 693 1657 716 orsum
1690 692 1708 715 a
1741 683 1851 715 mundi
1885 683 2010 715 sensitis
2037 672 2286 726 constitutione,
2309 693 2414 728 mque
2444 686 2486 719 td

1441 743 1608 775 hominurn
1638 751 1737 783 genus
1765 742 2086 782 generationemque,
2103 750 2155 774 me
2172 749 2247 774 vero
2275 743 2432 786 susceptis
2447 745 2489 778 ab

1440 802 1501 834 lioc
1521 802 1714 842 hominibus,
1735 800 1944 841 ejusdemque
1970 800 2112 833 oratione
2139 801 2299 841 formatis,
2316 803 2374 835 tua
2392 810 2488 845 porro

1438 860 1479 892 ad
1502 860 1658 901 egregiam
1687 861 1808 900 frugem
1836 859 1985 899 imbutis,
2002 861 2035 892 et
2052 860 2186 894 eruditis
2205 860 2356 894 sanctiori
2381 860 2487 902 legum

1441 919 1676 959 moderamine;
1693 919 1788 958 juxta
1802 919 1951 952 solonem
1973 927 2061 959 vero,
2076 919 2126 952 vel
2145 928 2253 952 sacros
2265 919 2488 962 aegyptiorum

1440 976 1552 1015 libros,
1581 984 1731 1019 revocare
1760 975 1849 1008 cives
1881 974 2072 1008 clarissimos
2098 979 2247 1009 veteres:
2265 978 2299 1008 et
2325 978 2400 1009 ante
2426 975 2489 1009 tm

1439 1034 1633 1066 constituere
1659 1034 1882 1074 spectaculum
1912 1033 2094 1067 venerabile
2123 1034 2251 1076 populi,
2269 1043 2366 1076 quem
2392 1034 2488 1068 inun-

1439 1093 1568 1125 datione
1593 1092 1798 1126 submersum
1817 1093 1974 1134 profundo
2002 1093 2118 1132 maris,
2133 1092 2355 1134 AEgyptiorum
2381 1092 2489 1126 mont·

1440 1138 1621 1184 mentorum
1635 1152 1721 1184 sama
1734 1152 1917 1193 celebravit,
1930 1154 2026 1194 atque
2045 1152 2099 1193 ita,
2122 1155 2158 1185 ut
2175 1151 2216 1184 de
2236 1151 2412 1193 majoribus
2428 1160 2489 1185 no·

1440 1212 1515 1243 stris
1528 1235 1536 1250 ‚
1553 1220 1732 1244 sermonem
1750 1213 1932 1244 contexere.

1482 1272 1544 1303 SO.
1570 1272 1627 1303 Nae
1644 1279 1703 1311 ego
1719 1269 1887 1311 magnifice
1902 1279 1973 1302 sum
1992 1269 2147 1303 invitatus
2161 1270 2274 1311 hodie,
2286 1261 2380 1304 ut'ex
2401 1269 2488 1304 ordl-

1440 1330 1568 1363 natione
1585 1333 1757 1372 apparatus
1772 1330 1901 1371 intelligi
1917 1330 2023 1363 datur.
2068 1332 2149 1372 Ergo
2163 1339 2234 1372 age,
2246 1339 2267 1363 o
2285 1330 2418 1371 Timoee,
2431 1331 2489 1364 de·

1438 1391 1504 1423 liba
1522 1394 1686 1433 emptum,
1710 1393 1844 1432 vocata,
1875 1393 1914 1424 ut
1941 1400 2012 1424 mos
2040 1393 2111 1432 cst,
2143 1391 2174 1424 in
2198 1391 2352 1425 auxilium
2373 1390 2492 1424 divini·

1437 1453 1519 1485 tate.

1480 1512 1535 1544 TI.
1547 1512 1641 1551 Vere,
1651 1510 1695 1543 mi
1713 1511 1855 1543 Socrate.
1870 1512 1950 1544 Nam
1961 1518 2035 1542 cum
2052 1509 2201 1542 omnibus
2210 1518 2281 1542 mos
2291 1510 2344 1550 sit,
2352 1510 2386 1543 et
2398 1508 2490 1550 quast

1441 1569 1588 1611 quaedam
1599 1569 1718 1610 religi0,
1731 1570 1786 1610 qui
1806 1569 1856 1602 vel
1871 1569 1911 1601 de
1924 1569 2083 1609 maximis,
2100 1569 2152 1601 vel
2165 1568 2206 1601 de
2219 1568 2372 1608 minimis,
2389 1568 2488 1600 rebus

1436 1628 1539 1661 acturi
1552 1628 1670 1669 aliquid
1678 1628 1890 1669 sunt,precari
1902 1627 1942 1660 ad
1954 1627 2112 1660 auxilium
2124 1627 2326 1660 divinitatem
2342 1639 2350 1660 ε
2365 1629 2490 1669 quanto

1437 1696 1496 1720 nos
1517 1688 1642 1729 aequius
1668 1690 1729 1728 est,
1745 1688 1799 1728 qui
1825 1686 2043 1720 universitatis
2064 1689 2202 1726 naturae,
2220 1686 2488 1728 substantiaeque,

1437 1747 1594 1779 rationem
1613 1746 1792 1788 proestatun’
1807 1755 1937 1786 sumus,
1949 1746 2099 1778 invocare
2118 1745 2260 1778 divinam
2281 1754 2375 1787 opem
2396 1754 2405 1777 ε
2425 1745 2489 1777 nisi

1444 1849 1479 1887 δὲ
1505 1849 1582 1888 ἀντὶ
1601 1851 1669 1888 τῶν
1700 1848 1782 1902 χθὲς
1804 1848 1924 1901 ’λόγων
1953 1853 2010 1888 νῦν
2042 1848 2194 1901 ἡσυχίαν
2222 1847 2352 1900 ἄγοντα
2377 1848 2486 1887 ἄντα·

1440 1907 1571 1949 κούειν.

1493 1969 1514 2018 §
1541 1976 1579 2008 8.
1604 1968 1683 2007 ΚΡ.
1706 1967 1841 2007 Σκόπει
1861 1966 1902 2015 δὴ
1923 1967 1986 2015 τὴν
2005 1969 2074 2006 τῶν
2095 1967 2211 2013 ξενίων
2231 1982 2286 2007 σοι
2313 1967 2487 2016 διάθεσιν,

1439 2030 1468 2065 ὠ
1490 2026 1697 2078 Σώκρατες,
1716 2031 1739 2079 ᾗ
1758 2027 1924 2078 διέθεμεν.
1979 2024 2105 2072 Ἔδοξε
2123 2026 2192 2079 γὰρ
2219 2029 2305 2077 ἡμῖν
2331 2027 2485 2078 Τίμαιον

1441 2086 1518 2137 μέν,
1541 2086 1647 2126 ἅτε”
1625 2102 1709 2126 οντα
1740 2085 2086 2139 ἀστρονομικώτατον
2105 2089 2206 2138 ἡμῶν
2229 2088 2290 2126 καὶ
2312 2085 2392 2140 περὶ
2417 2089 2484 2141 ,φύ-

1439 2160 1526 2189 σεως
1543 2149 1603 2184 τοῦ
1623 2146 1752 2190 παντὸς
1777 2147 1903 2185 εἰδέναι
1924 2147 2079 2197 μάλιστα
2108 2147 2207 2199 ἔργον
2232 2146 2495 2201 πεποιημένον,

1438 2206 1576 2245 πρῶτον
1597 2205 1708 2255 λέγειν
1736 2205 1929 2257 ἀρχόμενον
1951 2206 2022 2244 ἀπὸ
2041 2208 2104 2252 τῆς
2132 2208 2193 2244 τοῦ
2221 2205 2354 2256 κόσμου
2386 2206 2485 2258 γενέ·

1441 2277 1547 2313 σεως,
1569 2263 1735 2315 τελευτᾷν
1758 2262 1794 2301 δὲ
1814 2265 1862 2306 εἷς
1888 2263 2078 2316 ἀνθρώπων
2100 2263 2213 2316 φύσιν·
2230 2263 2293 2316 ἐμὲ
2326 2265 2362 2305 δὲ
2394 2263 2486 2315 μετὰ

1438 2323 1577 2369 τοῦτον,
1599 2323 1646 2365 ὡς
1679 2321 1777 2373 παρὰ
1811 2322 1873 2372 μὲν
1903 2322 2026 2361 τούτου
2056 2323 2257 2375 δεδεγμένον
2283 2322 2483 2376 ἀνθρώπους

1437 2381 1487 2431 τῷ
1506 2379 1599 2432 λόγῳ
1620 2380 1820 2432 γεγονότας,
1839 2382 1937 2434 παρὰ
1957 2386 2018 2422 σοῦ
2036 2381 2072 2420 δὲ
2090 2382 2389 2433 πεπαιδευμένους
2409 2383 2486 2422 δια-

1442 2445 1616 2499 φερόντως
1638 2447 1752 2484 αὐτῶν
1773 2461 1887 2495 τινας,
1906 2446 1999 2486 κατὰ
2022 2446 2058 2486 δὲ
2077 2446 2135 2485 τὸν
2152 2448 2311 2492 Σόλωνος
2329 2448 2431 2500 λόγον
2447 2462 2487 2486 τε

1438 2504 1499 2543 καὶ
1523 2505 1628 2555 νόμον
1659 2507 1891 2558 εἰσαγαγόντα
1913 2504 2037 2549 αὐτοὺς
2055 2508 2101 2550 ὡς
2125 2506 2173 2550 εἷς
2192 2505 2366 2553 δικαστὰς,
2389 2509 2484 2557 ἡμᾶς

1438 2565 1584 2610 ποιῆσαι
1604 2563 1749 2607 πολίτας
1769 2567 1831 2611 τῆς
1849 2564 1982 2610 πόλεως
2001 2566 2106 2612 τῆσδε
2127 2567 2174 2609 ὡς
2193 2565 2296 2610 ὄντας
2315 2563 2393 2608 τοὺς
2408 2564 2488 2604 τότε

1439 2621 1670 2672 Ἀθηναίους,
1693 2621 1751 2666 οὒς
1772 2622 1942 2674 ἐμήνυσεν
1963 2625 2103 2677 ἀφανεῖς
2129 2624 2229 2668 ὄντας
2246 2627 2270 2672 ἦ
2288 2626 2358 2663 τῶν
2384 2625 2486 2676 ἱερῶν

1439 2680 1658 2733 γραμμάτων
1680 2679 1785 2733 φήμη
1805 2711 1815 2727 ,
1837 2681 1883 2720 τὰ
1903 2682 2009 2720 λοιπὰ
2031 2681 2066 2720 δὲ
2086 2684 2132 2726 ὡς
2151 2681 2232 2735 περὶ
2251 2683 2403 2721 πολιτῶν
2427 2682 2487 2721 καὶ

1438 2738 1627 2785 Ἀθηναίων
1649 2738 1758 2777 ὄντων
1779 2738 1846 2787 ἤδη
1869 2743 2041 2779 ποιεῖσθαι
2064 2739 2143 2784 τοὺς
2161 2740 2297 2792 λόγους.

1495 2799 1577 2838 ΣΩ.
1593 2797 1732 2843 Τελέως
1749 2814 1786 2836 τε
1802 2798 1863 2837 καὶ
1879 2799 2081 2852 λαμπρως
2063 2815 2160 2838 εοικα
2175 2801 2240 2838 ἀντ
2242 2797 2486 2852 αποιήψεσῡαι
2498 2802 2506 2811 “

1439 2873 1502 2903 την
1531 2859 1600 2895 των
1633 2857 1746 2909 λόγων
1771 2858 1937 2897 ἑστίασιν.
1997 2858 2067 2897 Σὸν
2098 2862 2156 2898 οὐν
2190 2857 2290 2911 ἔργον
2310 2857 2462 2910 λέγειν
2444 2874 2485 2896 αν

1440 2915 1513 2963 εἴη,
1535 2931 1564 2953 ω
1593 2915 1743 2990 Τίμαιε,
1763 2914 1800 2954 τὸ
1833 2916 1922 2968 μετὰ
1948 2920 2070 2969 τοῦτο,
2093 2920 2139 2962 ὡς
2171 2917 2296 2970 ἔοικεν,
2319 2915 2483 2957 ἐπικαλέ-

1441 2990 1550 3013 σαντοι
1566 2974 1658 3013 κατὰ
1679 2974 1782 3022 νόμον
1801 2975 1911 3019 θεούς.

1491 3035 1558 3073 TI.
1583 3033 1691 3081 Ἀλλ’,
1707 3027 1746 3072 οἷ’
1767 3033 1977 3085 Σώκρατες,
1998 3034 2100 3073 τοῦτό
2125 3050 2166 3086 γε
2193 3034 2235 3082 δὴ
2263 3034 2391 3078 πάντες
2410 3031 2485 3072 ὅσοι

1439 3091 1500 3130 καὶ
1532 3091 1760 3146 nutriitr'sspotywb
1791 3094 2014 3147 σωφροσύνης
2037 3094 2257 3146 μετέχουσιν,
2279 3094 2337 3132 ἐπὶ
2356 3093 2486 3136 παντὸς

1440 3154 1531 3204 ὁρμῇ
1564 3152 1623 3190 καὶ
1652 3155 1802 3227 σμικροῦ
1834 3153 1894 3191 καὶ
1924 3153 2079 3205 μεγάλου
2105 3152 2178 3205 πρά
2181 3167 2316 3204 γματος
2333 3151 2409 3198 θεὸν
2429 3149 2484 3189 ἀεί

1440 3226 1507 3249 που
1537 3213 1716 3250 κα)οῦσιν·
1737 3215 1830 3262 ἡμας
1857 3211 1892 3250 δὲ
1921 3212 2000 3255 τους
2021 3212 2101 3264 περὶ
2121 3217 2179 3251 τοῦ
2208 3211 2335 3256 παντὸς
2363 3210 2486 3261 λόγους

1441 3271 1615 3309 ποιεῖσθαί
1629 3287 1679 3321 πῃ
1699 3287 1742 3322 με
1730 3271 1904 3316 ε’)λοντας,
1923 3275 1946 3322 ᾑ
1963 3271 2102 3323 γε’γονεν
2118 3270 2140 3317 ἢ
2160 3286 2219 3309 και
2237 3269 2354 3320 ἀγενές
2372 3270 2482 3320 ἐστιν,

1443 3329 1471 3364 εἰ
1490 3331 1538 3377 μὴ
1559 3328 1762 3367 παντάπασι
1782 3328 2128 3381 παραλλαττομεν,’
2110 3329 2245 3381 ανάγκη
2263 3329 2356 3372 θεούς
2371 3343 2407 3366 τε
2424 3342 2483 3366 και

1443 3389 1521 3429 θεὰς
1543 3388 1838 3438 ἐπικαλουμένους
1858 3388 2020 3440 εὔχεσθαι
2040 3388 2155 3428 πάντα
2175 3388 2265 3426 κατὰ
2284 3390 2363 3425 νοῦν
2390 3386 2481 3425 ἕκείσ

1442 3459 1509 3489 νοις
1529 3445 1590 3496 μὲν
1613 3447 1790 3497 μάλιστα,
1809 3448 1987 3499 ἑπομένως
2005 3446 2041 3486 δὲ
2061 3450 2145 3498 ἡμῖν
2164 3448 2288 3485 εἰπεῖν.
2345 3445 2419 3486 Καὶ
2435 3443 2481 3483 τὰ

2523 1856 2584 1892 27
