2638 3840
283 262 353 294 190

250 345 356 384 parce
382 343 506 375 limitis
532 344 653 374 extimi
682 341 901 383 proecellebat
926 348 1033 372 unum
1061 340 1233 371 extimum
1253 337 1292 370 tt-

253 407 388 445 milem,
418 407 494 437 tota
523 403 789 446 pmtcellebatur
823 402 864 433 ab
892 401 960 433 alio
1001 401 1133 432 extimo
1170 399 1293 431 limite.

254 464 375 496 Altera
403 465 483 505 pari
514 471 650 495 summa
678 465 710 495 et
739 461 887 503 mquam,
911 459 958 491 ad
983 467 1171 491 numerum
1196 457 1295 490 modo

253 522 471 562 praecellebat
486 524 518 554 et
529 521 799 563 proeceltebacur
816 519 859 551 ab
876 520 1030 551 eminus.

294 578 337 608 Ut
359 576 531 607 harmonici
551 575 749 610 modulantes
777 582 916 614 organa,
943 572 1026 604 inter
1047 571 1129 604 duos
1158 571 1294 604 extima·

254 644 330 667 num
346 635 456 667 fidium
473 635 588 667 limites
607 633 804 674 gravissimae
815 632 933 671 ὑπάτης
954 634 986 666 et
1000 631 1194 664 acutissimae
1205 632 1297 670 νήτης

253 693 332 726 alias
365 693 580 725 internectunt
622 692 743 725 medias
785 691 904 733 dispari
938 691 1073 730 strepitu
1114 690 1297 731 tinnituqne

254 752 390 789 chordas
401 778 410 792 ,
427 762 502 794 quae
519 752 633 785 mediae
649 754 725 784 sunt
741 751 899 783 acutiores
916 751 1047 792 quidem
1065 750 1168 792 primo
1186 749 1296 783 limite.

253 813 415 853 graviores
434 816 543 845 autem
564 813 698 853 ultimo,
718 814 814 853 atque
834 811 878 844 ita
898 820 955 853 per
975 813 1144 844 accentum
1162 810 1203 842 ad
1222 818 1296 842 acu-

255 872 349 904 minis
376 874 527 913 postremi
555 881 669 904 sonum
696 871 892 912 pervenitur,
920 879 984 912 qua
1007 871 1169 912 pererrant
1187 870 1298 911 digito-

253 941 324 963 rum
349 933 382 964 et
400 931 534 972 pectinis
552 931 664 972 pulsus
683 940 692 963 z
714 930 760 963 sic
778 932 866 962 Deus
886 931 1028 962 animam
1050 929 1164 962 mundi
1184 929 1297 962 modu-

253 990 340 1030 lans,
377 990 539 1022 inducitur
577 999 635 1022 sex
662 989 719 1021 illa
749 990 918 1022 intervalla
949 989 1088 1030 duplicis
1111 990 1144 1021 et
1164 987 1298 1029 triplicis

253 1048 438 1089 quantitatis
451 1072 460 1088 ,
480 1048 605 1088 singula
618 1048 700 1080 binis
717 1047 946 1080 medietatibus
959 1047 1081 1088 stipans
1091 1072 1100 1088 ,
1118 1047 1163 1079 ita
1183 1048 1220 1079 ut
1234 1055 1298 1079 una

252 1115 289 1139 ex
312 1106 437 1138 duabus
456 1107 611 1139 medietas
634 1106 741 1147 potior
759 1106 802 1138 sit
824 1106 947 1139 minore
971 1106 1070 1139 limite
1098 1106 1191 1138 tertia
1208 1107 1298 1147 parte

251 1165 338 1205 ejus,
354 1164 474 1204 majore
495 1166 603 1197 autem
623 1165 724 1198 limite
739 1165 868 1198 inferior
883 1165 995 1197 eadem
1011 1165 1104 1198 tertia
1122 1166 1214 1206 parte
1232 1173 1297 1197 ma-

249 1223 326 1264 j0ris
348 1223 469 1256 limitis.
514 1224 731 1256 Describenda
759 1225 807 1257 est
828 1224 938 1266 itaque
957 1225 1058 1265 figura
1086 1223 1200 1256 similis
1226 1224 1297 1264 eJ'us

256 1291 332 1322 quae
362 1284 456 1324 paulo
479 1283 626 1323 superius
651 1283 910 1325 exscripta.est‚
932 1283 1010 1315 solis
1029 1283 1069 1315 ab
1097 1293 1133 1316 ea
1155 1283 1299 1316 numeris

252 1341 395 1383 distans,
416 1342 460 1375 ita
484 1344 521 1375 ut
547 1343 686 1383 majores
709 1343 835 1375 numeri
858 1344 1085 1375 contineantur
1116 1351 1127 1375 ε
1160 1351 1298 1384 quorum

253 1402 420 1435 intervalla
441 1402 549 1434 binam
573 1401 785 1435 medietatum
806 1403 935 1443 capiant
955 1403 1223 1443 interiectionem.

293 1463 376 1494 XLI.
402 1462 485 1499 Quia
503 1470 559 1494 sex
582 1470 738 1494 numerus
764 1462 840 1494 facit
859 1471 959 1494 unum
985 1462 1142 1503 limitem,
1170 1463 1203 1494 et
1222 1462 1298 1494 item

252 1520 423 1557 duodecim
441 1520 619 1553 secundum
641 1520 738 1553 efficit
760 1521 913 1562 limitem,
939 1521 1031 1562 juxta
1054 1521 1211 1553 rationem
1238 1520 1300 1553 du-

255 1581 348 1623 plicis
379 1581 566 1623 quantitatis
581 1606 591 1622 ,
628 1585 660 1614 et
686 1590 705 1613 a
730 1590 765 1614 se
787 1582 929 1621 distant,
951 1581 1200 1624 interponuntur
1225 1581 1298 1614 duae

253 1640 454 1681 medietates,
471 1650 535 1672 una
550 1641 707 1672 octonarii
720 1640 863 1682 numeri,
878 1641 977 1673 altera
994 1641 1171 1673 novenarii.
1217 1642 1300 1682 Ergo

255 1701 329 1732 octo
352 1709 508 1743 numerus
536 1700 708 1732 adversum
734 1709 792 1733 sex
812 1700 947 1732 limitem
975 1704 1198 1741 comparatus,
1217 1709 1300 1741 prae-

255 1758 341 1792 cedit
365 1768 440 1792 eum
470 1759 565 1791 tertia
586 1759 731 1799 ejusdem
751 1760 867 1792 senarii
887 1759 998 1792 limitis
1019 1760 1182 1801 portione,
1202 1759 1235 1791 id
1253 1760 1301 1791 est

253 1819 381 1852 duobus
399 1829 407 1851 :
430 1819 500 1861 ipse
519 1820 625 1852 autem
645 1819 838 1860 praeceditur
856 1819 952 1851 tertia
965 1819 1112 1860 portione
1127 1818 1298 1851 duodecim

254 1878 385 1918 limitis,
406 1877 438 1909 id
465 1880 514 1911 est
536 1881 686 1919 quatuor.
731 1877 785 1910 Sic
808 1886 872 1909 una
890 1877 1045 1912 medietas
1069 1881 1143 1909 octo
1171 1877 1314 1909 numeri·

253 1938 351 1977 quota
373 1941 462 1978 parte
478 1937 630 1978 praecedit
646 1937 806 1970 senarium
821 1936 952 1969 limitem
965 1961 974 1977 ‚
992 1938 1059 1968 tota
1076 1936 1267 1978 ‘praeceditur
1282 1944 1301 1967 a

254 1996 423 2029 duodecim
443 1996 556 2029 limite.
601 1997 743 2029 Rursum
758 2005 877 2029 novem
891 1996 1045 2028 medietas
1062 1996 1161 2028 altera
1182 2005 1301 2037 praece-

255 2054 302 2087 dit
317 2064 374 2087 sex
391 2055 523 2088 limitem
537 2055 643 2087 tribus
662 2055 822 2093 numeriS,
836 2056 868 2087 et
888 2054 1082 2096 praeceditur
1096 2064 1113 2086 a
1129 2054 1299 2087 duodecim

255 2113 356 2146 limite
371 2114 486 2147 iisdem
505 2123 599 2154 aeque
614 2114 719 2147 tribus
736 2126 743 2147 ε
762 2123 821 2147 nec
841 2114 1015 2147 immerito.
1038 2116 1120 2146 Octo
1139 2115 1224 2146 enim
1242 2114 1301 2146 ad-

255 2181 369 2204 versus
390 2182 449 2205 sex
471 2174 673 2214 comparata,
696 2173 824 2215 epitrito
853 2173 977 2214 potiora
997 2174 1084 2206 sunt.
1128 2173 1300 2214 Epitritum

255 2232 361 2264 autem
380 2231 513 2271 dicunt,
528 2232 753 2272 intervallum,
772 2232 898 2273 quoties
917 2241 1052 2265 numero
1066 2232 1105 2264 ad
1127 2240 1301 2264 numerum

257 2296 442 2333 comparato
454 2316 463 2332 ,
481 2291 583 2332 major
599 2292 757 2325 minorem
778 2293 880 2324 totum
895 2292 929 2324 in
943 2301 979 2326 se
1003 2292 1162 2333 continet,
1183 2293 1215 2326 et
1231 2292 1302 2333 ejus

256 2350 382 2382 tertiam
400 2351 591 2390 portionem.
634 2353 742 2392 Atque
760 2351 931 2385 duodecim
957 2352 1050 2385 limes
1065 2352 1225 2385 adversus
1241 2361 1302 2384 no-

257 2418 329 2441 vem
342 2434 351 2449 ,
380 2419 478 2442 unam
495 2419 535 2442 ex
557 2411 800 2453 medietatibus,
817 2413 1041 2454 comparatus,
1065 2412 1214 2453 epitritus
1232 2412 1303 2453 ejus

256 2476 323 2500 esse
341 2467 516 2510 invenitur,
541 2470 684 2502 continet
704 2471 791 2503 enim
807 2469 1074 2513 totum-novem,
1096 2472 1129 2505 et
1152 2472 1222 2514 ejus
1240 2475 1302 2506 tor·

257 2527 335 2559 tiam
355 2528 549 2568 portionem.
593 2531 799 2571 Rursumque
814 2530 953 2563 duarum
969 2531 1179 2564 medietatum
1202 2532 1303 2565 inter-

256 2585 379 2617 vallum·
391 2586 572 2626 epogdoum
592 2590 652 2619 est.
697 2589 898 2622 Novenarius
914 2589 999 2622 enim
1017 2599 1175 2624 numerus
1194 2593 1299 2624 totum

257 2645 456 2677 octonarium
474 2646 506 2676 in
526 2655 560 2678 se
575 2647 740 2687 continet,
753 2649 784 2680 et
797 2648 867 2688 ejus
883 2650 1032 2694 octavam
1051 2650 1230 2690 portionem
1243 2675 1252 2693 ,
1271 2652 1303 2684 id

258 2706 328 2743 est,
353 2713 466 2736 unum.
511 2706 563 2738 Sic
582 2706 656 2738 duae
681 2707 873 2740 medietates
900 2708 1088 2749 praecellunt
1110 2710 1246 2752 limites,
1273 2713 1304 2744 et

258 2770 276 2793 a
293 2762 448 2794 limitibus
463 2764 688 2804 praecelluntur
702 2765 821 2807 duplici
840 2766 1034 2809 diversaque
1048 2769 1186 2810 ratione,
1204 2770 1302 2803 altera

259 2821 402 2862 partibus
413 2846 422 2862 ‚
437 2822 535 2855 altera
548 2824 691 2856 numeris
701 2848 710 2864 ‚
725 2824 809 2856 sicut
828 2827 992 2858 ostensum
1013 2829 1073 2860 est.

298 2881 397 2912 XLlI.
420 2882 498 2914 Haec
522 2882 634 2914 eadem
658 2883 738 2915 ratio
768 2884 864 2916 etiam
892 2885 926 2917 in
953 2886 1132 2927 triplicibus
1159 2889 1303 2922 numeris

259 2939 434 2973 invenitur.
458 2942 521 2973 Sex
537 2940 623 2973 enim
647 2941 737 2975 limes
757 2951 840 2975 unus
857 2943 981 2976 distans
999 2953 1018 2976 a
1043 2945 1153 2978 decem
1177 2949 1208 2979 et
1229 2949 1303 2980 octo

261 2999 360 3032 altero
383 2999 506 3041 limite,
528 2999 734 3033 intervallum
752 3001 839 3042 quod
869 3002 1055 3043 interjacet,
1077 3004 1210 3045 triplum
1233 3015 1304 3039 esse

259 3058 458 3092 demonstrat
478 3059 512 3092 in
536 3060 637 3092 altero
664 3059 810 3093 formulae
830 3061 946 3094 latere.⁴
984 3063 1066 3094 Sunt
1094 3063 1146 3095 hic
1176 3073 1304 3106 quoque

262 3117 337 3150 duae
358 3117 572 3158 medietates,
587 3127 653 3151 una
672 3118 704 3151 in
726 3128 842 3152 novem
858 3144 867 3161 ,
882 3121 980 3152 altera
1003 3122 1035 3153 in
1053 3122 1221 3155 duodecim
1241 3133 1303 3156 nu-

260 3177 368 3209 meris.
414 3178 593 3210 Novenaria
638 3178 811 3221 medietas,
859 3179 1032 3212 adversum
1068 3190 1127 3214 sex
1170 3183 1303 3216 limitem

261 3238 446 3277 comparata
458 3261 467 3276 ‚
485 3237 631 3278 sescuplo
646 3241 788 3278 superat.
834 3238 939 3271 Habet
955 3240 1040 3272 enim
1061 3242 1165 3273 totum
1182 3250 1235 3274 sex
1250 3267 1258 3282 ,
1273 3244 1305 3275 et

262 3293 331 3334 ejus
353 3294 518 3328 dimidiam
540 3296 736 3337 portionem,
755 3297 787 3329 id
803 3298 865 3338 est,
880 3298 952 3331 tria.
997 3299 1117 3331 Eadem
1131 3300 1303 3334 adversum

261 3351 374 3383 decem
402 3354 434 3386 et
462 3355 535 3386 octo
563 3354 698 3387 limitem
730 3359 917 3397 comparata
930 3381 940 3395 ‚
971 3356 1069 3398 duplo
1100 3359 1301 3398 praeceditur.

264 3410 316 3442 Bis
329 3411 414 3442 enim
439 3421 555 3444 novem
567 3438 576 3453 ,
597 3414 707 3446 decem
725 3416 755 3447 et
771 3416 845 3447 octo
869 3418 956 3450 sunt.
1002 3418 1140 3449 Rursum
1159 3418 1221 3450 alia
1235 3427 1302 3452 me-

264 3469 384 3509 dietas,
398 3469 430 3502 id
447 3472 495 3503 est
518 3472 688 3506 duodecim
700 3497 709 3513 ‚
726 3473 752 3507 si
769 3474 922 3508 adversus
946 3485 1001 3509 sex
1026 3476 1158 3511 limitem
1178 3485 1307 3520 compa-

988 250 1255 291 CllALClDII
1275 248 1691 290 COMMENTARIUS

1359 338 1456 376 retur.
1474 338 1572 380 duplo
1605 338 1760 379 praecellit
1786 352 1793 371 ε
1825 340 1874 371 sin
1901 349 1978 373 vero
2004 340 2176 374 adversum
2203 342 2302 376 alium
2318 369 2326 384 ‚
2353 345 2412 387 qui

1358 397 1457 437 major
1472 398 1533 438 est,
1551 396 1584 430 id
1597 399 1647 430 est
1663 398 1855 438 octodecim,
1871 407 1925 431 sex
1948 401 2090 433 numeris
2106 401 2212 434 minor
2230 403 2411 446 invenitur,

1356 455 1411 496 qui
1430 464 1487 488 sex
1518 458 1661 489 numeris
1686 466 1779 499 aeque
1807 458 1910 499 potior
1934 461 2003 491 erat
2034 460 2159 493 senario
2185 461 2295 494 limite.
2329 464 2414 497 lloec

1357 514 1468 547 eadem
1499 515 1578 548 ratio
1608 516 1769 548 invenitur
1796 516 1877 550 inter
1906 517 1984 550 alios
2010 527 2137 560 quoque
2166 520 2248 552 duos
2273 520 2410 562 limites,

1357 573 1446 616 dupli
1473 574 1594 607 ratione
1613 575 1788 616 distantes,
1811 575 1843 608 id
1865 579 1933 617 est,
1951 577 2118 610 duodecim
2141 580 2173 611 et
2196 579 2407 622 viginti-qua·

1358 634 1433 666 tuor
1455 647 1464 665 :
1485 643 1559 666 nam
1583 636 1616 667 et
1639 634 1690 667 hic
1707 635 1863 668 medietas
1893 636 2050 679 sedecim,
2082 637 2253 671 duodecim
2276 639 2411 698 limite‘m

1358 693 1479 732 epitriti
1508 694 1629 727 ratione
1667 695 1831 735 praecedit.
1875 696 2135 738 vigintiquatuor
2164 706 2293 740 quoquc
2321 698 2411 733 limes

1357 751 1534 784 octodecim
1556 753 1761 786 medietatem
1778 754 1896 796 epitriti
1919 755 2042 788 ratione
2071 756 2235 796 praecellit.
2281 759 2320 790 Et
2339 766 2408 790 rur-

1358 819 1430 842 sum
1445 810 1694 852 vigintiquatuor
1713 812 1802 846 limes
1817 813 1984 847 adversum
2002 814 2212 856 quadraginta
2226 819 2300 849 octo
2321 816 2412 858 dupli

1359 869 1479 902 ratione
1503 870 1597 903 distat
1617 880 1628 903 ε
1655 873 1688 905 et
1706 872 1893 906 medietates
1913 873 2028 915 habet,
2057 883 2153 907 unam
2172 875 2300 916 triginta
2327 874 2412 917 duo,

1357 928 1490 961 alteram
1509 930 1641 970 triginta
1660 939 1730 964 sex.
1775 931 1920 972 Triginta
1962 930 2026 964 duo
2053 933 2412 975 mediata-‚adversum

1359 987 1604 1029 vigintiquatuor
1624 989 1759 1023 limitem
1779 992 1982 1032 comparata,
2010 991 2085 1024 facit
2115 993 2319 1026 intervallum
2342 994 2413 1036 epi-

1358 1047 1442 1079 tritae
1470 1048 1668 1088 quantitatis.
1713 1049 1817 1082 Habet
1845 1050 1930 1084 enim
1958 1051 2060 1082 totum
2086 1050 2350 1093 vigintiquatuor,
2382 1054 2415 1085 et

1359 1106 1427 1146 eius
1463 1107 1586 1138 tertiam
1617 1108 1815 1147 portionem,
1844 1108 1877 1140 id
1910 1109 1959 1142 est
1985 1110 2087 1142 octo:
2108 1110 2414 1152 quadraginta-octo

1362 1172 1438 1197 vero
1463 1165 1555 1198 limes
1578 1165 1768 1206 trigintasex
1788 1168 1933 1208 numeri,
1953 1177 2027 1209 quae
2052 1168 2206 1202 medietas
2225 1171 2276 1203 est
2294 1169 2413 1211 altera,

1360 1223 1504 1264 epitritus
1541 1227 1601 1257 est.
1646 1225 1798 1258 Continet
1834 1226 1919 1259 enim
1953 1226 1985 1259 in
2016 1236 2050 1260 se
2085 1228 2189 1260 totum
2224 1227 2411 1270 trigintasex

1363 1291 1555 1323 numerum,
1572 1285 1604 1316 et
1627 1282 1697 1323 ejus
1725 1285 1852 1318 tertiam
1879 1287 2079 1328 portionem,
2096 1287 2129 1319 id
2153 1288 2204 1320 est
2225 1287 2408 1322 duodecim.

1363 1341 1564 1383 Trigintasex
1582 1342 1668 1375 enim
1682 1367 1691 1384 ,
1708 1345 1740 1376 et
1759 1343 1947 1386 duodecim,
1965 1346 2127 1386 complent
2143 1355 2316 1380 numerum
2333 1356 2413 1390 qua·

1366 1400 1598 1441 dragintaocto.

1404 1461 1505 1494 XLIl.
1530 1463 1609 1494 Haec
1636 1462 1747 1496 eadem
1778 1463 1860 1496 ratio
1880 1463 2042 1497 invenitur
2064 1464 2160 1498 etiam
2178 1465 2210 1498 in
2235 1474 2275 1499 eo
2295 1466 2414 1508 latere,

1364 1519 1452 1560 quod
1469 1528 1507 1551 ex
1535 1520 1715 1561 triplicibus
1746 1522 1888 1555 numeris
1905 1524 1952 1555 est
1970 1523 2164 1558 ordinatum.
2209 1524 2292 1563 Quia
2318 1526 2416 1567 igitur

1363 1586 1480 1610 novem
1502 1579 1535 1610 et
1553 1580 1626 1611 octo
1647 1579 1827 1621 epogdoum
1844 1580 1964 1614 faciunt
1981 1582 2139 1624 spatium,
2153 1584 2186 1616 et
2198 1592 2239 1616 ex
2263 1583 2314 1616 his
2347 1584 2414 1617 duo

1364 1635 1483 1668 limites
1502 1636 1590 1678 dupli
1615 1638 1738 1670 ratione
1763 1638 1937 1678 distantes.
1957 1639 1989 1671 id
2018 1642 2066 1673 est
2106 1650 2160 1674 sex
2187 1643 2219 1674 et
2246 1642 2416 1676 duodecim

1367 1696 1582 1738 complentur,
1617 1699 1703 1730 recte
1733 1698 1838 1738 dixit,
1865 1699 2007 1740 epoqdoi
2043 1703 2158 1742 spacio
2187 1703 2415 1744 epitritorum

1362 1759 1520 1790 omnium
1536 1759 1733 1792 intervalla
1756 1760 1933 1801 compleri.
1978 1762 2121 1794 Rursum
2143 1762 2230 1794 enim
2246 1762 2359 1796 decem
2383 1764 2418 1796 et

1366 1817 1439 1848 octo
1455 1826 1612 1849 numerus
1631 1817 1803 1850 adversum
1823 1810 1935 1851 decem
1949 1820 1981 1852 et
1999 1829 2057 1852 sex
2072 1829 2262 1862 numerum,
2281 1821 2416 1864 epogdoi

1365 1875 1522 1907 rationem
1542 1876 1665 1908 obtinet
1693 1886 1702 1908 :
1725 1885 1767 1909 ex
1791 1877 1912 1918 quibus
1937 1878 2063 1911 duabus
2090 1879 2315 1913 medietatibus
2335 1889 2414 1923 epo·

1366 1934 1486 1974 gdoum
1512 1935 1651 1976 spatium
1672 1935 1865 1968 habentibus
1884 1937 2056 1970 duodecim
2084 1938 2214 1979 limitis,
2227 1940 2260 1972 et
2283 1939 2414 1981 viginti·

1363 1995 1501 2034 quatuor
1528 2003 1622 2036 aeque
1654 1994 1764 2027 limitis
1799 1994 2007 2029 intervallum
2031 1998 2223 2039 completur.
2268 2000 2411 2031 Rursum

1364 2053 1618 2095 vigintiquatuor
1630 2053 1741 2087 limitis
1756 2056 1789 2087 et
1803 2055 2089 2097 quadragintaocto
2101 2057 2240 2098 spatium
2253 2058 2416 2101 complent

1363 2112 1438 2145 duae
1471 2113 1658 2146 medietates
1681 2114 1855 2155 epogdoae‚
1888 2114 1921 2147 id
1946 2116 1997 2148 est
2014 2115 2202 2157 trigintasex
2221 2119 2254 2150 et
2269 2117 2415 2160 triginta-

1367 2171 1442 2204 duo.
1487 2173 1661 2206 Evidenter
1683 2173 1793 2214 itaque
1818 2173 1961 2215 epoqdoi
1978 2177 2094 2216 spatio
2115 2177 2339 2218 epitritorum
2361 2179 2416 2210 in-

1365 2233 1518 2266 tervalla
1532 2234 1762 2275 complentur.

1405 2293 1520 2326 XLIII.
1545 2293 1669 2325 Deinde
1686 2293 1891 2334 prosequitur
1909 2307 1918 2327 ι

1405 2351 1532 2384 Λείπων
1572 2352 1674 2384 αὐτῶν
1715 2352 1850 2384 ἑκάστου
1882 2353 1988 2394 μόριον
2008 2357 2062 2393 τῆς
2080 2357 2136 2387 τοῦ
2169 2355 2279 2398 μορίου
2302 2357 2415 2396 ταύτης

1364 2410 1560 2449 διαστάσεως
1579 2411 1773 2453 λειφθείσης,
1797 2411 1928 2453 ἀριθμοῦ
1945 2413 2021 2454 πρὸς
2042 2413 2171 2457 ἀριθμὸν
2190 2415 2325 2458 ἐχούσης
2341 2417 2414 2455 τοὺς

1364 2470 1454 2513 ὅρους
1464 2496 1475 2511 ,
1495 2472 1524 2508 ἓξ
1538 2472 1593 2503 καὶ
1610 2471 1803 2510 πεντήκοντα
1824 2471 1878 2504 καὶ
1899 2473 2069 2505 διακοσίων
2091 2475 2166 2516 πρὸς
2185 2475 2258 2518 τρία,
2278 2477 2334 2509 καὶ
2346 2487 2414 2510 τετ-

1360 2531 1542 2573 παράκοντα
1563 2531 1615 2563 καὶ
1630 2519 1791 2563 διακόσιᾶ..
2043 2565 2063 2579 ,

1405 2593 1465 2624 Ita
1483 2593 1524 2624 ut
1536 2590 1584 2624 ad
1599 2590 1789 2632 perfectam
1798 2593 2087 2637 cumulatamque
2094 2593 2342 2637 perfectionem
2353 2595 2414 2630 de-

1363 2653 1451 2684 esset
1477 2651 1616 2692 aliquid
1631 2653 1794 2693 epitrito,
1811 2653 1951 2685 tantum
1972 2653 2106 2687 scilicet
2129 2657 2304 2697 quantum
2319 2654 2417 2689 deest

1364 2709 1487 2743 habita
1501 2712 1764 2752 comparatione
1780 2711 1940 2744 ducentis
1956 2712 2199 2754 quadraqinta
2217 2714 2331 2748 tribus
2348 2713 2415 2748 ad-

1371 2777 1511 2802 versum
1528 2768 1694 2802 ducentos
1717 2771 1977 2813 quinquaqinta
1993 2780 2068 2805 seat.

1406 2828 1490 2867 Quid
1509 2829 1556 2861 est
1573 2829 1660 2869 quod
1676 2830 1746 2862 vult
1763 2829 1921 2871 intelligi?
1934 2830 2038 2864 dicam
2056 2841 2067 2864 t
2092 2833 2148 2865 sed
2166 2842 2238 2874 quae
2261 2835 2338 2868 ante
2363 2834 2413 2867 di-

1364 2874 1464 2919 cenda
1483 2889 1676 2929 sunt,·prius
1688 2888 1867 2929 explicabo.
1904 2890 2030 2922 Etenim
2043 2892 2317 2932 quemadmodum
2339 2895 2413 2927 arti·

1364 2946 1480 2979 culatoe
1496 2947 1586 2979 vocis
1607 2947 1799 2989 principales
1817 2948 1892 2980 sunt
1908 2949 1941 2980 et
1964 2949 2114 2982 maximae
2139 2956 2264 2991 parles,
2281 2953 2412 2985 nomina

1364 3007 1396 3038 et
1427 3005 1526 3038 verba
1558 3019 1567 3039 ι
1595 3006 1711 3038 horum
1744 3007 1851 3039 autem
1876 3007 2028 3050 syllabae,
2058 3009 2255 3050 syllabarum
2278 3009 2412 3054 litterae,

1365 3075 1438 3106 quae
1458 3067 1532 3098 sunt
1556 3066 1668 3108 primae
1684 3075 1782 3099 voces
1805 3066 1980 3100 individuae
1994 3070 2091 3109 atque
2111 3069 2329 3103 elementariae
2345 3083 2354 3104 :
2371 3079 2411 3104 ex

1365 3125 1414 3156 his
1430 3125 1517 3158 enim
1539 3126 1638 3158 totius
1662 3126 1816 3159 orationis
1844 3127 2048 3159 constituitur
2069 3128 2285 3167 continentia,
2312 3130 2346 3160 et
2369 3128 2410 3160 ad

1365 3187 1542 3225 postremas
1558 3185 1684 3218 easdem
1699 3185 1807 3218 literas
1823 3185 1991 3218 dissolutio
2006 3186 2149 3227 pervenit
2163 3186 2317 3219 orationis
2338 3196 2347 3218 :
2366 3186 2412 3219 ita

1363 3244 1460 3276 etiam
1477 3254 1602 3278 canorae
1622 3245 1730 3286 vocis,
1751 3255 1823 3287 quae
1841 3254 1861 3278 a
1875 3246 1998 3278 Graccis
2016 3246 2150 3287 ἐμμελὴς
2171 3245 2297 3286 dicitur,
2311 3246 2344 3278 et
2360 3246 2411 3279 est

1365 3303 1468 3335 modis
1488 3305 1695 3346 numerisque
1726 3306 1921 3346 composita,
1949 3303 2137 3346 principales
2152 3304 2283 3345 quidem
2302 3307 2408 3346 partes

1364 3363 1439 3394 sunt
1448 3363 1511 3404 hae,
1521 3373 1593 3404 quae
1606 3373 1624 3395 a
1639 3364 1769 3396 musicis
1783 3364 1983 3405 appellantur
1997 3364 2193 3406 συστήματα.
2209 3365 2289 3396 Hoec
2301 3365 2409 3396 autem

1363 3420 1432 3461 ipsa
1445 3423 1593 3454 constant
1608 3432 1646 3455 ex
1670 3425 1758 3456 certo
1783 3426 1886 3456 tractu
1913 3423 2283 3464 pronuntiationis,quae
2299 3423 2408 3456 dicun-

1365 3481 1632 3523 ωτδιαστήματα.
1650 3483 1881 3516 Diastematum
1892 3491 1988 3524 porro
1999 3482 2144 3524 ipsorum
2159 3484 2265 3524 partes
2278 3482 2406 3525 φθόγγοι
