2638 3840
246 243 318 275 188

235 321 455 364 longitudine,
492 320 679 362 latitudine,
715 318 949 362 profunditate,
988 317 1128 350 solidum
1163 325 1278 359 corpus

235 381 474 422 cognominant.

276 439 427 470 XXXIII.
450 438 517 469 Ista
534 446 608 477 ergo
629 435 818 476 descriptio,
837 442 909 475 quae
926 432 1084 474 partium,
1100 441 1139 465 ex
1163 431 1280 473 quibus

234 497 340 529 anima
364 497 481 528 dicitur
506 500 670 535 constare,
694 495 873 535 genituram
892 502 947 525 seu
968 492 1279 533 coagmentationem

234 557 386 595 delineat,
417 556 556 588 ostendit
599 556 754 587 rationem
798 554 915 585 animae
958 552 1167 593 corporisque
1204 561 1280 585 con-

231 616 332 656 jungi.
378 616 502 657 Quippe
521 623 639 655 eorpus
653 613 858 652 animalium,
876 612 964 652 quod
980 611 1152 652 inspiratur
1165 612 1280 644 animoe

234 675 363 715 vigore,
383 675 479 707 habet
496 677 582 706 certe
602 672 803 713 superficiem
818 696 829 711 ‚
848 670 948 703 habet
963 671 1059 703 etiam
1073 670 1279 703 soliditatem.

234 735 316 771 Quae
330 733 426 773 igitur
444 742 518 765 cum
537 732 626 763 vitali
644 731 751 771 vigore
775 731 980 771 penetratura
996 731 1064 762 erat
1081 731 1147 762 tarn
1165 738 1280 770 super-

234 792 335 824 ficiem
352 800 448 832 quam
466 791 662 823 soliditatem
676 814 684 829 ,
703 790 822 821 similes
843 788 1013 821 soliditatis
1026 812 1035 827 ‚
1051 789 1172 821 similes
1185 788 1280 821 etiam

234 850 409 892 superficiei
426 851 510 883 vires
530 849 648 882 habere
674 848 804 881 debuit.
849 847 1017 890 Siquidem
1036 848 1124 889 paria
1150 847 1281 889 paribus

233 911 473 950 congregantur.
525 911 635 941 Unam
653 909 761 948 iqitur
773 909 942 948 primitus
962 909 1134 949 sumpsit,
1159 906 1280 947 inquit,

239 978 284 1001 ex
300 970 462 1001 universo
478 969 685 1009 portionem.
732 968 806 1004 Quo
822 966 993 999 universo?
1009 966 1103 1005 Quod
1118 975 1157 998 ex
1177 966 1281 998 tribus

234 1027 266 1059 in
289 1035 387 1058 uuam
415 1026 552 1068 speciem
582 1025 767 1066 redactum,
798 1025 881 1058 sicut
913 1034 1010 1066 supra
1033 1024 1280 1065 demonstravit,

234 1087 401 1125 essentia,
417 1085 564 1118 videlicet
579 1086 610 1117 et
633 1084 750 1117 eodem
766 1085 799 1117 et
817 1084 952 1117 diverso
970 1084 1147 1117 dividebat.
1193 1086 1280 1116 Por-

234 1146 337 1178 tionis
352 1153 481 1186 quoque
497 1144 635 1177 elocutio
657 1144 796 1176 notanda
815 1145 875 1176 est.
920 1145 990 1176 Non
1008 1144 1092 1176 enim
1118 1147 1270 1187 partem,

233 1203 351 1244 quippe
367 1202 520 1244 simplicis
534 1204 566 1235 et
582 1203 780 1243 incorporeae
801 1203 843 1234 rei
858 1225 867 1241 ,
882 1202 937 1234 sed
950 1205 1146 1244 portionem
1157 1227 1166 1242 ,
1186 1202 1216 1234 id
1235 1205 1284 1236 est

234 1262 330 1303 partis
348 1261 460 1302 instar,
474 1261 556 1294 dixit
567 1270 638 1293 esse
655 1261 814 1293 sublatam
826 1286 836 1301 ‚
852 1261 940 1302 quod
963 1262 1012 1294 est
1025 1262 1233 1302 geometricae
1248 1262 1284 1294 il-

236 1320 298 1353 lius
321 1322 406 1353 notoe
423 1320 539 1352 simile.
587 1321 700 1352 Postea
716 1320 892 1361 duplicem
915 1319 990 1360 ejus
1009 1321 1157 1361 sumpsit
1177 1329 1284 1362 quum

233 1382 456 1421 sumpserat,
475 1380 538 1412 hoc
559 1382 609 1412 est
625 1379 708 1420 duo,
729 1388 802 1421 quae
820 1379 929 1412 subter
953 1388 1054 1411 unum
1077 1381 1180 1421 posita
1207 1381 1282 1413 suut

233 1439 266 1471 in
289 1439 371 1471 laeva
395 1440 483 1479 parte
510 1439 667 1471 formulae.
719 1440 831 1471 Tertio
853 1439 1049 1480 sescuplam
1067 1439 1207 1481 quidem
1229 1448 1283 1471 se-

234 1498 366 1538 cunde,
394 1499 541 1540 triplam
565 1507 643 1531 vero
658 1501 829 1540 primitus
851 1500 1007 1540 sumptae.
1054 1499 1180 1532 Merito.
1210 1500 1284 1531 Tria

234 1558 321 1591 enim
339 1557 511 1589 adversum
531 1557 615 1596 duo,
637 1557 774 1599 sescupli
805 1557 927 1590 ratione
955 1557 1157 1598 praecellunt.
1203 1559 1285 1590 Con-

236 1619 322 1651 stant
338 1617 425 1650 enim
445 1617 506 1650 tria
527 1626 566 1650 ex
583 1617 710 1650 duobus
728 1619 760 1650 et
776 1617 852 1650 item
869 1627 949 1659 uno,
965 1618 1051 1659 quod
1072 1605 1174 1650 duum
1191 1618 1285 1650 dimi-

235 1677 289 1709 dia
309 1686 382 1718 pars
402 1678 462 1710 est.
509 1678 639 1715 Quarto
657 1676 836 1719 duplicem
849 1676 1030 1718 secundae,
1048 1677 1120 1709 ideo
1143 1677 1217 1718 quia
1236 1677 1284 1709 bis

235 1735 301 1767 duo
332 1736 484 1776 quatuor.
529 1736 658 1773 Quinto
685 1735 830 1777 triplam
859 1737 988 1775 tertioe,
1018 1736 1051 1768 id
1082 1737 1131 1768 est
1154 1745 1282 1769 novem.

236 1796 300 1827 Ter
318 1794 405 1827 enim
422 1794 484 1827 tria
500 1802 619 1826 novem
638 1795 727 1827 sunt.
773 1796 880 1827 Sexta
903 1794 975 1830 fult
995 1797 1147 1836 sumptio
1170 1798 1287 1840 parti<

237 1853 298 1886 bus
316 1855 446 1895 septem
471 1861 578 1895 quam
600 1855 721 1895 prima
739 1855 959 1895 propensior,
977 1854 1009 1886 id
1034 1857 1082 1886 est
1100 1854 1130 1886 in
1149 1855 1300 1887 numero¹

237 1912 400 1946 octonario
412 1936 422 1952 ‚
439 1912 494 1953 qui
511 1913 561 1944 est
579 1911 713 1944 ultimus
738 1913 769 1944 in
786 1922 825 1945 eo
848 1912 966 1952 latere,
987 1914 1072 1954 quod
1089 1922 1130 1946 ex
1154 1913 1285 1954 paribus

237 1970 380 2002 numeris
390 1971 440 2002 est
451 1969 646 2002 ordinatum.
692 1972 847 2012 Septima
861 1979 921 2003 sex
934 1973 966 2004 et
983 1973 1109 2011 viqlnti
1121 1972 1285 2013 partibus

238 2038 347 2072 quam
365 2031 483 2071 prima
498 2029 629 2071 major,
648 2030 710 2062 lioc
725 2031 793 2070 est,
811 2030 924 2071 viginti
940 2033 1082 2071 septem,
1100 2031 1155 2071 qui
1173 2040 1286 2063 nnme-

242 2096 298 2120 rus
326 2088 517 2121 tantundem
547 2089 632 2121 valet
666 2091 823 2130 quantum
851 2089 1056 2130 octonarius,
1083 2091 1120 2121 ut
1151 2090 1285 2123 docebo,

242 2149 331 2188 Apex
351 2156 427 2188 ergo
444 2156 652 2180 numerorum
664 2171 673 2189 ,
689 2147 893 2189 singularitas
907 2148 974 2180 sine
989 2148 1060 2180 ullis
1076 2148 1234 2189 partibus,
1252 2150 1288 2181 ut

243 2206 439 2247 geometrica
464 2208 540 2239 nota
567 2221 576 2240 ι
597 2207 691 2248 cuius
715 2207 869 2248 duplum,
898 2207 999 2247 linea,
1020 2207 1090 2239 sine
1122 2207 1289 2240 latitudine

240 2264 404 2305 longitudo
430 2277 438 2296 z
454 2264 547 2297 lineae
563 2264 716 2305 duplum,
737 2265 942 2305 superficies,
961 2274 1033 2305 quae
1054 2267 1103 2297 est
1124 2266 1288 2306 prolixitas

241 2332 314 2355 cum
332 2323 518 2362 latitudine,
539 2323 630 2364 cujus
644 2323 779 2364 duplum
796 2323 902 2355 cubus
914 2347 923 2365 ,
941 2332 1060 2365 corpus
1075 2333 1130 2365 per
1145 2325 1288 2366 longum,

242 2382 365 2422 latum,
390 2382 650 2423 profundumque
678 2382 838 2422 divisum,
858 2381 910 2414 bis
941 2382 1007 2414 duo
1036 2383 1102 2423 bis,
1132 2384 1216 2424 quod
1241 2387 1291 2416 est

242 2440 328 2472 octo.
372 2438 558 2480 Eodemque
589 2439 685 2471 modo
716 2439 806 2480 juxta
830 2441 989 2473 rationem
1011 2441 1097 2482 tripli
1123 2443 1155 2474 in
1189 2442 1290 2475 altero

243 2497 356 2538 latere,
377 2506 584 2529 numerorum
601 2498 794 2538 germanitas
811 2499 979 2539 reperitur.
1025 2500 1199 2542 Cubusque
1212 2525 1221 2541 ,
1236 2502 1290 2542 qui

244 2557 293 2588 est
314 2556 346 2587 in
367 2564 494 2588 summa
512 2556 626 2596 viginti
642 2560 788 2597 septem,
807 2558 931 2598 primus
949 2560 999 2590 est
1013 2558 1145 2599 imparis
1165 2560 1291 2592 numeri

243 2616 358 2648 cubus.
401 2618 463 2648 Ter
492 2616 576 2648 enim
600 2616 660 2648 tria
685 2618 733 2649 ter
761 2617 933 2650 conficiunt
964 2627 1125 2651 summam
1148 2620 1292 2661 supradi-

244 2676 341 2707 ctam.
385 2675 487 2715 Igitur
509 2675 686 2707 seeundum
709 2676 865 2709 rationem
891 2678 1035 2709 continui
1061 2679 1290 2720 competentis,

245 2742 317 2774 quae
344 2735 393 2765 est
419 2733 500 2765 ratio
531 2734 744 2774 geometrica,
767 2735 854 2775 quod
881 2736 988 2767 valent
1015 2739 1088 2768 octo
1118 2738 1289 2770 adversum

244 2793 394 2834 quatuor,
421 2792 484 2824 hoc
512 2793 650 2832 quatuor
672 2793 846 2825 adversum
867 2793 952 2834 duo,
974 2797 1006 2826 et
1030 2795 1094 2827 duo
1123 2796 1292 2829 adversum

245 2859 357 2883 unum.
401 2852 544 2883 Rursum
562 2851 649 2892 quod
670 2851 754 2883 valet
774 2851 887 2892 viginti
905 2854 1028 2893 septem
1059 2863 1210 2886 uumerus
1234 2856 1291 2887 ad-

245 2917 373 2941 versum
391 2917 509 2942 novem
522 2933 531 2950 ,
556 2909 619 2942 hoc
636 2918 753 2942 novem
767 2910 942 2943 adversum
953 2912 1014 2943 tria
1025 2935 1033 2949 ‚
1051 2915 1083 2944 et
1104 2913 1163 2945 tria
1177 2914 1292 2946 adver·

245 2977 316 3000 snm
334 2977 447 3001 unum.

287 3029 435 3064 XXXtV.
456 3028 619 3065 Quaeritur
639 3028 700 3060 boc
720 3028 810 3068 loeo,
827 3029 930 3069 primo
947 3029 1077 3069 quidem
1097 3039 1152 3062 cur
1171 3031 1203 3063 in
1220 3034 1292 3064 tan-

249 3089 316 3118 tum
338 3086 529 3128 produxerit
548 3087 759 3127 divisionem,
785 3089 820 3119 ut
843 3090 965 3129 septem
983 3089 1196 3122 constitueret
1216 3091 1294 3122 limi-

247 3147 296 3177 tes
320 3157 328 3177 :
351 3148 440 3178 terna
463 3148 572 3178 autem
596 3146 628 3177 in
647 3146 794 3187 utrisque
813 3146 964 3178 lateribus
986 3147 1154 3179 intervalla
1174 3150 1239 3180 tam
1263 3150 1294 3180 in

248 3214 286 3237 eo
301 3205 386 3246 quod
405 3215 444 3239 ex
464 3205 646 3246 duplicibus
662 3207 695 3238 et
713 3206 840 3246 paribus
860 3206 1003 3239 numeris
1019 3208 1068 3238 est
1090 3207 1293 3247 ordinatum;

254 3273 351 3303 quam
370 3264 402 3296 in
426 3273 482 3305 eo,
504 3266 590 3306 quod
610 3274 649 3297 ex
668 3264 866 3306 triplicibus,
885 3267 918 3297 et
940 3265 1129 3306 imparibus.
1175 3266 1296 3312 Deinde

251 3332 331 3362 quos
352 3325 498 3363 oporteat
510 3333 663 3356 numeros
678 3324 842 3364 imponere
857 3323 1017 3364 partibus.
1063 3324 1098 3357 Si
1117 3325 1201 3356 enim
1223 3334 1295 3365 pur-

252 3383 317 3412 tem
344 3382 479 3421 primam
499 3382 757 3423 singularitatem
777 3391 905 3424 semper
920 3383 1143 3424 posuerimus,
1157 3385 1189 3415 et
1208 3383 1296 3416 dein-

254 3449 328 3480 ceps
348 3444 482 3482 cartera,
504 3442 682 3474 seeundum
705 3442 954 3484 descriptionem
974 3456 982 3476 ε
1007 3443 1089 3476 inter
1104 3444 1162 3476 lios
1181 3452 1296 3476 nume-

958 228 1222 270 CHALCIDII
1257 228 1668 271 COMMENTARlUS

1341 326 1393 351 ros
1412 317 1494 351 duos
1514 318 1612 358 alios,
1641 318 1696 360 qui
1717 319 1900 360 compleant
1928 319 2111 352 universam
2140 318 2384 353 intervallorum

1340 377 1633 419 continuationem,
1658 378 1744 411 sicut
1767 378 1860 419 iubet
1883 378 1950 410 lieri
1965 403 1974 419 ,
2004 378 2137 411 minime
2164 378 2381 412 inveniemus.

1347 437 1469 477 Tertio,
1493 437 1599 478 qualis
1614 437 1729 470 debeat
1750 446 1819 470 esse
1841 438 1942 469 torma
1961 437 2199 479 descriptionis.

1382 498 1518 529 XXXV.
1549 496 1644 534 Quod
1671 497 1766 537 igitur
1794 506 1832 530 ex
1859 497 1964 529 tribus
1984 497 2126 538 principe
2154 496 2225 529 loeo
2246 496 2388 529 diximus

1341 556 1441 596 quaeri
1461 556 1584 597 solere,
1608 556 1670 588 uoc
1689 556 1830 597 primum
1846 556 2134 588 demonstrandum
2149 555 2227 597 erit;
2245 555 2385 588 rationa-
2413 551 2428 558 “

1341 614 1445 647 biliter
1463 616 1589 655 septem
1610 615 1728 647 limites
1747 623 1817 648 esse
1832 615 1992 656 digestos,
2013 614 2130 656 quibus
2149 614 2317 648 intervalla
2329 623 2387 647 sex

1341 675 1555 707 continentur.
1602 674 1669 707 Erit
1697 676 1804 707 autem
1832 675 1978 716 probatio
2023 674 2272 707 auetoritatibus
2298 674 2388 708 nixa.

1346 733 1470 765 Etenim
1485 737 1605 775 septem
1625 742 1781 766 numerus
1797 733 1947 766 laudatur
1963 742 1982 766 a
2002 733 2204 775 Pythagoreis
2216 756 2226 772 ,
2239 735 2278 766 ut
2297 733 2380 774 opti·

1342 801 1416 824 mus
1437 794 1470 825 et
1496 791 1765 824 naturalissimus'
1783 794 1815 825 et
1843 792 2143 826 sufficientissimus.
2188 793 2268 825 Nam
2288 791 2390 834 perte·

1342 853 1414 883 etus
1427 851 1558 892 quidem
1572 860 1730 883 numerus
1742 852 1791 884 est
1806 851 1916 883 decern
1932 864 1940 884 ι
1959 851 2030 883 ideo
2045 850 2131 892 quod
2141 858 2160 883 a
2172 850 2391 891 singularitate

1343 909 1406 941 orsi
1422 918 1524 950 usque
1540 909 1578 940 ad
1597 909 1709 942 decem
1727 917 1900 941 numerum
1918 917 2127 941 numeramus
2147 917 2156 940 ε
2175 907 2300 940 residua
2313 910 2391 940 vero

1344 968 1524 1000 numeratio
1543 977 1607 999 non
1625 969 1692 1000 tam
1715 967 1896 1011 numeratio
1919 968 1989 1008 est,
2014 975 2114 1012 quam
2132 966 2309 1004 eorundem
2329 974 2391 999 uu-

1343 1035 1524 1068 merorum,
1545 1026 1664 1068 quibus
1687 1028 1762 1059 ante
1784 1027 1836 1058 usi
1856 1034 1988 1066 sumus,
2012 1026 2044 1058 in
2064 1024 2264 1058 numerando
2291 1024 2391 1066 repli-

1343 1085 1437 1118 catio.
1483 1084 1640 1118 Undecim
1671 1085 1775 1123 enim,
1800 1085 1833 1117 et
1864 1083 2056 1124 duodecim,
2085 1086 2119 1117 et
2148 1082 2257 1116 caeteri
2288 1082 2391 1119 tales.

1346 1145 1523 1176 naseuntur
1546 1153 1586 1176 ex
1603 1143 1856 1185 praecedentium
1873 1143 2091 1185 replicatione.
2135 1145 2240 1182 Quem
2259 1141 2394 1183 quidem

1344 1204 1561 1236 decumanum
1576 1211 1748 1235 numerum
1766 1202 1967 1243 Pythagorici
1981 1202 2144 1243 appellant
2157 1201 2296 1243 primam
2309 1208 2391 1242 qua·

1348 1263 1513 1295 draturam
1530 1261 1806 1303 propterea,quod
1824 1270 1862 1294 ex
1881 1261 1992 1302 primis
2007 1263 2149 1302 quatuor
2160 1259 2306 1291 numeris
2321 1266 2394 1291 con-

1346 1322 1399 1362 fit,
1420 1331 1497 1362 unc,
1516 1320 1663 1362 duobus,
1686 1321 1801 1360 tribus,
1826 1323 1977 1362 quatuor.
2021 1319 2232 1361 Symphonloe
2264 1325 2395 1360 quoque

1346 1382 1428 1414 ratio
1448 1390 1486 1414 ex
1507 1380 1683 1413 eorundem
1709 1388 1919 1412 numerorum
1932 1404 1941 1419 ‚
1961 1379 2016 1420 qui
2040 1379 2258 1411 decumanum
2280 1385 2394 1410 nume·

1347 1450 1417 1473 rum
1438 1440 1622 1481 complent,
1638 1439 1730 1481 qnasi
1743 1438 1885 1480 quodam
1902 1439 1991 1470 t‘onte
2017 1438 2182 1470 demanat.
2226 1436 2393 1478 Siquidem

1346 1509 1385 1533 ex
1405 1500 1454 1532 liis
1477 1499 1620 1540 epitriti,
1644 1499 1676 1531 et
1699 1498 1916 1539 sescuplarem
1937 1499 1970 1530 et
1988 1497 2154 1538 dupliceS,
2171 1498 2204 1529 et
2223 1495 2368 1538 trtplices
2381 1519 2390 1536 ,

1347 1561 1382 1592 et
1394 1558 1620 1600 quadruplices
1635 1556 1932 1597 numeri,.sonique
1948 1557 2141 1588 nascuntur.
2189 1553 2317 1595 Epitriti
2331 1552 2398 1594 qui-

1347 1618 1440 1656 dem,
1459 1619 1496 1649 ut
1516 1618 1653 1658 quatuor
1672 1616 1845 1647 adversum
1861 1617 1927 1647 tres
1947 1627 1955 1647 :
1974 1614 2093 1646 liabent
2112 1614 2199 1646 enim
2218 1613 2324 1646 totum
2341 1621 2398 1645 nu·

1347 1685 1474 1709 merum
1494 1675 1690 1710 ternarium,
1706 1676 1738 1707 et
1753 1674 1823 1715 ejus
1842 1674 1967 1706 tertiam
1992 1674 2133 1714 partem,
2157 1672 2189 1704 id
2209 1673 2259 1704 est
2278 1680 2392 1704 unum.

1348 1725 1551 1776 sescuplares
1577 1744 1671 1774 vero,
1692 1736 1727 1767 ut
1745 1736 1809 1767 tres
1830 1733 2002 1766 adversum
2028 1733 2110 1765 duos
2132 1742 2140 1764 :
2162 1732 2284 1765 liabent
2305 1732 2392 1764 enim

1348 1798 1412 1828 tres
1430 1796 1535 1827 totum
1555 1803 1726 1827 numerum
1752 1794 1879 1826 dualem
1892 1817 1901 1833 ,
1919 1795 1951 1825 et
1971 1793 2042 1833 eius
2062 1794 2187 1833 partem
2202 1791 2367 1824 dimidiam
2383 1815 2394 1831 ,

1348 1854 1380 1885 id
1413 1855 1464 1886 est
1493 1862 1606 1885 unum.
1655 1852 1805 1893 Duplices
1840 1860 1937 1891 vero,
1968 1853 2005 1883 ut
2036 1852 2113 1883 sunt
2146 1850 2212 1882 duo
2233 1850 2392 1883 adversus

1349 1921 1462 1944 unum.
1507 1911 1661 1952 Triplices
1682 1920 1779 1950 vero,
1801 1912 1836 1943 ut
1855 1913 1930 1942 sunt
1949 1911 2015 1942 tres
2028 1910 2183 1942 adversus
2198 1918 2311 1942 tinum.
2357 1910 2398 1943 Et

1349 1970 1598 2012 quadruplices,
1638 1971 1673 2002 ut
1706 1971 1782 2001 sunt
1815 1970 1951 2009 quatuor
1983 1967 2023 1999 ad
2059 1977 2171 2000 unum.
2241 1966 2398 2008 Epitritus

1348 2032 1455 2063 autem
1477 2030 1510 2062 in
1529 2029 1717 2061 calculando
1730 2028 1816 2060 idem
1835 2030 1884 2060 est
1900 2028 1954 2069 qui
1972 2027 2023 2059 διὰ
2038 2027 2199 2068 τεσσάρων
2219 2026 2335 2060 dicitur
2362 2026 2396 2059 iu

1348 2089 1505 2122 canendo.
1550 2088 1746 2129 Sescuplaris
1761 2096 1838 2120 vero
1857 2087 1943 2119 idem
1961 2090 2010 2119 est
2025 2087 2079 2128 qui
2102 2087 2154 2118 διὰ
2168 2086 2260 2119 πέντε
2281 2085 2398 2119 dicitur

1349 2148 1382 2180 in
1402 2147 1558 2180 canend0.
1603 2146 1730 2187 Duplex
1748 2155 1826 2178 vero
1839 2170 1848 2186 ,
1867 2145 1922 2186 qui
1938 2145 1989 2177 διὰ
2013 2147 2139 2178 πασῶν.
2162 2144 2397 2186 Quadruplex,

1349 2208 1404 2249 qui
1418 2208 1462 2244 δὶς
1478 2207 1529 2239 διὰ
1547 2210 1670 2239 πασῶν.

1397 2266 1547 2299 XXXVI.
1572 2265 1693 2297 Deinde
1718 2263 1779 2296 alia
1814 2272 1943 2304 quoque
1969 2262 2144 2304 septenarii
2169 2262 2294 2295 numeri
2320 2271 2395 2303 pro·

1353 2325 1472 2366 prietas
1489 2324 1720 2363 consideratur,
1733 2331 1832 2363 quam
1846 2322 1952 2354 caeteri
1969 2322 2094 2354 numeri
2108 2330 2173 2354 non
2186 2321 2319 2354 liabent.
2363 2320 2397 2354 Si

1353 2385 1484 2426 quidem
1501 2393 1576 2416 cum
1594 2383 1667 2423 alii,
1682 2382 1737 2423 qui
1754 2382 1874 2414 linibus
1893 2381 2065 2414 decumani
2079 2381 2206 2413 numeri
2225 2380 2395 2413 continen-

1352 2447 1416 2484 tur,
1435 2443 1553 2485 partim
1579 2443 1658 2474 alios
1679 2442 1741 2483 ipsi
1765 2441 1909 2482 pariant,
1931 2440 2045 2481 partim
2062 2439 2103 2472 ab
2132 2439 2202 2472 aliis
2223 2439 2398 2481 pariantur,

1354 2503 1468 2544 partim
1489 2505 1522 2535 et
1543 2501 1668 2542 pariant
1685 2501 1783 2539 alios,
1813 2502 1846 2532 et
1870 2500 2034 2541 pariantur
2051 2499 2093 2530 ab
2115 2498 2207 2538 aliis;
2237 2498 2326 2531 solus
2350 2506 2401 2531 se·

1352 2562 1516 2603 ptenarius
1534 2569 1690 2592 numerus
1702 2583 1712 2600 ,
1736 2568 1842 2600 neque
1863 2559 1970 2599 gignat
1985 2567 2023 2590 ex
2047 2567 2082 2590 se
2103 2557 2202 2589 alium
2228 2565 2400 2590 numerum

1355 2620 1436 2652 intra
1455 2620 1671 2652 decumanum
1687 2618 1820 2651 limitem
1834 2641 1844 2659 ‚
1862 2626 1968 2658 neque
1985 2626 2004 2649 a
2022 2625 2185 2658 quoquam
2208 2616 2277 2658 ipse
2292 2623 2402 2648 nasca-

1354 2682 1407 2712 tur
1434 2690 1442 2712 :
1473 2680 1590 2712 etenim
1617 2679 1685 2711 duo
1716 2677 1869 2718 duplicati
1896 2677 2025 2717 pariunt
2049 2677 2188 2717 quatuor
2213 2683 2399 2708 numerum.

1355 2741 1435 2772 Tria
1454 2739 1544 2771 nullo
1563 2738 1725 2779 duplicato
1746 2738 1922 2769 naseuntur
1940 2748 1948 2768 :
1974 2736 2042 2776 ipsa
2065 2735 2245 2776 duplicata,
2266 2734 2401 2776 pariunt

1353 2799 1514 2831 senarium
1542 2805 1728 2829 numerum.
1774 2797 1931 2834 Quatuor
1951 2803 2126 2834 numeruS‚
2150 2795 2181 2826 et
2205 2793 2342 2835 paritur,
2368 2794 2402 2827 et

1355 2857 1447 2896 parit.
1492 2856 1620 2888 Paritur
1641 2854 1770 2896 quidem
1787 2863 1804 2885 a
1823 2853 1871 2885 bis
1893 2853 2033 2894 duobus,
2060 2853 2143 2894 parit
2160 2854 2268 2886 autem
2292 2852 2401 2894 dupli-

1357 2917 1451 2947 catus
1467 2915 1670 2947 octonarium
1689 2922 1871 2946 numerum.
1914 2915 2056 2945 Rursum
2074 2914 2231 2954 quinque
2248 2919 2403 2945 numerus

1354 2984 1373 3006 a
1394 2976 1482 3007 nullo
1499 2975 1642 3007 nascitur
1658 2973 1709 3006 bis
1730 2973 1907 3013 supputato
1927 2985 1935 3004 ι
1957 2972 2025 3012 ipse
2046 2973 2155 3003 autem
2176 2971 2226 3003 bis
2242 2971 2400 3012 supputa-

1353 3035 1406 3065 tus
1425 3033 1509 3075 parit
1527 3033 1649 3064 decem.
1692 3034 1734 3064 Et
1754 3031 1830 3063 item
1849 3038 1911 3062 sex
1923 3038 2094 3070 numerus,
2110 3029 2252 3061 nascitur
2270 3028 2400 3070 quidem

1355 3101 1396 3124 ex
1431 3092 1593 3133 duplicato
1625 3091 1784 3130 ternario,
1818 3089 1899 3131 parit
1924 3090 2032 3121 antem
2065 3088 2149 3120 intra
2187 3087 2401 3120 decumanum

1355 3151 1490 3182 limitem
1512 3153 1685 3182 neminem.
1732 3151 1883 3182 octavus
1907 3148 2051 3180 nascitur
2078 3156 2119 3179 ex
2144 3146 2194 3178 bis
2216 3146 2401 3188 supputatis

1357 3212 1507 3250 quatuor,
1535 3210 1602 3250 ipse
1625 3209 1787 3241 neminem
1817 3207 1912 3249 parit.
1958 3208 2077 3240 Nonus
2110 3205 2251 3237 nascitur
2278 3213 2316 3237 ex
2354 3206 2402 3237 ter

1358 3269 1479 3307 tribus,
1494 3270 1560 3309 ipse
1577 3271 1685 3300 autem
1700 3268 1860 3300 neminem
1884 3267 1977 3308 parit.
2024 3268 2185 3299 Decimus
2199 3265 2339 3296 nascitur
2361 3273 2400 3296 ex

1357 3327 1519 3368 duplicato
1547 3336 1683 3359 numero
1714 3327 1873 3368 quinque,
1904 3327 1974 3367 ipse
2000 3334 2096 3367 porro
2122 3323 2282 3356 neminem
2305 3322 2399 3363 parit.

1359 3387 1471 3426 ltaque
1487 3386 1639 3418 omnibus
1657 3386 1774 3427 partim
1799 3385 2023 3425 nascentibus,
2046 3383 2161 3425 partim
2185 3382 2401 3423 parientibus,

1359 3445 1475 3486 partim
1510 3450 1542 3478 ct
1569 3445 1773 3478 nascentibus
1800 3447 1832 3478 et
1853 3444 2073 3487 parientibus,
2096 3442 2184 3475 solus
2209 3441 2403 3482 septenarius
