2606 3828
334 250 376 283 31
386 250 407 283 2
1052 245 1358 287 CYNtCORUM
1388 245 1721 288 FRAGMENTA.

380 332 595 383 (Diogenes
616 332 793 372 Laertius
827 333 897 373 lib.
934 332 1002 380 Vl,
1031 339 1097 379 [0⁰-
1138 333 1263 372 Aliter
1286 346 1367 372 rem
1431 334 1529 373 lanae
1551 334 1765 374 bonitatem
1804 333 1975 386 pellibus
2006 333 2289 386 integebantur,
2315 350 2365 376 ne
2383 339 2473 379 lana

325 400 457 430 narrat
478 392 651 431 AElianus
684 393 773 432 var.
793 392 883 430 hist.
918 391 989 431 lib.
1021 391 1126 440 XIV,
1150 393 1197 429 33
1222 407 1230 430 ε
1261 393 1367 432 διελέ-

324 466 404 501 γετο
426 451 513 504 ὑπέρ
531 467 634 489 τινων
651 455 669 490 ὃ
690 451 862 501 Πλάτων,
885 450 1006 502 παρὼν
1026 451 1054 488 δ’
1074 453 1091 488 ὁ
1112 450 1275 503 Διογένης
1292 450 1367 490 ὀλί-

324 524 384 559 γον
407 511 502 563 αὐτῷ
531 516 727 562 προσεῖχεν·
755 510 1001 561 ἠγανάκτησεν
1023 503 1080 547 οὖν
1113 511 1170 549 ἐπὶ
1199 511 1368 556 τούτοιςὸ

323 567 526 619 Ἀρίστωνος
545 569 603 607 καὶ
621 568 697 621 ἔφη·
711 568 931 608 Ἐπάκουσον
952 571 1019 607 τῶν
1037 569 1165 620 λόγων,
1182 569 1275 610 κύον.
1296 571 1368 610 Καὶ

322 626 375 674 ὅς,
398 627 495 665 οὐδὲν
524 628 778 679 διαταραχθείς·
812 627 904 666 Ἀλλ’
933 626 1026 678 ἐγώ,
1056 621 1172 674 εἶπεν,
1198 630 1262 668 οὐκ
1281 632 1367 668 ἔπα-

321 690 444 733 νῆλθον
463 687 588 724 ἐκεῖθεν
602 718 610 733 ,
627 685 701 724 ὅθεν
720 687 886 738 ἐπράθην,
907 685 1026 738 ὥσπερ
1047 689 1077 725 οἱ
1095 687 1205 732 κύνες·
1218 689 1368 727 αἰνιττό-

321 759 421 792 μενος
445 745 550 781 αὖτοῧ
572 743 633 792 τὴν
649 746 695 787 εἷς
715 745 880 783 Σικελίαν
901 743 991 786 ὁδόν.
1010 745 1123 784 Conf.
1145 746 1297 797 Menag.
1318 747 1366 786 ad

321 803 438 852 niog.
466 803 591 841 Laert.
617 802 689 849 Ill,
715 804 804 854 19.)

374 875 439 903 12³.
466 861 532 901 Ἐκ
549 865 608 899 τοῦ
628 862 814 914 βαλανείου
833 862 944 912 ἐξιών,
966 866 1015 917 τῷ
1033 863 1098 914 μὲν
1119 864 1317 916 πυθομένῳ,
1336 868 1365 905 εἷ

319 921 442 959 πολλοὶ
475 921 650 974 ἄνθρωποι
679 923 840 971 λοῦνται,
863 923 1051 977 ἠρνήσατο·
1069 926 1120 976 τῷ
1135 924 1180 974 δ’,
1203 926 1231 964 εἷ
1261 925 1366 970 πολὺς

318 980 436 1032 ὄχλος,
459 979 682 1032 ὡμολόγησε.

370 1041 586 1089 (Diogenes
607 1040 784 1080 Laertius
804 1041 878 1082 lib.
899 1042 967 1091 vl,
984 1042 1070 1095 40.)

371 1111 437 1138 124.
462 1098 654 1143 Πλάτωνος
685 1102 909 1153 ὁρισαμένου,
938 1101 1138 1155 Ἄνθρωπός
1174 1103 1247 1141 ἔστι
1279 1106 1363 1156 ζῷον

314 1157 447 1205 δίπουν,
464 1156 629 1210 ἄπτερον,
654 1159 711 1197 καὶ
731 1161 994 1211 εὐδοκιμοῦντος
1006 1190 1016 1208 ,
1030 1161 1129 1204 τίλας
1151 1162 1364 1214 ἀλεκτρυόνα

314 1216 512 1269 εἰσήνεγκεν
547 1218 651 1256 αὐτοῦ
681 1221 728 1263 εἷς
758 1218 821 1267 τὴν
857 1219 988 1273 σχολὴν
1020 1221 1079 1259 καί
1101 1237 1218 1273 φησιν·
1254 1216 1365 1267 Οὗτός

313 1279 406 1315 ἔστιν
428 1279 445 1315 ὁ
465 1275 655 1321 Πλάτωνος
676 1278 870 1332 ἄνθρωπος.
927 1278 1038 1319 εὈθεν
1058 1281 1108 1334 τῷ
1132 1279 1202 1333 ὅρῳ
1231 1297 1363 1334 προσε-

312 1335 395 1384 τέθη
409 1335 450 1375 τὸ
461 1335 727 1389 πλατυώνυχον.

368 1396 587 1446 (Diogenes
607 1397 784 1436 Laertius
803 1397 872 1438 lib.
893 1397 960 1447 vl,
985 1399 1074 1450 40.)

310 1458 316 1485 ἶ
366 1467 431 1494 125.
461 1453 555 1506 Πρὸς
570 1454 628 1493 τὸν
645 1455 850 1506 πυθόμενον,
871 1457 954 1509 ποίᾳ
972 1456 1047 1510 ὥρᾳ
1070 1459 1118 1496 δεῖ
1139 1459 1298 1510 ἀριστᾶν·
1318 1460 1362 1499 Εἰ

313 1512 377 1562 μὲν
406 1512 588 1563 πλούσιος,
623 1514 710 1568 ἔφη,
740 1514 823 1554 ὅταν
859 1515 966 1567 θέλῃ,
1004 1517 1034 1554 εἷ
1062 1516 1098 1555 δὲ
1120 1517 1251 1569 πένης,
1277 1515 1360 1558 ὅταν

313 1572 392 1625 ἔχῃ.

367 1633 586 1683 (Diogenes
602 1634 779 1673 Laertius
798 1634 866 1673 lib.
887 1634 954 1682 vl,
980 1635 1068 1686 40.)

368 1705 436 1732 12⁶,
463 1692 528 1733 Ἔν
561 1695 782 1746 Μεγαρεῦσιν
815 1694 897 1733 ἰδὼν
921 1694 966 1733 τὰ
1000 1694 1062 1744 μὲν
1092 1693 1256 1746 πρόὸατα
1291 1698 1362 1741 τοῖς

314 1751 480 1805 δέρμασιν
497 1752 764 1802 ἐσκεπασμένα,
779 1752 856 1797 τοὺς
875 1751 910 1791 δὲ
927 1753 1054 1797 παῖδας
1072 1754 1185 1792 αὐτῶν
1199 1754 1360 1805 γυμνούς,

312 1810 392 1862 ἔφη·
420 1810 712 1864 Λυσιτελέστερόν
742 1814 816 1851 ἔστι
853 1812 1046 1865 Μεγαρέως
1075 1805 1163 1851 εἶναι
1193 1812 1312 1866 κριόν,
1337 1813 1360 1861 ἢ

311 1868 395 1908 υἱόν.

366 1928 580 1979 (Diogenes
596 1929 770 1968 Laertius
783 1929 852 1968 lib.
869 1930 935 1978 VI,
954 1935 1018 1975 [μ.
1038 1930 1228 1969 Similiter
1245 1931 1358 1971 AElia-

312 1987 497 2032 nus,Var.
518 1987 610 2028 hist.
639 1988 710 2028 lib.
742 1988 831 2036 ΧΠ,
851 1989 900 2027 56
925 2004 933 2027 :
959 1989 1123 2041 Διογένης
1139 1991 1157 2027 ὁ
1178 1990 1359 2035 Σινωπεὺς

313 2045 412 2095 ἔλεγε
438 2045 574 2094 πολλά,
602 2045 666 2094 τὴν
696 2047 851 2099 ἀμαθίαν
871 2048 932 2086 καὶ
950 2047 1014 2096 τὴν
1039 2048 1268 2087 ἀπαιδευσίαν
1289 2053 1359 2089 τῶν

313 2104 507 2158 Μεγαρέων
527 2104 746 2154 διαὸάλλων,
761 2106 821 2145 καὶ
842 2107 1007 2147 {tiodiem
1031 2107 1223 2161 Μεγαρέως
1239 2109 1361 2161 ἀνδρὸς

310 2164 404 2216 κριὸς
437 2155 525 2201 εἶναι
553 2164 703 2214 μᾶλλον,
735 2164 759 2211 ἢ
787 2164 871 2210 υἱός.
905 2166 1086 2221 ᾚνίττετο
1117 2167 1178 2217 δέ,
1208 2167 1262 2206 ὅτι
1290 2170 1356 2206 τῶν

314 2222 523 2277 θρεμμάτων
540 2227 719 2262 ποιοῦνται
735 2223 898 2277 πρόνοιαν
921 2227 952 2264 οἳ
969 2228 1144 2278 Μεγαρεῖς
1157 2256 1168 2275 ,
1189 2228 1257 2264 τῶν
1277 2226 1359 2266 παί-

314 2282 382 2320 δων
402 2281 436 2320 δὲ
457 2280 548 2333 οὐχί.
568 2282 798 2322 Plutarchus
818 2285 875 2322 De
896 2285 1107 2336 cupiditate
1125 2285 1355 2324 divitiarum

313 2354 396 2393 cap.
417 2355 451 2389 7,
468 2341 550 2382 vol.
569 2341 603 2379 X
617 2356 655 2394 p.
676 2343 750 2381 156
767 2343 826 2382 ed.
843 2343 999 2384 Hutten.
1017 2359 1026 2382 τ
1044 2345 1090 2387 ὥς
1108 2360 1174 2382 που
1189 2345 1251 2383 καὶ
1268 2347 1356 2384 Διο-

311 2398 414 2451 γένης
445 2398 663 2453 ἐπέσκωψεν,
687 2400 807 2439 εἰπών·
844 2402 1038 2455 Μεγαρέως
1064 2402 1187 2455 ἀνδρὸς
1217 2402 1356 2455 βέλτιον

313 2452 402 2498 εἶναι
422 2459 538 2512 κριόν,
555 2459 578 2507 ἢ
598 2459 671 2498 υἱὸν
691 2460 863 2511 γενέσθαι.
878 2461 1066 2499 Caetcrum
1088 2474 1179 2500 oves
1195 2471 1357 2514 propter

355 2591 425 2621 123.
457 2588 573 2621 Balneo
593 2598 739 2630 egressus
763 2590 953 2629 sciscitanti,
984 2600 1061 2623 num
1093 2591 1186 2624 multi
1211 2591 1356 2624 lavarent

313 2647 469 2685 homines,
479 2647 625 2688 negavit;
642 2649 675 2680 at
686 2648 855 2690 quaerenti,
870 2649 1032 2682 lavaretne
1044 2658 1157 2690 magna
1169 2650 1275 2690 turba,
1292 2659 1357 2683 rem

314 2708 356 2742 ita
373 2716 408 2740 se
419 2707 538 2740 habere
553 2708 738 2748 affirmavit¹⁶

357 2767 428 2800 124.
450 2767 558 2803 Quum
579 2767 668 2798 Plato
684 2766 848 2800 hominem
873 2767 1072 2803 definivisset
1089 2770 1283 2802 animantem
1309 2770 1356 2802 bi·

313 2822 427 2865 pedem
444 2826 541 2864 atque
560 2824 763 2866 implumem,
779 2834 880 2867 eaque
895 2835 929 2859 re
947 2827 1099 2860 doctrinae
1113 2828 1229 2861 samam
1247 2838 1360 2862 conse-

314 2884 407 2912 cutus
423 2884 517 2920 esset,
540 2882 695 2922 Diogenes
709 2882 829 2923 gallum
850 2884 1060 2924 gallinaceum
1078 2886 1210 2919 vulsum
1231 2887 1264 2919 in
1283 2889 1356 2927 ejus

315 2939 460 2971 scholam
490 2939 610 2980 intulit,
630 2940 741 2972 dicens
762 2950 772 2973 t
793 2949 866 2974 ecce
891 2942 991 2975 homo
1021 2944 1237 2978 Platonicus.
1268 2947 1357 2983 Quo·

316 2997 401 3030 circa
421 2997 599 3030 definitioni
617 2999 741 3039 adjecta
759 3002 836 3032 sunt
851 3000 950 3033 verba
966 3002 1050 3034 latis
1069 3004 1254 3044 unquibus.

360 3060 430 3091 125.
457 3058 688 3098 interroganti,
703 3067 842 3100 quanam
856 3060 931 3091 liora
943 3057 1103 3101 'prandere
1119 3064 1282 3103 oporteret
1300 3072 1308 3092 ι
1326 3066 1358 3097 Si

315 3118 404 3159 quis,
421 3116 539 3157 inquit,
557 3115 651 3149 dives
669 3119 735 3158 esc,
749 3117 890 3159 quando
907 3119 983 3151 vult
992 3131 1005 3158 ‚·
1017 3121 1044 3151 si
1059 3128 1207 3162 pauper,
1221 3122 1360 3163 quando

313 3177 438 3216 potest.

362 3238 431 3267 126.
454 3233 548 3275 Apud
566 3236 767 3276 Megarenses
780 3243 857 3268 oves
867 3236 1072 3277 conspicatus
1089 3237 1228 3279 pellibus
1244 3240 1358 3280 tectas,

319 3291 398 3324 filios
410 3301 485 3325 vero
504 3302 616 3326 eorum
635 3293 741 3326 nudos
767 3307 776 3327 ε
805 3296 957 3327 Praestac
971 3319 980 3334 ‚
999 3295 1123 3336 inquit,
1145 3298 1359 3338 Meqarensis

317 3352 460 3383 arietem
475 3360 547 3384 esse
569 3361 674 3394 quam
685 3352 823 3393 filium.

363 3412 433 3442 127.
453 3411 488 3442 Ei
510 3411 565 3452 qui
579 3411 703 3444 trabem
727 3411 788 3453 ipsi
808 3411 984 3453 impegerat
1008 3415 1185 3455 posteaque
1211 3414 1358 3448 dixerat:

319 3467 423 3508 Cave;
443 3469 544 3509 Num,
558 3469 673 3511 inquit,
692 3471 822 3503 iterum
838 3478 891 3503 me
908 3470 1018 3506 ferire
1037 3473 1114 3504 vis?

1430 394 1719 446 inquinaretur.
1747 394 1835 432 Vid.
1862 393 2072 432 Varronem
2093 395 2150 434 De
2175 409 2217 435 re
2243 398 2378 437 rustic.
2399 397 2470 437 lib.

1432 452 1484 501 ΙΙ,
1505 468 1587 506 cap.
1608 456 1667 505 2.)

1485 527 1545 553 127.
1570 514 1664 565 Πρὸς
1683 514 1741 552 τὸν
1758 511 1980 557 ἐντινάξαντα
1991 514 2086 567 αὐτῷ
2099 513 2211 563 δοκόν,
2225 509 2300 554 εἶτα
2316 514 2473 565 εἰπόντα,

1428 573 1605 618 Φύλαξαι·
1626 573 1742 613 Πάλιν
1763 571 1831 625 γάρ
1850 587 1913 621 με,
1939 571 2026 626 ἔφη,
2041 573 2158 612 παίειν
2180 574 2338 626 μέλλεις
2358 614 2363 619 ,

1485 634 1700 684 (Diogenes
1728 631 1903 669 Laertius
1930 631 1998 670 lib.
2031 632 2080 670 VI
2094 662 2104 680 ,
2137 638 2200 678 41.
2233 633 2339 672 ldem
2376 647 2474 686 apo-

1428 690 1836 744 phthegmaDiogenes
1846 690 1917 732 lib.
1931 690 1981 729 Vl
1993 720 2003 739 ,
2017 693 2067 729 66
2080 692 2186 730 hisce
2201 703 2475 734 commemorat

1429 749 1562 788 verbis
1594 762 1603 786 ε
1627 750 1711 802 πρὸς
1731 749 1789 788 τὸν
1819 749 2024 789 ἐνσείσαντα
2051 752 2146 805 αὐτῷ
2178 750 2294 802 δοκόν,
2318 747 2395 791 εἶτα
2419 754 2472 792 εἰ·

1427 806 1538 845 πάντα
1566 807 1755 855 Φύλαξαι,
1789 806 1926 855 πλήξας
1949 808 2053 848 αὐτὸν
2079 813 2123 863 τῇ
2149 810 2341 863 βακτηρίᾳ,
2378 804 2471 850 εἶπε·

1430 865 1611 912 Φύλαξαι.
1627 867 1636 919 )

1483 939 1543 965 128.
1566 925 1694 979 Ἔλεγε
1715 926 1791 970 τοὺς
1815 927 1880 977 μὲν
1897 927 2128 980 δημαγωγοὺς
2151 927 2258 981 ὄχλου
2277 927 2471 974 διακόνους·

1427 983 1505 1028 τοὺς
1525 984 1560 1024 δὲ
1583 985 1773 1039 στεφάνους
1795 985 1894 1032 δόξης
1910 985 2150 1038 ἐξανθήματα.

1480 1043 1694 1095 (Diogenes
1714 1044 1893 1083 Laertius
1915 1045 1986 1083 lib.
2009 1044 2078 1095 Vt,
2101 1044 2190 1096 41.)

1482 1115 1543 1142 129.
1566 1104 1704 1157 Λύχνον
1723 1105 1798 1156 μεθ’
1819 1103 1957 1158 ἡμέραν
1980 1103 2070 1158 ἅψας
2089 1104 2227 1158 περιῄει
2242 1103 2367 1156 λέγων·
2385 1102 2471 1144 Ἄν-

1426 1164 1561 1214 θρωπον
1585 1165 1690 1211 ζητῶ.

1480 1223 1691 1273 (Diogenes
1711 1225 1885 1263 Laertius
1906 1223 1977 1262 lib.
2001 1223 2052 1261 Vl
2081 1230 2144 1269 41.
2164 1224 2277 1270 Quod
2302 1225 2469 1276 Diogeni

1424 1282 1572 1326 Cvnico
1593 1282 1657 1320 hic
1681 1283 1884 1330 tribuitur,
1907 1283 1987 1334 jam
2003 1283 2115 1334 prius
2130 1283 2271 1322 fecerat
2286 1283 2467 1337 AEsopus,

1424 1341 1458 1379 si
1479 1340 1573 1379 fides
1595 1341 1762 1379 Phaedro
1790 1341 1858 1379 lib.
1881 1341 1938 1379 111
1960 1340 2050 1379 Fab.
2072 1340 2162 1379 th
2182 1342 2236 1380 ita
2250 1341 2435 1381 scribenti
2458 1357 2467 1381 :

1424 1399 1471 1437 Et
1502 1400 1659 1451 quidam
1698 1414 1719 1438 e
1760 1401 1874 1439 turba
1905 1401 2085 1450 garrulus
2098 1430 2109 1451 ‚
2142 1401 2304 1454 AEsope,
2342 1402 2470 1441 medio

1426 1459 1530 1506 sole,
1570 1460 1664 1510 quid
1703 1473 1789 1498 cum
1829 1460 2004 1498 lumine?
2028 1459 2234 1499 Hominem
2247 1490 2256 1507 ‚
2313 1461 2467 1513 inquit,

1423 1519 1591 1568 quaero.)

1479 1589 1544 1616 180.
1584 1576 1754 1624 Εἱστήκει
1771 1576 1856 1616 ποτὲ
1878 1577 2248 1630 κατακρουνιζόμενος·
2265 1579 2333 1617 τῶν
2356 1578 2392 1617 δὲ
2409 1594 2470 1618 πε·

1424 1634 1618 1687 ριεστώτων
1656 1636 1861 1685 ἐλεούντων,
1878 1635 1999 1689 παρὼν
2024 1637 2176 1677 Πλάτων
2198 1637 2277 1691 ἔφη·
2308 1639 2354 1677 Εἰ
2381 1637 2469 1690 βού-

1424 1697 1525 1735 λεσθε
1556 1695 1659 1734 αὐτὸν
1681 1697 1845 1745 ἐλεῆσαι,
1869 1696 2065 1747 ἀπόστητε,
2091 1697 2350 1748 ἐνδεικνύμενος
2368 1698 2469 1749 φιλο-

1423 1754 1536 1799 δοξίαν
1558 1756 1675 1797 αὐτοῦ.
2291 1752 2297 1755 “
2362 1752 2365 1755 .
2391 1748 2420 1756 „-

1478 1813 1695 1864 (Diogenes
1715 1815 1892 1854 Laertius
1910 1816 1982 1854 lib.
2000 1815 2066 1863 vl,
2088 1815 2174 1867 41.)

1476 1887 1540 1913 131.
1556 1873 1806 1928 Ἐντρίψαντος
1826 1876 1922 1929 αὐτῷ
1946 1875 2111 1914 κόνδυλόν
2134 1890 2237 1919 τινος·
2255 1874 2467 1928 Ἡράκλεις,

1422 1933 1488 1987 ἔφη
1507 1963 1517 1982 ,
1538 1926 1608 1972 οἶόν
1631 1949 1674 1984 με
1694 1936 1819 1986 χρῆμα
1838 1934 2004 1974 ἐλάνθανε
2027 1933 2066 1973 τὸ
2085 1933 2174 1984 μετὰ
2194 1933 2470 1988 περικεφαλαίας

1421 1993 1640 2047 περιπατεῖν.

1476 2051 1486 2104 (
1501 2052 1695 2102 Diogenes
1714 2053 1893 2092 Laertius
1907 2052 1981 2093 lib.
1998 2052 2065 2101 Vl,
2089 2052 2173 2103 41.)

1476 2124 1543 2151 132.
1586 2112 1732 2150 Μειδίου
1765 2111 2030 2155 κονδυλίσαντος
2065 2110 2168 2150 αὐτὸν
2197 2112 2257 2150 καὶ
2289 2110 2465 2160 εἰπόντος,

1425 2169 1635 2222 Τρισχίλιαί
1666 2186 1721 2209 σοι
1748 2176 1883 2209 κεῖνται
1915 2169 1973 2209 ἐπὶ
2013 2172 2056 2221 τῇ
2101 2169 2257 2222 τραπέζῃ
2273 2199 2284 2220 ,
2318 2173 2363 2221 τῇ
2390 2169 2468 2217 ἑξῆς

1425 2228 1610 2273 πυκτικοὺς
1630 2229 1749 2268 λαὸὼν
1766 2229 1914 2280 ἱμάντας
1931 2228 1990 2267 καὶ
2017 2227 2239 2275 καταλοήσας
2264 2229 2367 2267 αὐτὸν
2385 2228 2465 2283 ἔφη·

1425 2287 1637 2340 Τρισχίλιαί
1654 2304 1708 2327 σοι
1727 2294 1859 2327 κεῖνται
1876 2288 1934 2327 ἐπὶ
1953 2290 2000 2340 τῇ
2015 2287 2186 2340 τραπέζῃ.

1477 2347 1686 2398 (Diogenes
1705 2347 1882 2385 Laertius
1901 2346 1970 2387 lib.
1988 2346 2055 2394 Vt,
2071 2352 2134 2391 42.
2150 2347 2338 2385 Caeterum
2355 2348 2465 2398 quod

1422 2405 1468 2443 ad
1485 2405 1679 2457 τρισχίλιαι
1708 2405 1914 2460 [δραχμαί]
1944 2406 2100 2452 attinet,
2121 2405 2346 2456 hujusmodi
2367 2406 2465 2444 mul-

1421 2473 1519 2502 ctam
1541 2465 1591 2503 iis
1611 2465 1680 2515 qui
1699 2465 1797 2503 alios
1819 2465 1885 2503 tali
1902 2465 2052 2515 injuria
2069 2464 2291 2504 afficiebant
2311 2473 2389 2504 tuni
2410 2465 2464 2504 ir-

1469 2595 1538 2625 128.
1557 2593 1710 2624 Oratores
1729 2591 1858 2633 quidem
1882 2592 1984 2633 plebis
1999 2592 2185 2633 ministros,
2201 2601 2336 2626 coronas
2355 2597 2465 2639 autem

1419 2650 1527 2691 gloriae
1541 2651 1743 2683 accessiones
1761 2650 1918 2694 vocahat.

1464 2712 1534 2742 129.
1566 2711 1712 2742 Lucerna
1739 2709 1877 2743 interdiu
1905 2717 2038 2742 accensa
2057 2709 2209 2742 oberrans
2236 2712 2462 2752 :Hominem

1418 2768 1533 2810 ajebat,
1549 2777 1677 2810 quaero.

1464 2830 1538 2861 130.
1559 2827 1670 2861 Stabat
1682 2826 1854 2869 aliquando
1868 2826 2106 2860 destillantibus
2119 2828 2161 2860 de
2180 2828 2264 2860 tecto
2279 2829 2373 2869 aquis
2393 2837 2463 2870 per-

1420 2887 1530 2928 fusus;
1566 2886 1616 2919 his
1650 2895 1727 2920 vero
1745 2886 1802 2928 qui
1829 2886 2083 2919 circumstabant
2114 2886 2333 2919 misericordia
2369 2886 2460 2920 illurn

1418 2945 1694 2987 prosequentibus,
1712 2945 1801 2978 Plato
1816 2945 1872 2986 qui
1895 2945 2029 2977 aderat:
2047 2947 2083 2977 Si
2103 2945 2223 2985 vultis,
2243 2945 2362 2987 inquit,
2381 2946 2460 2986 ejus

1418 3006 1587 3046 misereri,
1608 3003 1780 3038 abscedite
1791 3028 1801 3045 ,
1814 3003 1902 3036 illius
1917 3004 2028 3045 gloriae
2041 3004 2250 3045 cupiditatem
2269 3004 2461 3045 significans.

1464 3067 1533 3098 131.
1564 3065 1675 3102 Quum
1703 3064 1833 3106 quidam
1854 3064 1884 3096 ei
1911 3072 2055 3105 pugnum
2083 3064 2116 3096 in
2145 3066 2242 3106 caput
2268 3065 2462 3106 impegisset,

1421 3124 1554 3160 Hercle,
1570 3123 1628 3163 ait,
1641 3124 1783 3166 qualem
1795 3131 1868 3155 rem
1880 3123 2096 3164 iquorabam,
2113 3131 2167 3156 me
2179 3118 2280 3165 qalea
2295 3121 2461 3155 indutum

1418 3182 1602 3215 ambulare
1619 3182 1750 3216 debere.

1462 3246 1531 3286 132.
1555 3245 1664 3281 Quum
1691 3243 1806 3276 Midias
1826 3243 1942 3285 pugnis
1965 3251 2039 3276 eum
2060 3242 2226 3275 cecidisset
2243 3242 2460 3284 dixissetque.

1424 3303 1504 3334 Tria
1522 3301 1775 3335 drachmarum
1799 3302 1917 3334 millia
1941 3301 2003 3335 tibi
2027 3303 2064 3334 in
2083 3309 2202 3334 mensa
2217 3302 2337 3343 posita
2352 3303 2459 3340 sunt,

1420 3359 1570 3399 postridie
1593 3359 1748 3399 Diogenes
1765 3360 1821 3392 ubi
1836 3369 1911 3393 eum
1925 3360 2039 3392 sumtis
2059 3360 2202 3402 pugilum
2221 3359 2372 3391 caestibus
2385 3354 2461 3392 conss

1417 3417 1521 3449 tudit:
1539 3419 1620 3450 Tria
1638 3418 1903 3460 drachmarum,
1917 3418 2035 3461 inquit,
2055 3418 2171 3451 millia
2188 3418 2251 3450 tibi
2276 3420 2314 3451 in
2341 3427 2461 3452 mensa

1364 3519 1366 3521 Ι
1414 3477 1529 3516 posita
1547 3479 1642 3510 sunt.

2592 3778 2606 3828 11-
2594 3731 2606 3775 “2
