2638 3840
326 1014 355 1042 ἰ
356 1002 513 1041 ensibus
533 1000 707 1047 valebat,
724 1000 908 1050 quoniam
926 1011 1034 1037 suam
1056 997 1222 1048 quisque
1238 997 1377 1034 malam

338 2718 420 2743 mas
455 2704 591 2743 verbis
620 2706 887 2756 depingerent.

337 282 387 311 Lx
1216 262 1283 302 DE
1312 259 1594 302 SOPHISTIS.

336 371 412 411 que
440 357 631 405 manebit,
661 356 750 395 licet
783 354 885 393 haud
921 354 1033 405 pauci
1061 364 1127 390 eos
1154 351 1202 389 de
1234 362 1375 400 genere

335 420 507 456 humano
540 417 639 455 male
673 415 860 453 metuisse
895 411 1096 462 conquesti
1132 410 1233 457 sint,
1270 409 1375 460 quod

335 477 537 515 docuerint
553 475 785 527 discipulos,
804 469 1125 524 quemadmodum
1147 480 1261 505 causa
1278 467 1378 506 infe-

336 536 419 574 rior
441 535 606 573 dicendo
636 533 812 585 superior
842 531 925 568 fieri
959 536 1101 593 posset.
1163 529 1248 564 Hoc
1279 526 1378 564 illud

335 603 393 633 est
412 594 519 644 quod
538 601 687 630 veteres
706 590 916 641 scriptores
938 585 1047 636 ajunt
1073 585 1275 636 Sophistas
1295 597 1379 623 esse

336 653 471 691 solitos
487 651 544 689 τὸν
560 651 655 698 ἥττω
670 648 770 699 λόγον
785 646 932 698 κρείττω
947 648 1069 684 ποιεῖν.
1130 646 1271 681 Verum
1290 657 1376 681 cum

336 712 376 749 in
400 710 549 748 caeteris
582 708 747 752 eximia,
782 715 860 743 tum
896 705 1009 752 longe
1040 702 1211 740 maxima
1241 714 1305 739 ars
1336 701 1377 739 in

334 770 546 818 Protagora
568 768 639 804 fuit
664 765 730 816 qui
749 763 1071 814 qualemcumque
1096 773 1249 798 causam
1269 772 1379 810 supe-

337 828 482 866 riorem
504 826 608 864 fecit.
665 825 758 868 Quae
777 821 1037 873 persuadendi
1064 819 1164 858 ratio
1190 832 1310 870 quum
1331 819 1378 856 ad

337 884 550 937 quamlibet
575 882 798 933 disputandi
819 880 1019 918 materiam
1040 893 1119 917 non
1148 880 1232 917 sine
1252 878 1379 916 fructu

336 944 511 983 adhiberi
534 950 685 993 posset,
707 940 923 992 plurimum
951 947 1077 976 tamen
1100 938 1142 975 in
1163 936 1300 975 litibus
1321 937 1378 974 fo-

335 1074 486 1099 causam
512 1059 652 1097 bonam
671 1058 879 1106 reddebat,
908 1057 956 1095 de
975 1057 1076 1094 mala
1095 1069 1210 1094 causa
1229 1057 1282 1093 ita
1302 1057 1380 1094 dis-

334 1132 486 1166 serens,
502 1126 544 1155 ut
562 1117 666 1155 bona
684 1129 767 1155 esse
778 1115 982 1167 judicibus
999 1114 1199 1153 videretur
1217 1114 1380 1165 ipseque

334 1179 461 1217 victor
480 1190 501 1214 e
511 1176 662 1227 judicio
678 1175 904 1214 diseederet.
960 1173 1074 1219 Quod
1090 1173 1284 1223 reliquum
1305 1182 1376 1220 est,

334 1247 506 1277 oratores
534 1235 655 1274 verba
684 1235 867 1275 facientes
895 1234 939 1271 in
970 1233 1078 1270 omni
1111 1240 1306 1270 conventu
1332 1246 1376 1270 ac

334 1307 436 1336 coetu
466 1295 624 1347 publico
655 1307 770 1345 quem
808 1292 1001 1344 πανήγυριν
1049 1291 1178 1329 Graeci
1211 1301 1377 1339 vocant,

334 1369 452 1409 porro
474 1356 514 1392 in
539 1353 679 1404 quavis
707 1353 801 1391 festa
822 1351 1046 1390 celebritate
1061 1379 1072 1398 ‚
1100 1351 1142 1389 in
1172 1350 1379 1400 legationi-

334 1414 408 1453 bus
429 1413 642 1460 obeundis,
661 1412 703 1450 in
722 1411 934 1449 illustrium
958 1410 1136 1448 virorum
1159 1410 1356 1460 exsequiis

334 1472 502 1523 denique
524 1472 566 1509 in
586 1473 710 1509 causis
737 1469 839 1521 apud
855 1469 1008 1520 judices
1029 1468 1188 1518 agendis
1205 1467 1252 1505 ad
1269 1481 1381 1518 argu-

334 1539 553 1569 mentorum
586 1529 812 1579 dignitatem
848 1528 1142 1566 accommodare
1180 1527 1379 1565 orationes

334 1604 422 1630 suas
442 1604 485 1629 ac
507 1602 618 1628 suum
635 1589 775 1638 cuique
792 1587 849 1625 rei
865 1595 903 1624 et
920 1586 1127 1638 proprium
1142 1585 1297 1624 dicendi
1314 1599 1379 1636 ge-

334 1664 407 1689 nus
427 1651 598 1688 tribuere
614 1647 817 1686 debebant.
874 1645 972 1684 Sunt
988 1646 1117 1692 enim,
1138 1646 1171 1684 si
1192 1646 1280 1696 quis
1296 1646 1379 1684 elo-

335 1709 503 1747 cutionis
517 1706 745 1745 discrimina
760 1714 915 1754 tangere
927 1705 1034 1752 velit,
1052 1704 1163 1755 plura
1177 1717 1379 1742 causarum

335 1780 475 1817 genera
508 1767 717 1818 pluresque
748 1764 969 1802 orationum
1003 1763 1137 1801 formae
1165 1775 1305 1812 magna
1331 1776 1379 1802 ex

335 1834 444 1877 parte
460 1825 540 1876 jam
559 1838 581 1862 a
599 1823 789 1875 Sophistis
808 1823 991 1860 inventae.
1049 1821 1152 1859 Illud
1168 1830 1294 1859 autem
1311 1821 1381 1860 ob-

336 1884 567 1923 servandum
598 1882 703 1934 quod
732 1895 753 1919 a
783 1890 926 1919 nostrae
947 1881 1070 1919 aetatis
1102 1880 1382 1919 consuetudine

336 1944 539 1990 abhorret,
561 1943 603 1980 in
635 1941 752 1981 rebus
782 1940 903 1979 saeris
925 1940 1075 1977 nullum
1105 1938 1208 1990 apud
1232 1948 1380 1978 veteres

337 2003 456 2040 fuisse
473 2000 705 2052 eloquentiae
723 2001 866 2037 locum.
924 1998 1078 2050 Quippe
1098 2006 1201 2036 totus
1217 1996 1378 2036 deorum

335 2060 459 2098 cultus
474 2058 676 2098 sacrificiis
689 2087 700 2106 ‚
718 2056 925 2109 precibus,
947 2056 1181 2095 caerimoniis
1201 2068 1245 2093 ac
1261 2068 1379 2094 vere-

335 2118 478 2157 cundia
511 2117 677 2169 quadam
713 2115 999 2156 continebatur.
1057 2115 1130 2154 Sed
1169 2115 1250 2174 haec
1285 2115 1377 2153 hac-

335 2187 460 2217 tenus.

389 2236 565 2275 Transeo
603 2235 651 2273 ad
670 2248 732 2273 res
763 2234 916 2273 divinas
942 2247 964 2272 a
995 2234 1191 2286 Sophistis
1223 2243 1262 2272 et
1291 2234 1381 2273 aliis

335 2295 581 2348 philosophis
619 2302 844 2334 contemtas.
904 2294 1124 2332 Herodotus
1155 2293 1206 2345 (3)
1248 2303 1382 2333 auctor

335 2363 393 2393 est
419 2354 630 2392 Homerum
663 2362 777 2404 atque
805 2352 1042 2401 Hesiodum,
1064 2367 1163 2404 quos
1193 2355 1381 2405 quadrin-

336 2414 462 2463 gentis
483 2421 571 2451 ante
594 2425 702 2451 suam
727 2420 873 2450 aetatem
896 2413 1009 2450 annis
1026 2413 1222 2451 exstitisse
1242 2414 1381 2465 opina-

335 2481 414 2519 tur,
429 2472 580 2523 primos
593 2471 793 2509 historiam
810 2471 1022 2510 fabular-em
1038 2471 1092 2509 ita
1105 2473 1380 2524 composuisse,

335 2540 379 2568 ut
403 2531 562 2568 deorum
597 2525 772 2569 omnium
802 2539 910 2569 ortus
938 2533 1136 2569 memoriae
1161 2532 1379 2580 traderent,

337 2603 448 2628 suum
470 2585 610 2639 cuique
632 2602 774 2626 nomen
794 2589 951 2637 darent,
974 2590 1062 2628 aliis
1089 2591 1187 2629 alios
1212 2591 1381 2630 honores

338 2657 375 2686 et
396 2648 561 2685 artificia
581 2647 820 2694 tribuerent,
842 2649 1085 2698 singulorum
1108 2650 1279 2700 denique
1303 2650 1383 2688 for-

944 2706 1072 2752 Quum
1107 2708 1228 2759 igitur
1260 2718 1385 2760 poetae
1413 2716 1417 2739 ἱ

1439 349 1499 388 illi
1526 349 1674 401 patrios
1709 348 1802 387 deos
1839 350 2048 388 commenti
2079 351 2182 399 sint,
2219 363 2317 403 quos
2351 359 2483 402 postea

1439 408 1565 447 Graeci
1590 408 1725 446 divino
1744 407 1895 447 honore
1925 409 2137 448 affecerunt
2162 424 2170 448 :
2193 423 2273 448 non
2292 418 2349 449 est
2380 410 2486 461 quod

1440 480 1628 505 miremur
1653 475 1804 505 mature
1838 468 2015 506 homines
2047 469 2240 520 sapientes
2270 469 2318 507 de
2349 469 2486 507 talium

1438 526 1598 563 deorum
1645 525 1874 564 auctoritate
1914 525 2126 566 dubitasse.
2185 527 2320 578 Itaque
2359 525 2487 565 Xeno·

1439 584 1584 635 phanes
1621 584 1670 635 (4)
1703 602 1717 617 a
1750 585 1902 632 omnia,
1931 585 2085 636 inquit,
2118 585 2195 624 diis
2227 586 2510 638 ascripserunt.

1440 642 1628 681 Homerus
1647 651 1684 680 et
1699 643 1908 691 Hesiodus,
1921 643 2175 696 quaecumque
2190 645 2291 684 inter
2311 645 2490 684 homines

1439 701 1605 739 dedecus
1626 710 1664 739 et
1683 702 1870 753 probrum
1901 711 2102 754 putantur,
2125 704 2374 756 plurimaque
2396 716 2490 756 pro-

1442 759 1671 797 nuntiarunt
1691 760 1837 798 nefarie
1858 773 1879 798 a
1899 760 1976 799 diis
1998 761 2094 800 sacta
2105 791 2118 812 ,
2141 763 2262 811 furta,
2281 763 2490 812 adulteria,

1444 827 1595 857 mutuas
1612 819 1778 868 fraudes.
1805 835 1820 853 n
1877 820 1982 858 Dicit
1997 829 2122 859 autem
2140 821 2233 860 deos
2252 822 2492 862 immortales

1443 877 1497 915 ita
1513 890 1535 914 a
1558 877 1701 929 priscis
1729 881 1944 917 carminum
1965 879 2237 919 conditoribus
2264 893 2348 920 esse
2366 882 2492 920 infor·

1442 944 1580 984 matos,
1597 945 1639 974 ut
1652 937 1700 974 ad
1715 937 1917 976 hominum
1933 932 2230 978 similitudinem
2250 932 2490 989 accederent,

1442 995 1536 1046 quia
1577 996 1905 1046 quemadmodum
1941 997 2123 1037 leonibus
2157 1007 2196 1037 et
2226 998 2357 1038 bubus
2390 999 2491 1039 nihil

1442 1053 1555 1092 leone
1592 1063 1630 1092 et
1666 1054 1769 1094 bove
1808 1055 2013 1108 pulchrius
2050 1058 2120 1104 sit,
2155 1057 2212 1095 sic
2263 1056 2492 1098 hominibus

1440 1111 1610 1151 humana
1639 1113 1763 1163 figura
1794 1115 1970 1152 omnium
2001 1115 2266 1166 pulcherrima
2291 1115 2486 1158 videatur.

1440 1171 1592 1217 Quibus
1612 1172 1814 1211 erroribus
1831 1186 1940 1212 suam
1961 1174 2009 1212 de
2026 1174 2164 1213 divina
2180 1183 2319 1214 natura
2336 1184 2491 1214 senten·

1442 1231 1534 1268 tiam
1556 1231 1638 1282 ipse
1657 1244 1736 1269 non
1757 1232 1842 1270 sine
1866 1233 2015 1271 coelesti
2046 1233 2189 1272 mentis
2209 1233 2398 1273 instinctu
2421 1247 2492 1287 op-

1440 1292 1568 1341 ponit.
1627 1289 1726 1329 Sunt
1744 1292 1847 1330 enim
1869 1292 1953 1330 haec
1968 1292 2053 1344 ejus
2072 1294 2196 1332 verba
2218 1291 2272 1347 (5)
2299 1307 2308 1332 :
2337 1311 2355 1328 ι
2379 1292 2490 1333 Unus

1440 1358 1497 1388 est
1511 1350 1606 1388 deus
1625 1350 1786 1389 deorum
1806 1351 2089 1403 hominumque
2104 1365 2302 1402 summus,
2316 1366 2388 1392 nec
2401 1367 2490 1392 cor·

1441 1422 1538 1459 pore
1563 1409 1798 1448 mortalibus
1818 1410 1961 1449 similis
1988 1424 2059 1450 nec
2080 1420 2222 1451 mente.
2278 1413 2402 1452 Totus
2429 1412 2492 1452 vi-

1444 1468 1528 1516 det,
1563 1477 1666 1507 totus
1695 1469 1880 1519 intelligit
1911 1478 2093 1521 totusque
2125 1471 2246 1511 audit.
2305 1470 2379 1510 Sed
2406 1471 2493 1510 sine

1440 1527 1597 1577 negotio
1631 1527 1769 1566 mentis
1812 1529 1852 1566 vi
1890 1537 2028 1566 cuncta
2060 1538 2274 1580 permovet.
2333 1531 2493 1581 Semper

1440 1587 1544 1625 enim
1562 1587 1764 1626 immotum
1783 1587 1918 1626 eodem
1936 1597 2036 1626 statu
2053 1602 2212 1628 manere
2224 1618 2235 1637 ,
2251 1601 2379 1640 neque
2395 1589 2491 1628 alias

1441 1647 1559 1684 malio
1580 1647 1709 1697 igrare
1728 1647 1977 1699 perspicuum
1998 1657 2069 1687 est.
2127 1650 2176 1687 At
2195 1649 2378 1688 mortales
2397 1649 2490 1701 opi-

1442 1713 1583 1743 nantur
1599 1705 1692 1744 deos
1709 1706 1887 1756 generari
1902 1707 2050 1758 pariter
2066 1716 2180 1757 atque
2201 1707 2323 1759 ipsos,
2347 1716 2491 1747 morta-

1441 1764 1550 1814 lique
1569 1777 1683 1803 sensu
1703 1774 1741 1803 et
1755 1778 1851 1803 voce
1878 1774 1916 1804 et
1936 1766 2059 1816 figura
2078 1779 2162 1805 esse
2186 1767 2386 1818 praeditos.
2445 1768 2487 1807 Si

1443 1835 1539 1861 vero
1559 1835 1696 1862 manus
1716 1821 1906 1862 haberent
1923 1824 2046 1864 boves
2065 1826 2124 1863 vel
2145 1826 2297 1873 leones,
2319 1835 2386 1865 aut
2407 1826 2494 1879 pin-

1442 1894 1532 1931 gere
1552 1881 1732 1920 manibus
1748 1891 1863 1933 atque
1881 1883 2014 1921 eadem
2033 1898 2120 1936 quae
2135 1884 2313 1923 homines
2336 1885 2492 1924 efficere

1442 1950 1623 1992 possent,
1642 1942 1734 1993 equi
1754 1942 1904 1981 similes
1922 1944 2056 1994 equis,
2073 1943 2196 1982 boves
2215 1953 2343 1983 autem
2360 1943 2492 1984 bubus

1442 2001 1590 2040 similes
1601 2001 1762 2039 deorum
1778 2015 1935 2054 quoque
1952 2003 2094 2041 formas
2111 2003 2316 2055 pingerent
2327 2003 2494 2054 figuras-

1444 2073 1519 2111 que
1540 2060 1751 2099 formarent
1787 2061 1908 2112 tales,
1930 2062 2064 2113 quales
2093 2075 2164 2100 suo
2188 2061 2380 2114 cujusque
2403 2075 2492 2101 eor-

1441 2120 1530 2171 pori
1565 2121 1713 2158 similes
1743 2121 1886 2160 forent.
1923 2130 1939 2155 i>
1971 2120 2203 2173 Xenophani
2235 2129 2492 2160 consentanea

1410 2182 1413 2192 '
1441 2178 1557 2217 babet
1573 2179 1826 2230 Empedocles
1841 2193 1881 2217 v.
1897 2180 2073 2230 389-396
2094 2180 2292 2218 affirmans
2306 2177 2360 2232 (6)
2376 2179 2490 2218 deum

1444 2250 1522 2275 non
1542 2250 1625 2276 esse
1641 2266 1651 2285 ‚
1679 2246 1723 2275 ut
1741 2237 1881 2287 vulgus
1913 2238 2112 2290 opinetur,
2139 2238 2296 2276 mortali
2327 2251 2492 2290 corpore

1443 2297 1697 2347 instructum,
1727 2309 1853 2347 neque
1881 2297 2009 2336 oculis
2035 2296 2268 2336 manibusve
2298 2310 2413 2349 posse
2435 2305 2489 2336 at-

1443 2355 1565 2405 tingi,
1599 2356 1666 2394 sed
1695 2363 1862 2393 mentem
1893 2367 1975 2393 esse
2011 2363 2182 2393 sanctam
2209 2363 2247 2392 et
2274 2355 2490 2404 infinitam,

1444 2413 1674 2451 universum
1726 2413 1844 2451 celeri
1899 2413 2131 2463 cogitatione
2183 2421 2490 2464 percurrentem.

1444 2470 1550 2509 Idem
1570 2470 1624 2523 (7)
1648 2480 1776 2510 tamen
1801 2471 1949 2524 duplex
1971 2472 2134 2511 deorum
2157 2486 2278 2523 genus
2295 2473 2490 2522 distinxit,

1445 2530 1608 2568 alterum
1661 2539 1863 2577 aeternum,
1899 2531 2138 2583 perfectum,
2182 2532 2490 2584 sanctissimum,

1446 2602 1596 2627 summa
1623 2589 1793 2641 denique
1822 2591 2076 2642 conspicuum
2105 2590 2367 2637 beatitudine,
2400 2591 2494 2630 alte-

1447 2663 1533 2687 rum
1562 2649 1699 2699 fragile
1727 2658 1772 2688 et·
1789 2650 1999 2698 caducum,
2022 2658 2067 2688 ut
2095 2663 2117 2688 e
2150 2659 2304 2689 terrena
2334 2650 2493 2689 materie

1449 2716 1671 2747 concretum
1688 2738 1699 2756 ‚
1717 2722 1761 2746 ac
1775 2710 1916 2761 partim
1935 2709 2121 2747 diuturna
2133 2710 2290 2760 quidem
2305 2738 2316 2758 ,
2331 2709 2398 2748 sed
2414 2721 2492 2748 non

381 2835 426 2876 (2)
447 2834 529 2867 Vide
547 2835 731 2867 Ciceronem
745 2835 778 2867 in
794 2837 893 2868 Bruto
909 2845 981 2877 cap.
997 2841 1015 2870 7
1035 2845 1123 2879 seqq.
1116 2862 1138 2879 .,
1154 2839 1200 2871 De
1218 2840 1301 2872 orat.
1322 2838 1380 2871 lib.

341 2884 371 2914 ΙΙ
388 2891 470 2923 cap.-
479 2887 518 2914 22
535 2891 604 2923 seq.
624 2883 720 2920 atque
741 2883 812 2914 aliis
829 2883 917 2915 locis.

381 2931 426 2970 (3)
448 2930 630 2962 Herodotus
647 2929 701 2961 lib.
722 2931 762 2968 11,
779 2938 848 2970 cap.
866 2933 924 2962 53:
942 2931 1089 2963 Ἡσίοδον
1102 2932 1160 2974 γὰρ
1174 2934 1227 2965 καὶ
1239 2934 1381 2978 ομηρον

339 2977 460 3018 ἡλικίην
476 2977 704 3018 τετρακοσίοισι
725 2977 807 3009 ἔτεσι
818 2978 918 3009 δοκέω
934 2989 991 3019 μευ
1005 2980 1227 3021 πρεσὸυτέρους
1240 2984 1381 3023 γενέσθαι

340 3026 394 3058 καὶ
414 3025 451 3056 οὗ
471 3025 591 3056 πλέοσι·
613 3023 698 3055 οὗτοι
730 3024 762 3055 δέ
787 3025 848 3056 εἶσι
874 3026 903 3056 οἱ
921 3025 1104 3063 ποιήσαντες
1129 3027 1286 3067 θεογονίην
1306 3030 1381 3062 Ἐλ-

343 3075 415 3111 λησι
429 3072 482 3103 καὶ
501 3074 583 3103 τοῖσι
597 3071 696 3102 θεοῖσι
712 3070 767 3107 τὰς
788 3071 964 3112 ἐπωνυμίας
983 3073 1085 3110 δόντες
1105 3075 1158 3105 καὶ
1176 3075 1267 3116 τιμάς
1280 3088 1314 3109 τε
1330 3080 1382 3110 καὶ

341 3121 450 3161 τέχνας
466 3118 613 3155 διελόντες
633 3119 686 3149 καὶ
706 3118 789 3150 εἴδεα
812 3119 914 3150 αὐτῶν
931 3121 1134 3160 σημήναντες.
1151 3141 1192 3148 -
1214 3123 1259 3163 (4)
1275 3126 1383 3164 Xeno.

342 3168 463 3207 phanes
489 3166 600 3206 fragm.
623 3169 654 3205 7,
680 3165 776 3196 voLI
802 3174 870 3206 pag.
897 3169 953 3198 102
974 3176 982 3197 ε
1009 3167 1111 3199 πάντα
1130 3169 1208 3205 θεοῖς
1235 3170 1384 3210 ἀνέθηκαν

342 3212 520 3255 Ὀμηρὸςθ’
533 3212 677 3248 Ἡσίοδός
704 3223 738 3243 τε
763 3212 846 3244 ὅσσοι
870 3212 943 3253 παρ’
961 3213 1167 3254 ἀνθρώποισιν
1189 3215 1308 3249 ὀνείδεα
1333 3222 1383 3252 καὶ

343 3262 438 3302 ψόγος
463 3260 548 3301 ἐστί,
574 3261 627 3291 καὶ
650 3259 768 3291 πλεῖστ’
788 3260 968 3300 ἐφθέγξαντο
1000 3261 1078 3292 θεῶν
1104 3262 1267 3302 ἀθεμίστια
1292 3266 1384 3307 ἔργα,

343 3310 496 3347 κλέπτειν,
523 3307 678 3349 μοιχεύειν
693 3317 726 3338 τε
745 3307 798 3337 καὶ
815 3306 964 3344 ἀλλήλους
987 3307 1162 3339 ἀπατεύειν.
1180 3327 1221 3332 -
1237 3310 1281 3350 (5)
1295 3312 1384 3344 Idem

345 3354 366 3386 l.
385 3363 413 3386 c.
432 3354 544 3394 fragm.
567 3356 599 3385 1-
602 3356 621 3384 6
640 3361 710 3393 pag.
732 3356 786 3384 101
804 3361 884 3392 seq-2
905 3354 947 3389 εἰς
964 3355 1029 3389 θεὸς
1048 3354 1079 3385 ἓν
1098 3366 1132 3386 τε
1149 3356 1245 3387 θεοῖσι
1267 3358 1386 3390 καὶάν-

345 3401 495 3441 θρὼποισι
514 3400 657 3441 μέγιστος
666 3422 676 3439 ,
694 3399 765 3430 οὔτε
775 3399 869 3439 δέμας
886 3400 1041 3437 θνητοῖσιν
1055 3402 1173 3442 ὁμοίιος
1185 3403 1258 3436 οὔτε
1271 3405 1383 3445 νόημα,

346 3445 445 3483 omo:
464 3447 540 3488 ὁρᾷ,
567 3445 656 3482 οὖλος
681 3445 713 3477 δὲ
735 3450 819 3486 νοεῖ,
841 3445 928 3482 οὖλος
948 3448 980 3478 δέ
1007 3447 1034 3478 τ’
1061 3448 1178 3480 ἀκούει.
1200 3449 1279 3482 Ἀλλ’
1306 3452 1385 3483 ἀπά-

346 3494 432 3524 νευθε
449 3493 557 3524 πόνοιο
569 3493 642 3524 νόου
659 3493 742 3533 φρεσὶ
758 3493 859 3524 πάντα
872 3494 1039 3535 κραδαίνει.
1055 3496 1119 3527 Atei
1137 3495 1165 3527 δ’
1179 3496 1210 3528 ἐν
1228 3498 1332 3539 ταύτῷ
1347 3510 1380 3530 τε

1447 2841 1549 2881 μένειν
1567 2841 1748 2881 κινούμενον
1766 2841 1853 2873 οὐδέν
1865 2865 1874 2880 ,
1888 2842 1959 2873 οὐδὲ
1974 2842 2176 2883 μετέρχεσθαί
2190 2853 2242 2882 μιν
2258 2841 2420 2883 ἐπιπρέπει
2440 2841 2493 2873 ἄλ-

1444 2890 1515 2920 λοτε
1531 2888 1622 2930 ἄλλῃ.
1636 2889 1726 2922 Ἀλλὰ
1753 2890 1856 2931 βροτοὶ
1874 2890 2017 2921 δοκέουσι
2043 2890 2129 2926 θεοὺς
2156 2890 2321 2929 γεννᾶσθαι
2342 2887 2492 2931 [ὁμοίως]

1443 2936 1498 2973 τήν
1513 2936 1660 2977 σφετέρην
1677 2936 1704 2968 τ’
1718 2936 1863 2974 αἴσθησιν
1883 2936 1965 2976 ἔχειν
1979 2936 2082 2977 φωνήν
2093 2946 2129 2968 τε
2143 2936 2238 2978 δέμας
2251 2947 2299 2968 τε.
2314 2935 2392 2968 Ἀλλ’
2406 2935 2435 2968 el
2443 2946 2492 2968 τοι

1444 2982 1546 3024 χεῖράς
1558 2982 1588 3021 γ’
1601 2983 1687 3025 εἶχον
1708 2983 1778 3024 βόες
1798 2984 1835 3022 ἠὲ
1854 2983 1991 3022 λέοντες,
2003 2984 2023 3022 ἢ
2040 2983 2158 3025 γράψαι
2184 2983 2324 3024 χείρεσσι
2343 2983 2396 3016 καὶ
2417 2984 2493 3024 ἔργα

1445 3031 1539 3061 τελεῖν
1552 3029 1630 3072 ἅπερ
1646 3031 1769 3072 ἄνδρες,
1784 3031 1878 3062 ἵπποι
1906 3030 1960 3071 μέν
1978 3029 2007 3062 θ’
2025 3031 2152 3062 ἵπποισι
2164 3054 2174 3070 ,
2195 3030 2266 3071 βόες
2282 3030 2316 3062 δέ
2326 3041 2360 3062 τε
2381 3031 2490 3071 βουσὶν
2530 3051 2534 3053 -

1445 3077 1553 3117 ὁμοίας
1569 3079 1622 3109 καί
1634 3089 1670 3110 κε
1683 3079 1761 3110 Θεῶν
1775 3079 1857 3114 ἰδέας
1870 3078 2004 3119 ἔγραφον
2017 3078 2069 3110 καὶ
2083 3078 2208 3119 σώματ’
2222 3077 2347 3110 ἐποίουν
2359 3077 2486 3120 τοιαῦθ’,

1445 3124 1510 3155 οἶόν
1529 3135 1586 3166 περ
1598 3126 1653 3156 καὶ
1678 3125 1764 3157 αὐτοὶ
1792 3126 1886 3165 δέμας
1909 3125 1995 3166 εἶχον
2016 3126 2136 3165 ὁμοῖον.
2157 3144 2198 3151 —-
2217 3125 2260 3164 (ὃ)
2283 3124 2499 3164 Empedocles

1445 3179 1481 3202 v.
1503 3173 1640 3204 389-396
1651 3195 1660 3210 ‚
1677 3172 1743 3203 vol.
1761 3173 1777 3204 1
1795 3181 1828 3212 p.
1849 3173 1886 3204 12
1901 3181 1910 3202 :
1928 3171 1985 3203 οὐκ
2003 3171 2086 3204 ἔστιν
2104 3170 2274 3203 achiam&
2293 3171 2358 3203 οὐδ’
2375 3171 2490 3210 ὀφθαλ-

1448 3220 1550 3256 μοῖσιν
1575 3219 1696 3259 ἐφικτὸν
1715 3219 1873 3260 ἡμετέροις
1900 3219 1921 3256 ἢ
1941 3218 2031 3259 χερσὶ
2051 3219 2175 3258 λαθεῖν,
2194 3219 2274 3260 ἥπερ
2302 3227 2339 3257 γε
2359 3217 2490 3258 μεγίστη

1445 3266 1567 3301 πειθοῦς
1599 3265 1804 3306 ἀνθρώποισιν
1833 3265 1979 3305 ἁμαξιτὸς
2003 3265 2045 3301 εἷς
2070 3265 2162 3306 φρένα
2182 3265 2299 3297 πίπτει.
2328 3266 2410 3298 Οὔτε
2430 3267 2490 3308 γὰρ

1446 3310 1596 3353 ἀνδρομέῃ
1617 3315 1733 3354 κεφαλῇ
1751 3312 1832 3344 κατὰ
1853 3315 1926 3352 γυῖα
1953 3312 2126 3352 κέκασται,
2147 3313 2184 3344 οὐ
2201 3313 2255 3353 μὲν
2275 3313 2352 3345 ἀπαὶ
2377 3314 2492 3347 νώτοιο

1446 3361 1500 3392 δύο
1525 3363 1632 3394 κλάδοι
1658 3363 1842 3402 ἀΐσσονται,
1872 3363 1910 3394 οὐ
1931 3362 2022 3398 πόδες
2010 3386 2040 3402 ς,
2062 3363 2099 3394 οὗ
2125 3363 2182 3394 θοὰ
2206 3363 2307 3402 γουν’,
2330 3365 2366 3396 οὐ
2392 3365 2490 3405 μήδεα

1448 3407 1639 3449 λαχνήεντα,
1659 3410 1738 3441 ἀλλὰ
1757 3410 1834 3451 φρὴν
1857 3410 1922 3451 ἱερὴ
1947 3410 2001 3441 καὶ
2029 3410 2198 3450 ἀθέσφατος
2223 3410 2335 3442 ἔπλετο
2363 3414 2489 3456 μοῦνον,

1446 3456 1581 3494 φροντίσι
1600 3456 1721 3498 κόσμοι
1741 3457 1864 3488 ἅπαντα
1890 3456 2109 3489 καταισσουσα
2127 3458 2247 3498 θοῇσιν.
2273 3479 2312 3484 -
2332 3458 2376 3499 (7)
2403 3458 2487 3491 Vide

1447 3501 1700 3536 dissertationem
1719 3503 1758 3536 de
1779 3503 1971 3544 Empedocle
1991 3504 2023 3536 in
2041 3504 2123 3537 Phil.
2145 3506 2251 3537 Graec.
2277 3507 2404 3546 Fragm.
2424 3505 2488 3538 vol.
