2638 3840
352 282 422 315 144
1144 256 1416 296 SOPHlSTAE
1446 251 1632 293 GRAECI.

343 374 424 403 των,
443 356 520 395 οὔτε
537 354 694 394 ἐνοπλίου
709 351 847 404 Ἔριδος
859 380 869 396 ,
892 347 969 386 οὔτε
989 345 1175 399 φιλοκάλου
1200 343 1363 395 Εἰρήνης·

1427 357 1463 380 τε
1490 347 1561 383 τοῖς
1592 341 1725 382 διπλοῖς
1752 338 1986 388 ὀνόμασιν....
2011 337 2058 378 ὡς
2093 334 2244 387 Γοργίας
2276 334 2461 386 ὠνόμαζε,

344 415 461 465 σεμνοὶ
486 414 547 464 μὲν
578 415 624 455 εἰς
651 410 727 454 τοὺς
749 411 840 452 θεοὺς
867 409 915 459 τῷ
947 405 1093 456 δικαίῳ,
1113 402 1198 440 ὅσιοι
1225 402 1259 439 δὲ
1282 401 1365 453 πρὸς
1428 399 1676 452 πτωχόμουσος
1693 398 1796 445 κτλ.)

343 473 419 516 τοὺς
438 473 557 515 τοκέας
576 475 618 522 τῇ
634 469 795 521 θεραπείᾳ
809 498 817 513 ,
833 467 956 503 δίκαιοι
977 463 1059 514 πρὸς
1080 460 1157 503 τοὺς
1171 459 1293 502 ἀστοὺς
1320 460 1368 510 τῷ

342 532 423 578 ἴσω,
438 531 585 572 εὐσεὸεῖς
605 528 639 566 δὲ
656 527 738 579 πρὸς
752 526 827 567 τοὺς
842 524 957 576 φίλους
972 524 1014 572 τῇ
1028 519 1157 558 πίστει.
1174 521 1366 568 Τοιγαροῦν

344 572 455 628 αὐτῶν
476 587 711 627 ἀποθανόντων
726 588 743 622 ὃ
762 584 861 625 πόθος
881 583 918 619 οὐ
933 577 1265 624 συναπέθανεν,ἀλλ’
1284 575 1367 613 ἀθά·

344 663 440 691 νατος
469 648 530 685 οὗκ
549 645 744 694 ἀσωμάτοις
768 642 905 691 σώμασι
925 637 940 661 ‘¹
961 640 1000 688 ζῇ
1027 638 1065 676 οὐ
1088 636 1234 681 ζώντων.
1258 653 1273 669 u
1297 636 1368 673 Σε-

346 707 432 757 μνὰς
448 704 514 758 γὰρ
534 707 677 742 ἐνταῦθα
706 699 928 752 συμφορήσας
953 697 1059 740 λέξεις
1075 699 1092 734 ὁ
1115 695 1265 747 Γοργίας
1279 726 1288 744 ,
1313 698 1367 734 ἐν-

345 766 436 809 νοίας
464 761 744 812 ἐπιπολαιοτέρας
770 756 1036 807 ὑπεξαγγέλλει,
1061 759 1132 797 τοῖς
1151 769 1189 791 τε
1210 753 1370 805 παρίσοις

346 824 403 862 καὶ
425 819 690 873 ὁμοιοτελεύτοις
721 817 780 855 καὶ
814 813 1122 865 ὁμοιοκατάρκτοις
1140 812 1370 856 καλλωπίζων

346 881 388 917 δι’
408 879 486 918 ὅλου
504 878 587 931 πρὸς
608 877 706 928 κόρον
727 875 782 913 τὸν
801 873 912 924 λόγον.

397 939 543 988 <Schol.
565 937 611 974 ad
632 936 807 982 llermog.
831 933 886 970 De
907 932 1019 971 form.
1043 939 1142 971 orat.
1167 930 1301 976 libros,
1323 944 1370 967 ex

350 997 501 1035 funebri
522 996 709 1033 oratione.
729 993 786 1030 Cf.
809 990 1006 1042 Spengelii
1025 989 1217 1040 Συναγωγὴ
1240 992 1370 1040 τεχνῶν

345 1064 383 1100 p.
406 1057 466 1089 8ο.
483 1048 627 1098 Scripsi
646 1059 729 1084 cum
748 1045 877 1082 Fossio
898 1057 906 1079 ε
926 1049 940 1066 ³
955 1042 1094 1094 παριὲν;
1109 1043 1228 1091 vulgo
1241 1043 1367 1093 παρόν.

344 1106 425 1136 —b
445 1108 598 1156 μάλιστα
628 1100 676 1143 ὧν
697 1105 762 1150 δεῖ,
780 1102 922 1154 γνώμην
954 1102 1013 1140 καὶ
1047 1100 1182 1154 ῥώμην,
1213 1098 1274 1145 τὴν
1308 1099 1369 1149 μὲν

345 1165 584 1217 βουλεύοντες;
603 1164 717 1212 vulgo
739 1163 891 1211 μάλιστα
916 1154 963 1197 ὧν
983 1159 1024 1206 δὴ
1044 1159 1202 1210 γνώμην,
1225 1158 1287 1204 τὴν
1307 1158 1369 1208 μὲν

345 1223 573 1275 βουλεύοντες.
596 1244 647 1250 -—
674 1221 883 1272 εάόργητοη
908 1218 1026 1266 vulgo
1058 1217 1222 1269 ἀόρτιτοι.
1254 1216 1372 1253 Caete-

344 1297 428 1321 rum
455 1303 507 1312 -—-
525 1280 542 1304 ‘¹
570 1282 630 1319 οὐκ
655 1278 852 1327 ἀσωμάτοις
881 1276 1021 1324 σώμασι
1047 1277 1074 1316 i.
1107 1289 1140 1314 e.
1164 1288 1370 1326 corporum

343 1356 418 1379 non
433 1342 753 1391 incorporeorum
770 1338 852 1375 sive
864 1334 1159 1386 aspectabilium
1177 1333 1371 1371 beneficio

342 1400 507 1448 Gorgias
545 1406 718 1435 mortuos
744 1396 880 1433 vivere
915 1394 1097 1439 affirmat,
1138 1405 1184 1430 eo
1217 1393 1373 1429 nomine

343 1458 539 1508 appellans
565 1457 772 1494 simulacra
791 1451 1038 1505 (ἀναθήματα)
1065 1460 1102 1488 et
1121 1451 1234 1499 signa
1263 1463 1285 1486 a
1307 1451 1372 1487 ci-

344 1516 458 1554 vibus
476 1518 523 1553 ad
548 1516 702 1553 illorum
724 1512 948 1550 memoriam
972 1509 1179 1548 aeternitati
1213 1522 1372 1559 aequan-

347 1575 432 1611 dam
453 1573 616 1625 posita.)

398 1645 429 1671 ις.
457 1625 563 1675 η’.Ηλις
578 1630 675 1673 πόλις
695 1628 879 1678 εὐδαίμων.

399 1689 647 1743 (Aristoteles
665 1689 772 1726 Rhet.
796 1686 862 1724 lib.
884 1687 939 1725 ΙΙΙ
955 1700 1035 1737 cap.
1058 1691 1100 1729 14
1119 1699 1206 1735 pag.
1231 1686 1329 1730 1415
1347 1685 1373 1723 b

344 1749 405 1786 ed.
430 1748 601 1786 Bekke1·.:
633 1746 761 1784 τούτων
792 1743 827 1782 δὲ
858 1744 957 1782 ἕνεκα
980 1743 1161 1795 προοιμίου
1189 1745 1322 1790 δεῖται,
1352 1743 1374 1790 ἢ

347 1805 476 1856 κόσμου
493 1807 595 1858 χάριν
607 1837 617 1853 ,
633 1807 678 1848 ὡς
693 1803 938 1841 αὖτοκάὸδαλα
958 1802 1128 1854 φαίνεται,
1148 1802 1206 1840 ἐὰν
1226 1803 1274 1852 μὴ
1292 1802 1371 1853 ἔχῃ.

346 1865 509 1902 Τοιοῦτον
529 1864 597 1915 γὰρ
617 1862 653 1900 τὸ
672 1864 816 1914 Γοργίου
837 1861 1006 1911 ἐγκώμιον
1028 1863 1074 1905 εἷς
1093 1860 1262 1904 Ἠλείους·
1279 1861 1376 1900 οὐδὲν

346 1922 413 1974 γὰρ
436 1921 733 1974 προεξαγκωνίσας
753 1921 827 1959 οὐδὲ
856 1920 1134 1972 προανακινήσας
1155 1919 1251 1962 εὐθὺς
1271 1919 1377 1971 ἄρχε-

347 1992 417 2018 ται·
440 1974 544 2023 ’Ἦλις
560 1982 661 2027 κτλ.)

398 2053 429 2080 7.
451 2039 690 2090 Ἀνεμίσγοντο
717 2037 752 2076 δὲ
778 2041 891 2082 λιταῖς
922 2038 1066 2076 ἀπειλαὶ
1091 2038 1150 2076 καὶ
1182 2039 1301 2090 εὐχαῖς
1327 2040 1375 2076 οἷ-

347 2098 474 2149 μωγαί.

396 2157 545 2208 (Schol.
567 2156 614 2194 ad
648 2156 760 2195 Hom.
787 2156 901 2194 Iliad.
925 2155 998 2194 lib.
1026 2157 1096 2202 IV,
1121 2155 1196 2199 450
1215 2169 1263 2193 ex
1292 2157 1374 2202 illa,

346 2223 387 2252 ut
408 2215 575 2262 videtur,
591 2214 746 2264 Gorgiae
766 2216 942 2253 oratione
961 2229 1037 2266 qua
1061 2215 1223 2253 Achillis
1245 2216 1377 2254 laudes

346 2273 542 2310 celebratae
561 2274 703 2321 erant.)

398 2344 426 2368 8.
471 2330 730 2382 Πτωχόμουσος
761 2330 1197 2383 κόλαξ-ἐπιορκήσαντας
1226 2331 1283 2369 καὶ
1316 2347 1376 2369 κα·

347 2389 633 2440 τευορκήσαντας.

400 2448 638 2496 (Aristoteles
659 2447 767 2485 Rhet.
788 2447 858 2495 ΙΙΙ,
880 2449 899 2484 3
917 2461 1006 2499 pag.
1031 2447 1128 2493 1405
1148 2448 1194 2485 ed
1214 2449 1371 2486 Bekker.

347 2504 389 2542 τὰ
408 2505 443 2542 δὲ
462 2504 579 2557 ψυχρὰ
594 2506 628 2542 ἐν
649 2505 810 2557 τέτταρσι
836 2505 990 2556 γίγνεται
1011 2505 1101 2543 κατὰ
1119 2505 1181 2553 τὴν
1211 2506 1318 2554 λέξιν,
1337 2505 1372 2543 ἔν

352 2696 422 2718 rum
433 2695 538 2718 rerum
555 2688 591 2718 ut
610 2687 718 2718 darent
734 2688 924 2728 testimonia,
939 2689 1023 2721 cives
1042 2691 1164 2730 tropaea
1177 2690 1217 2722 de
1232 2691 1380 2723 hostibus

353 2746 536 2786 posuerunt,
554 2753 625 2785 quae
641 2746 753 2786 partim
777 2747 868 2778 Jovis
885 2747 984 2787 signa,
999 2749 1114 2788 partim
1137 2749 1253 2781 horum
1277 2751 1378 2782 simu-

353 2803 438 2834 lacra
463 2805 588 2842 essent,
615 2812 678 2834 non
704 2808 847 2844 expertes
870 2804 915 2836 illi
938 2804 1066 2844 quidem
1099 2815 1201 2847 neque
1234 2808 1318 2840 insiti
1340 2808 1379 2839 ad

353 2860 468 2892 bellum
483 2860 604 2892 ardoris
615 2885 624 2900 ‚
642 2869 745 2901 neque
756 2861 967 2901 legitimorum
982 2872 1138 2903 amorum,
1156 2875 1260 2906 neque
1274 2867 1380 2907 proelii

354 2919 488 2956 atrocis,
511 2927 613 2958 neque
629 2919 714 2959 pacis
732 2920 819 2950 omni
832 2920 986 2960 elegantia
1004 2922 1121 2962 tinctae,
1143 2923 1198 2955 sed
1219 2925 1381 2959 venerabi·

355 2978 398 3008 les
413 2977 504 3016 justis
526 2977 701 3008 honoribus
725 2977 856 3009 deor-um
880 2979 1000 3010 numini
1016 2980 1143 3012 tributis
1157 3005 1165 3020 ,
1184 2982 1222 3020 pii
1245 2984 1382 3022 parenti·

356 3035 415 3066 bus
436 3043 562 3065 summa
594 3034 800 3066 observantia
833 3035 945 3076 cultis,
976 3037 1051 3077 justi
1076 3039 1107 3070 in
1141 3040 1227 3072 cives
1254 3050 1380 3083 semper

354 3092 432 3131 juris
449 3092 663 3132 oeqnnabilitate
681 3094 804 3125 servata
817 3117 825 3132 ‚
846 3094 984 3134 religiosi
1001 3094 1137 3136 denique
1157 3097 1189 3128 in
1212 3099 1325 3131 amicis
1341 3100 1378 3131 fi-

356 3148 418 3182 deli
437 3158 542 3181 amore
562 3150 797 3190 prosequendis.
853 3152 1068 3188 Quamobrem
1086 3154 1383 3189 defunctorumde-

357 3208 507 3240 siderium
533 3217 570 3240 ac
586 3218 700 3241 nomen
724 3218 926 3250 nequaquam
945 3211 1039 3242 simul
1054 3221 1127 3244 cum
1147 3213 1225 3253 ipsis
1245 3215 1384 3247 deletum

357 3269 417 3304 est,
435 3266 489 3297 sed
517 3275 686 3307 corporum
713 3267 955 3308 aspectabilium
982 3269 1132 3301 beneficio
1158 3273 1228 3311 post
1252 3277 1384 3305 mortem

358 3324 583 3356 immortalitati
600 3325 855 3357 commendatum
872 3326 969 3365 viget.
990 3339 1005 3354 υ
1050 3330 1204 3365 Quamvis
1233 3331 1315 3362 euim
1337 3331 1386 3363 liic

360 3381 523 3420 magnifica
545 3383 643 3413 verba
671 3384 866 3424 congesserit
901 3385 1050 3424 Gorgias,
1082 3387 1253 3419 sententias
1280 3391 1386 3421 tamen

361 3437 466 3470 futiles
492 3440 653 3480 enuntiat,
684 3451 747 3481 qua
783 3442 936 3474 membris
958 3444 1137 3484 aequalibus
1163 3455 1224 3485 qua
1257 3447 1388 3480 vocibus

1480 473 1510 498 ο.
1533 458 1662 510 Χλωρὰ
1686 458 1747 495 καὶ
1770 455 1907 504 ἄναιμα
1932 453 1976 490 τὰ
1996 451 2204 503 πράγματα·
2234 452 2277 491 σὺ
2297 452 2333 491 δὲ
2352 454 2466 490 ταῦτα

1430 519 1583 569 αἰσχρῶς
1612 515 1674 566 μὲν
1692 515 1871 565 ἔσπειρας,
1889 514 2004 555 κακῶς
2024 510 2060 549 δὲ
2083 510 2249 564 ἐθέρισας.
2293 509 2294 512 “

1485 578 1498 626 (
1523 573 1744 613 Aiistoteles
1754 573 1862 612 Rhet.
1871 571 1942 619 ΙΙΙ,
1962 573 2091 621 3‚pag.
2108 571 2206 616 1406
2215 570 2277 609 ed.
2290 570 2465 610 Bekkem

1431 635 1488 673 καὶ
1499 634 1548 672 ἔτι
1558 633 1719 684 τέταρτον
1733 631 1774 670 τὸ
1789 629 1924 683 ψυχρὸν
1941 630 1975 667 ἐν
1986 631 2062 672 ταῖς
2074 630 2285 681 μεταφοραῖς
2294 628 2464 681 γίγνεται·

1436 693 1501 731 εἰσὶ
1511 691 1644 743 γὰρκαὶ
1661 689 1853 741 μεταφοραὶ
1874 690 2053 740 ἀπρεπεῖς,
2071 689 2107 725 αἰ
2121 686 2183 737 μὲν
2194 686 2252 726 διὰ
2271 686 2311 725 τὸ
2329 687 2464 738 γελοῖον

1431 752 1602 803 (χρῶνται
1625 748 1691 800 γὰρ
1709 746 1766 785 καὶ
1793 747 1824 784 οἱ
1846 744 2088 799 κωμῳδοποιοὶ
2110 742 2360 797 μεταφοραῖς),
2376 745 2413 783 αἱ
2428 742 2466 782 δὲ

1431 810 1487 846 διὰ
1507 809 1545 846 τὸ
1560 806 1683 857 σεμνὸν
1698 806 1786 857 ἄγαν
1807 805 1867 843 καὶ
1884 804 2060 857 τραγικόν·
2076 804 2219 857 ἀσαφεῖς
2238 802 2296 850 δέ,
2316 802 2358 841 ἄν
2383 802 2470 856 πόρ-

1434 870 1555 907 ὁωθεν·
1577 860 1645 904 οἷον
1666 864 1813 917 Γοργίας
1830 882 1845 897 «
1869 862 1990 915 χλωρὰ
2007 862 2067 901 καὶ
2089 863 2221 911 ἄναιμα
2241 864 2317 901 κτλ.
2332 880 2348 895 ι·
2362 875 2467 909 ποιη-

1430 928 1531 968 τικῶς
1540 924 1606 975 γὰρ
1619 923 1720 975 ἄγαν.
1734 923 1921 960 Similiter
1929 922 2039 960 Plato
2051 922 2203 961 Phaedr.
2215 935 2255 974 p.
2269 918 2470 970 αόοξποῖόν

1430 1000 1506 1022 τινα
1523 986 1585 1021 οἴει
1605 981 1694 1034 μετὰ
1709 985 1820 1020 ταῦτα
1835 980 1897 1028 τὴν
1918 980 2101 1034 ῥητορικὴν
2122 981 2273 1034 καρπόν,
2289 973 2337 1018 ὧν
2355 977 2474 1018 ἔσπει-

1433 1059 1490 1095 ρε,
1507 1043 1669 1094 θερίζειν;
1689 1041 1736 1079 ad
1756 1054 1871 1092 quem
1892 1040 2018 1078 locum
2040 1040 2120 1078 haec
2142 1040 2307 1078 refertur
2329 1038 2470 1076 veteris

1437 1101 1661 1152 interpretis
1688 1099 1886 1139 annotatio
1905 1113 1914 1135 z
1941 1098 2074 1158 καρτὶὸν
2095 1098 2132 1136 ὃν
2160 1096 2322 1148 ἔσπειρας
2340 1097 2471 1148 θέριζε,

1436 1160 1493 1197 ἐπὶ
1513 1161 1580 1197 τῶν
1599 1161 1745 1196 τοιαῦτα
1766 1157 1994 1209 πασχόντων,
2010 1159 2065 1194 οἱα
2086 1156 2253 1209 ἔδρασαν.
2284 1157 2471 1207 Παρῆκται

1438 1218 1473 1257 δὲ
1497 1218 1567 1257 ἀπὸ
1592 1221 1652 1256 τοῦ
1675 1217 1811 1269 στίχου·
1832 1218 1877 1255 Εἰ
1910 1217 1946 1255 δὲ
1966 1215 2060 1255 κακὰ
2092 1215 2271 1267 σπείραις,
2301 1215 2393 1253 κακά
2412 1229 2473 1254 κεν

1436 1278 1610 1328 ἀμήσαιο,
1628 1277 1687 1315 καὶ
1703 1277 1822 1314 πάλιν·
1837 1274 1907 1319 *Oc
1923 1275 1958 1314 δὲ
1975 1274 2069 1313 κακὰ
2092 1273 2246 1326 σπείρει,
2261 1275 2368 1327 θεριεῒ
2380 1273 2473 1313 κακὰ

1436 1337 1545 1383 κήδεα
1565 1336 1699 1374 παισίν.
1719 1335 1977 1381 Quamobrem
2002 1334 2176 1372 Hei-mins
2197 1334 2241 1371 in
2260 1334 2469 1373 Common-

1437 1396 1536 1433 tario
1556 1409 1592 1446 p.
1620 1396 1691 1432 182
1714 1395 1773 1434 ed.
1797 1397 1879 1434 Ast.
1902 1395 1954 1432 ait
1973 1408 1983 1430 ε
2005 1393 2065 1431 καὶ
2079 1397 2179 1432 τοῦτο
2193 1392 2228 1431 δὲ
2251 1392 2320 1431 ἀπὸ
2343 1407 2472 1446 παροι-

1438 1455 1520 1505 μίας
1545 1454 1702 1505 εἴρηται,
1729 1452 1781 1491 ὅτι
1800 1456 1818 1491 ὁ
1837 1453 1930 1491 κακὰ
1948 1451 2100 1505 σπείρων
2116 1451 2211 1491 κακὰ
2227 1450 2391 1504 θερίζει.)

1491 1527 1537 1553 10.
1565 1513 1635 1552 Ἢν
1658 1512 1693 1550 δὲ
1713 1515 1798 1563 ἡμῖν
1829 1515 1860 1551 οἳ
1888 1513 2011 1555 παῖδες
2045 1517 2185 1564 μικραῖς
2215 1510 2326 1557 κύλιξι
2354 1512 2471 1551 πυκνᾶ

1437 1573 1704 1625 ἐπιψεκάζωσιν,
1720 1570 1776 1609 ἵνα
1795 1570 1855 1609 καὶ
1869 1569 1937 1621 ἐγὼ
1954 1570 2141 1624 Γοργιείοις
2163 1570 2315 1624 ῥήμασιν
2329 1570 2473 1610 εἶπω....

1493 1630 1728 1680 (Xenophon
1747 1629 1914 1667 Conviv.
1935 1642 2020 1680 cap.
2040 1628 2092 1675 ll,
2116 1629 2179 1667 26.
2211 1629 2323 1667 Conf.
2352 1628 2473 1667 Athe-

1438 1703 1543 1727 naeus
1563 1689 1634 1728 lib.
1650 1689 1704 1728 xl
1724 1704 1762 1740 p.
1782 1690 1855 1733 504
1875 1698 1913 1726 et
1931 1688 2107 1727 Stobaeus
2123 1687 2255 1725 Floril.
2272 1686 2383 1738 XIX,
2409 1689 2470 1728 18.

1438 1748 1579 1786 Eodem
1603 1748 1680 1786 fere
1702 1748 1817 1786 modo
1836 1748 1938 1786 dixit
1953 1748 2066 1785 etiam
2088 1747 2281 1785 Lucianus
2295 1746 2353 1785 De
2371 1760 2470 1785 mer-

1438 1807 1530 1845 cede
1551 1807 1666 1845 cond.
1689 1820 1776 1857 cap.
1800 1822 1847 1855 27
1871 1821 1879 1844 :
1903 1807 1998 1858 αἰτιᾷ
2018 1804 2081 1852 τὴν
2110 1805 2245 1857 τύχην,
2276 1805 2348 1844 οὐδ’
2371 1804 2472 1857 ὀλίγα

1439 1880 1492 1903 σοι
1509 1867 1576 1903 τῶν
1590 1864 1742 1917 χαρίτων
1761 1866 2038 1917 ἐπιψεκάσασαν.
2056 1865 2332 1915 Xenophontis
2347 1873 2473 1904 autem

1438 1924 1566 1961 locum
1596 1924 1786 1973 spectavit
1805 1924 1943 1962 Cicero
1974 1924 2055 1963 Cat.
2082 1923 2172 1973 maj.
2204 1936 2290 1974 cap.
2326 1929 2389 1972 14,
2419 1924 2475 1963 it’a

1392 1990 1394 1992 '
1438 1982 1640 2020 scribens:
1669 2000 1684 2015 (ι
1718 1982 1778 2019 Me
1804 1996 1899 2020 vero
1926 1991 1966 2020 et
1985 1982 2208 2031 magisteria
2232 1981 2422 2020 delectant
2451 1995 2474 2020 a

1442 2041 1656 2092 majoribus
1677 2042 1866 2086 instituta,
1888 2050 1925 2078 et
1940 2041 1975 2079 is
1995 2054 2123 2078 sermo
2143 2040 2211 2090 qui
2231 2053 2341 2078 more
2357 2039 2477 2091 majo-

1439 2113 1525 2136 rum
1546 2113 1568 2136 a
1585 2113 1736 2137 summo
1764 2099 1968 2137 adhibetur
1990 2099 2031 2137 in
2056 2099 2228 2150 poculis,
2256 2107 2295 2136 et
2315 2099 2471 2150 pocula,

1438 2158 1537 2195 sicut
1567 2159 1608 2195 in
1639 2158 1841 2209 symposio
1860 2157 2150 2208 Xenophontis,
2181 2161 2324 2194 minuta
2357 2165 2473 2207 atque

1438 2222 1606 2253 roranticz
1631 2218 1689 2267 ».)

1493 2287 1538 2313 11.
1572 2274 1759 2327 (Γοργίαν)
1792 2273 1829 2311 ὅν
1863 2289 1964 2327 φασιν
2003 2272 2223 2326 ἐρωτηθέντα
2248 2272 2312 2320 τὴν
2357 2272 2470 2312 αἰτίαν

1439 2335 1499 2369 τοῦ
1516 2336 1652 2384 μακροῦ
1669 2331 1783 2384 γήρως
1798 2331 1858 2370 καὶ
1882 2334 2031 2384 ὑγιεινοῦ
2048 2334 2083 2370 ἐν
2109 2332 2238 2375 πάσαις
2258 2331 2335 2376 ταῖς
2356 2331 2475 2379 αἰσθή-

1441 2406 1535 2428 σεσιν
1553 2383 1672 2438 εἰπεῖν,
1695 2391 1752 2428 διὰ
1771 2390 1811 2428 τὸ
1825 2390 1922 2429 οὐδὲν
1943 2390 2115 2441 μηδέποτε
2141 2393 2476 2444 συμπεριενεχθῆναι

1439 2456 1514 2492 ταῖς
1535 2450 1649 2487 ἄλλων
1669 2449 1843 2500 εὐωχίαις.

1495 2507 1709 2558 (Lucianus
1736 2507 1921 2558 Longaev.
1950 2521 2034 2559 cap.
2059 2509 2124 2547 23.
2148 2508 2274 2546 Aliter
2296 2507 2475 2547 Valerius

1443 2691 1580 2724 similem
1602 2693 1726 2725 exitum
1750 2692 1801 2724 vel
1818 2692 1925 2724 simile
1939 2692 2068 2724 initium
2084 2691 2278 2724 habentibus
2292 2691 2334 2724 ad
2351 2692 2481 2724 saucta-

1442 2750 1507 2782 tem
1529 2749 1659 2781 0mnino
1679 2750 1855 2782 orationem
1876 2750 2073 2791 distinguens
2085 2751 2181 2792 atque
2197 2750 2374 2783 illustrans.

1484 2813 1516 2840 6.
1540 2808 1607 2841 Elis
1623 2808 1735 2840 civitas
1757 2808 1859 2842 beata.

1485 2870 1515 2899 7.
1539 2867 1806 2901 Admiscebantur
1819 2871 1927 2901 autem
1943 2868 2230 2910 supplicationibus
2242 2868 2340 2901 minae
2354 2868 2388 2901 et
2403 2876 2476 2910 pre·

1443 2926 1534 2958 cibus
1550 2926 1696 2967 ejulatus.

1488 2991 1518 3018 8.
1535 2986 1692 3019 Indoctus
1710 2986 1855 3019 adulator
1872 3003 1915 3010 —
1930 2985 2109 3027 pejerantes
2124 2987 2156 3018 et
2175 2995 2250 3018 vere
2266 2985 2425 3027 jurantes.

1486 3049 1519 3076 9.
1546 3047 1610 3078 Res
1631 3045 1762 3086 pallidas
1782 3048 1815 3077 et
1837 3052 2032 3085 exsanguem
2050 3048 2083 3076 tu
2103 3053 2178 3077 vero
2194 3047 2232 3077 ut
2247 3047 2373 3086 turpem
2397 3043 2482 3076 banc

1445 3106 1619 3142 sementem
1640 3103 1758 3143 fecisti,
1775 3103 1819 3135 ita
1837 3103 1920 3135 male
1936 3103 2106 3134 messuisti.

1490 3164 1537 3192 10.
1563 3162 1603 3193 At
1622 3162 1648 3193 si
1675 3162 1761 3202 pueri
1782 3161 1911 3194 minutis
1933 3161 2056 3202 poculis
2075 3161 2187 3193 crebro
2213 3161 2307 3193 nobis
2329 3161 2480 3203 guttatim

1446 3219 1534 3258 quasi
1554 3221 1697 3252 rorantes
1714 3219 1881 3252 infundant
1891 3244 1901 3260 ,
1911 3221 1954 3257 ut
1967 3221 2001 3251 et
2013 3219 2079 3260 ipse
2099 3219 2226 3259 Gorgiae
2241 3217 2344 3250 verbis
2355 3219 2480 3251 utar...-

1491 3281 1539 3309 11.
1564 3279 1657 3310 Hunc
1683 3280 1910 3319 interrogatum
1940 3286 2068 3310 causam
2090 3281 2156 3310 tam
2183 3277 2286 3318 longae
2310 3276 2484 3310 senectutis

1448 3339 1478 3366 et
1520 3344 1672 3368 sensuum
1703 3337 1848 3368 omnium
1878 3337 2058 3377 integritate
2089 3335 2350 3368 commendabitis
2391 3338 2483 3374 alunt

1450 3394 1669 3434 respondisse,
1694 3394 1779 3435 quod
1805 3404 1967 3436 nunquam
1989 3395 2123 3428 aliorum
2146 3394 2303 3427 conviviis
2318 3393 2482 3427 interfuis-

1449 3452 1507 3484 set.
