2606 3828
378 242 453 277 332

372 326 511 365 tonino
524 325 573 378 (8)
582 326 846 378 asperioribus
860 326 1006 363 facetiis
1014 326 1147 364 Crates
1159 327 1389 378 perstrinxit
1401 340 1411 368 ε

370 387 424 425 ita
444 387 679 425 Demetrium
708 387 933 424 phalereum
946 415 956 432 ,
980 385 1126 424 Thebis
1146 386 1383 426 exsulantem
1399 416 1410 435 ,

369 445 587 484 consolatus
607 453 664 482 est
688 446 754 495 (9).
788 444 1040 494 conspicatus
1074 444 1285 495 aliquando
1317 445 1414 483 ado-

368 497 620 536 lescentulum
648 506 795 535 secreto
825 496 1109 545 ambulantem,
1141 499 1410 548 interrogavit,

367 557 462 607 quid
481 556 560 594 illic
580 557 685 594 solus
707 556 858 595 faceret.
892 558 1054 600 Mecum,
1082 556 1235 607 inquit,
1272 559 1409 607 loquor.

365 614 436 652 Cui
458 614 590 652 Crates
613 628 621 651 t
647 616 759 659 Cave,
780 614 926 665 inquit,
947 628 1057 663 rogo,
1078 624 1117 652 et
1127 617 1331 665 diligenter
1344 626 1411 655 at-

365 675 483 718 tende,
503 687 549 710 ne
565 687 646 710 cum
664 674 812 710 homine
826 675 927 710 malo
943 676 1108 723 loquaris
1125 674 1220 726 (ιο).

418 731 606 769 Caeterum
629 740 734 769 tanto
759 732 799 769 in
820 731 968 770 honore
997 733 1100 784 apud
1116 733 1320 774 Thebanos
1338 735 1410 774 fuit

363 789 551 840 CynicuS‚
570 798 612 827 ut
629 790 740 839 virgo
762 789 906 828 nobilis
925 790 1166 842 Hipparchia
1186 790 1219 845 (1
1232 792 1279 845 1),
1301 806 1406 845 spre-

361 847 411 886 tis
422 847 647 898 junioribus
664 856 701 885 et
717 848 927 887 ditioribus
946 850 1094 901 procis,
1112 851 1215 888 ultro
1231 864 1317 890 eum
1331 852 1408 892 sibi

361 914 522 957 optaret.
541 907 748 958 Quumque
765 907 1073 959 interscapilium
1094 908 1226 948 Crates
1246 911 1408 949 retexis-

359 973 429 1010 set,
448 964 551 1014 quod
571 973 653 1002 erat
672 974 785 1003 aucto
805 964 982 1014 gibbere,
1000 980 1213 1019 pei-amque
1232 982 1318 1006 cum
1339 968 1407 1007 ba·-

358 1022 445 1059 culo
464 1030 501 1059 et
522 1023 683 1074 pallium
706 1023 814 1062 humi
850 1026 1069 1075 posuisset,
1091 1039 1254 1078 eamque
1274 1029 1404 1079 supel-

316 1089 324 1097 ⁰
357 1081 521 1119 lectilem
543 1082 621 1120 sibi
643 1095 726 1121 esse
756 1084 896 1135 puellae
924 1084 1188 1137 profiteretur,
1216 1086 1404 1138 illamque

357 1141 518 1180 formam
541 1155 656 1195 quam
679 1143 855 1192 viderat,
871 1144 1040 1195 proinde
1059 1145 1195 1184 sedulo
1212 1147 1289 1186 sibi
1314 1162 1406 1186 con-

355 1202 511 1248 suleret,
536 1216 585 1241 ne
603 1212 691 1254 post
707 1204 874 1254 querelae
889 1205 993 1244 ullus
1009 1206 1118 1244 locus
1137 1206 1234 1246 foret
1258 1223 1266 1245 :
1288 1209 1407 1247 enim·

354 1274 450 1299 vero
472 1262 711 1314 Hipparchia
732 1258 997 1302 conditionem
1030 1266 1191 1317 accepit.
1215 1266 1300 1305 Jam
1332 1268 1406 1307 du-

352 1320 445 1358 dum
460 1322 565 1359 enim
591 1321 668 1360 sibi
685 1322 888 1373 provisum
913 1324 1006 1362 satis
1023 1333 1061 1362 et
1077 1327 1167 1363 satis
1184 1327 1403 1366 consultum

352 1380 575 1431 respondit,
626 1394 751 1432 neque
792 1381 977 1420 ditiorem
1021 1383 1202 1422 maritum
1219 1414 1230 1432 ‚
1279 1399 1405 1438 neque

353 1439 619 1478 formosiorem
655 1453 818 1491 usquam
850 1441 1022 1489 gentium
1057 1455 1170 1493 posse
1201 1443 1401 1494 invenire,

351 1498 520 1550 proinde
539 1498 712 1547 duceret,
734 1512 814 1549 quo
843 1499 998 1539 liberet.
1031 1500 1101 1538 His
1135 1503 1303 1553 peractis
1332 1518 1403 1542 nu-

350 1558 444 1609 ptiae
462 1558 505 1596 in
526 1559 680 1610 porticu
700 1558 943 1605 Atheniensi,
963 1572 1049 1609 quae
1065 1561 1206 1610 poecile
1221 1571 1400 1610 vocatur,

352 1617 460 1655 factae
479 1626 568 1655 sunt
581 1615 673 1668 (12).
701 1616 808 1654 Adeo
830 1625 954 1654 autem
970 1617 1177 1668 impudens
1193 1628 1231 1657 et
1246 1619 1404 1671 impura

352 1675 426 1714 suit
443 1676 749 1727 Hipparchia‚ut
761 1676 802 1713 in
820 1676 981 1727 publico
998 1691 1086 1715 cum
1100 1678 1252 1717 Cratete
1263 1682 1400 1722 coiret.

350 1734 485 1773 Exstat
501 1735 541 1772 in
554 1748 636 1773 eam
649 1735 722 1772 hoc
737 1735 930 1787 Antipatri
951 1737 1190 1788 epigramma
1224 1739 1398 1792 (Anthol.

350 1793 430 1841 Vll,
453 1795 538 1844 413)
559 1808 568 1831 ε

349 1905 472 1942 ἐνδόξου
491 1907 544 1938 καὶ
559 1908 703 1947 δυνατοῦ,
721 1907 760 1938 τὰ
778 1907 844 1948 μέν,
859 1908 905 1944 οἶς
926 1909 1003 1950 ὑπὲρ
1021 1912 1084 1940 τῶν
1103 1908 1272 1947 Ἀθηναίων
1288 1910 1400 1950 ἐδεῖτο,

348 1954 483 1991 πεισθείς
494 1979 502 1994 ,
514 1955 553 1986 τὰ
571 1954 597 1987 δ’
613 1956 642 1992 ἐξ
661 1956 704 1987 ὧν
719 1955 861 1987 ἐδίδασκε
873 1957 942 1998 περὶ
958 1959 1020 1988 τῶν
1034 1957 1143 1997 ἐκείνῳ
1157 1959 1377 2000 συμφερόντων
1388 1985 1397 2001 ,

347 2000 482 2039 νοήσας,
514 2002 603 2034 ἔλυσε
621 2003 676 2040 τὴν
698 2003 898 2043 πολιορκίαν,
919 2005 971 2035 καὶ
998 2006 1186 2045 συναγαγών
1199 2029 1208 2044 ,
1238 2006 1311 2038 ὅσαι
1331 2011 1400 2045 νῆες

347 2047 447 2088 αὐτῷ,
464 2049 518 2080 καὶ
533 2049 722 2090 στρατιώτας
742 2049 867 2092 μυρίους
879 2052 933 2082 καὶ
950 2051 1068 2092 χιλίους
1085 2052 1142 2083 σὺν
1156 2054 1302 2086 ἱππεῦσιν
1317 2055 1400 2094 eis-62-

347 2093 447 2131 60'teroec
459 2119 468 2134 ‚
486 2096 537 2127 ἐπὶ
553 2097 607 2133 τήν
626 2097 730 2130 Ἀσίαν
746 2098 851 2138 ἔπλει,
865 2098 1058 2140 Λυσιμάχου
1075 2099 1196 2140 Καρίαν
1215 2101 1268 2132 καὶ
1282 2101 1399 2133 Λυδίαν

348 2142 550 2181 ἀποστήσων.
571 2160 611 2166 -
625 2145 669 2184 (8)
687 2147 730 2176 Μ.
749 2145 931 2177 Antoninus
944 2147 1001 2184 VI,
1021 2149 1067 2178 13.
1087 2164 1124 2171 —
1139 2147 1183 2187 (9)
1209 2147 1400 2182 Plutarchus

347 2190 394 2220 De
407 2188 581 2221 adulatoris
595 2192 627 2222 et
642 2191 735 2223 amici
749 2191 893 2224 discrim.
912 2201 982 2232 cap.
994 2196 1034 2225 42
1053 2202 1062 2225 :
1079 2194 1199 2231 λέγεται
1213 2195 1246 2226 δὲ
1263 2196 1315 2227 καὶ
1335 2199 1400 2234 Δη-

347 2237 471 2277 μήτριος
485 2238 502 2268 ὁ
518 2238 691 2280 Φαληρεύς,
703 2239 755 2271 ὅτε
767 2243 820 2277 τῆς
833 2240 979 2280 πατρίδος
989 2242 1127 2280 ἐξέπεσε,
1145 2243 1197 2273 καὶ
1211 2244 1279 2284 περὶ
1292 2244 1398 2283 Θήὸας

345 2283 462 2320 ἀδοξῶν
483 2285 535 2315 καὶ
559 2286 689 2317 ταπεινὰ
709 2286 852 2327 πράττων
867 2287 983 2327 διῆγεν,
1010 2288 1068 2328 οὐχ
1087 2289 1184 2326 ἡδέως
1207 2289 1284 2321 ἰδεῖν
1299 2302 1397 2331 προσ-

350 2329 435 2361 ιόντα
451 2331 598 2372 Κράτητα
610 2355 619 2371 ,
634 2330 813 2373 παῤῥησίαν
836 2334 965 2372 κυνικὴν
979 2334 1032 2365 καὶ
1047 2334 1155 2374 λόγους
1165 2339 1288 2377 τραχεῖς
1301 2348 1397 2378 προσ-

344 2376 520 2417 δεχόμενος.
543 2378 742 2419 Ἐντυχόντος
765 2379 797 2410 δὲ
818 2379 923 2420 πράως
949 2381 1035 2422 αὐτῷ
1059 2384 1115 2413 τοῦ
1146 2383 1322 2423 Κράτητος,
1342 2386 1396 2416 καὶ

344 2424 553 2465 διαλεχθέντος
568 2426 637 2464 περὶ
654 2429 765 2466 φυγῆς,
782 2427 823 2463 ὡς
841 2427 928 2458 οὐδὲν
943 2426 1010 2467 ἔχοι
1029 2428 1139 2467 κακόν,
1163 2430 1229 2461 οὐδ’
1243 2430 1327 2466 ἄξιον
1341 2432 1394 2471 φέ-

344 2480 405 2512 ρειν
419 2471 550 2512 βαρέως,
566 2473 757 2513 πραγμάτων
775 2474 934 2515 σφαλερῶν
953 2475 1007 2506 καὶ
1022 2475 1179 2508 ἀὸεῧαίων
1192 2476 1395 2519 ἀπηλλαγμέ-

343 2530 406 2558 νος,
421 2518 486 2558 ἅμα
502 2519 534 2550 δὲ
546 2518 668 2560 Οαῤῥεῖν
685 2520 730 2560 ἐφ’
746 2521 847 2561 ἑαυτῷ
861 2521 914 2552 καὶ
930 2524 968 2560 τῇ
979 2521 1114 2554 διαθέσει
1129 2525 1394 2566 παρακαλοῦντος,

344 2566 439 2603 ἡδίων
461 2565 621 2606 γενόμενος
646 2567 699 2597 καὶ
730 2567 967 2608 ἀναθαρσήσας,
989 2569 1063 2609 πρὸς
1085 2569 1158 2606 τοὺς
1185 2570 1288 2610 φίλους
1313 2572 1391 2605 εἷπε·

345 2614 411 2644 Φεῦ
426 2615 488 2643 τῶν
500 2613 637 2654 πράξεων
652 2613 776 2644 ἐκείνων
796 2615 850 2645 καὶ
867 2615 1026 2652 ἀσχολιῶν
1040 2640 1049 2654 ,
1070 2616 1111 2647 δι’
1127 2619 1163 2654 ἅς
1178 2617 1273 2659 ἄνδρα
1287 2623 1390 2651 τοιοῦ-

344 2671 396 2691 τον
415 2660 473 2690 οὐκ
491 2659 689 2699 ἔγνωμεν.-
701 2659 766 2700 (10)
785 2662 904 2692 Seneca
920 2662 1020 2702 Epist.
1036 2663 1076 2695 X.
1090 2680 1132 2686 —-
1145 2664 1211 2704 (11)
1238 2665 1394 2705 Diogenes

346 2705 490 2736 Laertius
498 2707 555 2746 VI,
570 2709 608 2737 96
621 2715 629 2734 τ
646 2707 777 2747 ἐθηράθη
792 2707 824 2739 δὲ
831 2710 895 2744 τοῖς
909 2708 1011 2748 λόγοις
1024 2711 1076 2741 καὶ
1093 2712 1113 2748 ἡ
1130 2711 1242 2752 ἀδελφὴ
1255 2716 1309 2744 τοῦ
1325 2715 1390 2752 Μη-

345 2752 527 2792 τροκλέους,
546 2753 730 2794 Ἱππαρχία.
754 2755 952 2795 Μαρωνεῖται
978 2755 1004 2787 δ’
1023 2755 1104 2795 ἦσαν
1127 2758 1304 2799 ἀμφότεροι.
1327 2762 1390 2793 Καὶ

277 2814 285 2822 -
344 2798 405 2839 ἤρα
422 2801 477 2829 τοῦ
491 2798 647 2839 Κράτητος
661 2800 714 2831 καὶ
732 2803 794 2832 τῶν
817 2801 918 2841 λόγων
936 2804 988 2833 καὶ
1000 2806 1057 2834 τοῦ
1080 2804 1169 2844 βίου,
1191 2806 1313 2843 οὐδενὸς
1327 2811 1389 2839 τῶν

346 2846 600 2886 μνηστευομένων
618 2847 858 2888 ἐπιστρεφομένη
871 2872 879 2887 ,
909 2848 945 2880 οὐ
965 2850 1100 2883 πλούτου
1111 2875 1120 2891 ,
1145 2852 1204 2884 οὐκ
1216 2854 1387 2896 εὐγενείας,

346 2892 382 2923 οὐ
395 2891 533 2928 κάλλους·
557 2892 634 2923 ἀλλὰ
649 2892 751 2925 πάντα
769 2894 807 2934 ἦν
829 2894 951 2936 Κράτης
964 2897 1053 2935 αὐτῇ.
1069 2899 1129 2929 Καὶ
1148 2899 1186 2930 δὴ
1200 2901 1250 2931 καὶ
1267 2901 1387 2938 ἠπείλει

1179 237 1248 277 DE
1277 238 1510 279 CRATETE
1539 240 1742 281 CYNICO.

1528 328 1623 382 Οὐχὶ
1645 329 1852 383 βαθυζώνων
1874 329 2071 384 Ἱππαρχία
2091 331 2176 385 ἔργα
2198 334 2388 385 γυναικῶν,

1579 390 1647 428 τῶν
1670 387 1705 428 δὲ
1718 391 1830 429 κυνῶν
1847 390 1975 439 ἑλόμαν
1995 391 2175 443 ῥωμαλέον
2193 391 2320 445 βίοτον.

1527 448 1621 487 Οὗδέ
1641 464 1700 499 μοι
1721 448 1922 501 ἀμπεχόναι
1940 449 2187 502 περονήτιδες,
2210 453 2248 490 οὗ
2273 451 2498 505 βαθύπελμος

1581 507 1745 560 εὖμαρίς,
1767 509 1806 546 οὐ
1823 508 1956 548 λιπόων
1979 507 2081 548 εὔαδε
2102 509 2336 564 κεκρύφαλος,

1527 566 1649 611 Θυλὰς
1665 567 1701 606 δὲ
1722 567 1872 607 σκίπωνι
1889 568 2122 622 συνέμπορος,
2144 569 2167 608 ἅ
2183 585 2220 609 τε
2240 571 2391 624 συνῳδὸς

1579 626 1724 676 δίπλαξ,
1747 627 1808 667 καὶ
1826 629 1946 673 κοίτας
1963 631 2085 682 βλῆμα
2108 629 2361 683 χαμαιλεχέος.

1524 681 1639 737 Ἄμμι
1656 686 1692 726 δὲ
1714 688 1916 732 Μαιναλίας
1935 688 2092 741 κρέσσων
2115 689 2187 740 βίος
2206 683 2249 736 ἦν
2269 688 2500 739 Ἂταλᾶντας,

1578 745 1703 786 τόσσον
1717 745 1797 785 ὅσον
1818 747 1922 801 σοφία
1938 747 2084 802 κρέσσον
2102 748 2333 803 ὀρειδρομίας.

1471 843 1601 882 Edidit
1621 844 1861 896 Hipparchia
1872 876 1883 896 ,
1899 847 1933 885 si
1949 840 2043 886 fides
2062 848 2188 886 Suidae
2205 848 2300 901 (13),
2317 848 2524 903 φιλοσόφους

1470 902 1650 947 ὑποθέσεις
1664 903 1723 942 καί
1742 919 1820 942 τινα
1850 906 2114 959 ἐπιχειρήματα
2139 906 2202 946 καὶ
2231 907 2417 961 προτάσεις
2438 908 2524 962 πρὸς

1469 962 1653 1015 Θεόδωρον
1680 963 1795 1003 ἄθεον.
1818 964 1901 1017 Ipsi
1924 966 2068 1005 Crateti
2105 966 2333 1006 tribuuntur
2348 968 2524 1020 epistolae

1468 1021 1751 1074 philosophicae
1773 1024 1853 1075 (14)
1882 1025 2141 1064 mundissimo
2165 1026 2355 1065 orationis
2382 1040 2523 1077 genere

1471 1082 1650 1132 scriptae,
1671 1091 1715 1120 ut
1742 1092 1904 1135 propter
1929 1084 2116 1123 dictionis
2145 1086 2409 1137 praestantiam
2434 1100 2521 1126 cum

1468 1139 1670 1179 Platonica
1685 1141 1903 1183 subtilitate
1924 1153 2263 1195 componerentur.
2285 1144 2395 1182 Adde
2414 1145 2521 1184 ludi-
2567 1192 2578 1203 .

1466 1200 1574 1250 cra(1
1585 1200 1625 1250 5)
1637 1199 1825 1252 (παίγνια),
1843 1201 2129 1253 ephemeridem
2146 1203 2244 1255 (16),
2260 1202 2426 1254 hymnos
2442 1203 2520 1256 (17)

1468 1258 1621 1310 aliaque
1649 1262 1841 1308 carmina,
1863 1260 2033 1312 denique
2049 1261 2258 1313 tragoedias
2282 1261 2360 1314 (18)
2382 1261 2521 1301 verbo-

1467 1331 1554 1356 rum
1581 1318 1800 1368 granditate
1815 1347 1827 1367 ,
1849 1333 1937 1371 quae
1963 1320 2244 1373 philosophum
2272 1320 2403 1371 decet,
2424 1321 2521 1362 insi·

1466 1390 1574 1426 gaes.
1607 1377 1857 1432 Quaecunque
1885 1387 2011 1417 autem
2029 1393 2079 1419 ex
2101 1380 2188 1432 ejus
2217 1379 2458 1420 carminibus
2484 1389 2522 1420 et

1465 1436 1581 1475 libris
1615 1437 1788 1489 pedestri
1814 1451 1994 1476 sermone
2014 1439 2203 1478 consectis
2231 1451 2432 1491 superesse
2449 1453 2520 1480 vo-

1465 1496 1539 1534 luit
1571 1496 1728 1535 fortuna
1765 1498 1850 1536 sive
1881 1498 2095 1548 fragmenta
2126 1498 2211 1538 sive
2241 1498 2452 1538 sententias
2483 1509 2522 1539 et

1465 1555 1810 1607 apophthegmata,
1839 1565 1928 1608 post
1954 1557 2145 1595 Orellium
2169 1557 2310 1609 Opusc.
2339 1557 2408 1596 Gr.
2440 1564 2518 1597 vet.
2550 1586 2555 1591 -

1463 1623 1557 1653 sent.
1574 1623 1613 1652 et
1623 1615 1761 1654 moral.
1784 1624 1879 1654 tom.
1898 1615 1935 1653 ll
1950 1629 2036 1667 pag.
2061 1616 2233 1662 132-144
2252 1625 2290 1655 et
2311 1616 2518 1667 Bergkium

1463 1673 1571 1711 Poet.
1587 1674 1665 1724 lyr.
1689 1687 1777 1725 pag.
1802 1674 1982 1725 522-529
1997 1675 2151 1726 primus
2164 1675 2320 1726 collegi,
2341 1682 2519 1714 accurate

1463 1734 1640 1772 recensui
1661 1742 1699 1772 et
1719 1734 1839 1773 latine
1853 1735 2134 1786 interpretatus
2156 1747 2255 1773 sum.

1460 1869 1524 1902 τοῖς
1545 1869 1688 1905 γονεῦσιν
1710 1865 1887 1906 ἀναιρήσειν
1904 1866 2014 1905 αὑτήν,
2028 1866 2057 1897 εἰ
2071 1865 2114 1907 μή
2129 1865 2231 1907 τούτῳ
2250 1865 2372 1904 δοθείη.
2390 1866 2515 1910 Κράτης

1462 1913 1518 1952 μὲν
1547 1911 1602 1944 οὖν
1622 1913 1898 1954 παρακαλούμενος
1919 1913 1982 1944 ὑπὸ
1997 1916 2060 1944 τῶν
2082 1913 2199 1953 γονέων
2222 1913 2319 1952 αὐτῆς
2337 1913 2511 1956 ἀποτρέψαι

1459 1960 1515 1997 τὴν
1530 1961 1629 1991 παῖδα
1641 1986 1650 2000 ,
1665 1959 1769 1992 πάντα
1783 1960 1894 1992 ἐποίει.
1910 1961 1973 1992 Καὶ
1989 1960 2075 1996 τέλος
2092 1961 2135 2000 μὴ
2155 1959 2272 1992 πείθων
2283 1985 2292 2000 ,
2306 1961 2444 1997 ἀναστὰς
2460 1962 2514 1994 καὶ

1459 2006 1648 2048 ἀποθέμενος
1676 2008 1731 2045 τήν
1752 2009 1866 2039 ἑαυτοῦ
1882 2008 1997 2045 σκευὴν
2012 2007 2154 2049 ἄντικρυς
2170 2008 2266 2045 αὐτῆς
2279 2031 2291 2046 ,
2302 2006 2379 2050 ἔφη,
2401 2007 2442 2040 '0
2458 2008 2514 2050 μὲν

1459 2055 1606 2095 νυμφίος,
1638 2054 1738 2091 οὗτος·
1756 2056 1776 2092 ἡ
1802 2054 1834 2086 δὲ
1850 2057 1982 2094 κτῆσις,
2003 2053 2094 2092 αὕτη·
2120 2054 2194 2096 πρὸς
2224 2056 2324 2086 ταῦτα
2350 2055 2513 2096 βουλεύου.

1460 2101 1543 2133 Οὐδὲ
1555 2102 1616 2143 γὰρ
1631 2102 1756 2134 ἔσεσθαι
1771 2101 1936 2139 κοινωνός,
1961 2101 1987 2133 εἰ
2008 2101 2051 2141 μὴ
2071 2101 2124 2133 καὶ
2140 2103 2203 2132 τῶν
2218 2100 2336 2140 αὐτῶν,
2350 2100 2514 2140 ἐπιτηδευι

1460 2147 1567 2188 μάτων
1591 2147 1759 2188 γενηθείης.
1792 2147 1902 2179 Εἵλετο
1918 2148 1939 2185 ἡ
1966 2151 2060 2186 παῖς,
2089 2147 2143 2179 καὶ
2172 2147 2286 2179 ταύτὸν
2311 2147 2514 2181 &sennensem

1459 2198 1569 2236 σχῆμα
1586 2194 1769 2236 συμπεριῄει
1786 2196 1832 2234 τῷ
1856 2193 1961 2235 ἀνδρί,
1987 2195 2041 2226 καὶ
2057 2193 2088 2225 ἐν
2110 2190 2301 2238 τῷ-φανερῷ
2322 2194 2510 2235 συνεγίνετο.

1458 2243 1508 2274 Cf.
1523 2241 1679 2282 ApuleJus
1695 2241 1782 2274 Flor.
1801 2240 1856 2272 lib.
1873 2242 1887 2272 1
1906 2249 1977 2281 pag.
1990 2243 2051 2273 349
2065 2249 2134 2282 seq.
2148 2240 2200 2273 ed.
2213 2240 2444 2281 Elmenhorst„
2456 2243 2511 2283 qui

1457 2289 1554 2321 etiam
1575 2288 1720 2320 oratione
1739 2287 1779 2319 de
1789 2286 1895 2326 magia
1908 2287 2046 2320 Cratetis
2061 2287 2266 2320 meminit—
2278 2286 2345 2328 (12)
2360 2287 2509 2322 Clemens

1457 2335 1690 2368 Alexandrinus
1713 2336 1837 2367 strom.
1862 2334 1918 2366 lib.
1935 2336 1990 2373 Ν,
2008 2344 2038 2374 p.
2058 2337 2117 2367 5⁴23
2139 2335 2178 2366 A.
2199 2354 2240 2362 --
2260 2334 2328 2375 (13)
2345 2334 2460 2368 sufflas
2475 2345 2508 2369 v.

1456 2383 1637 2425 Ἱππαρχία.
1657 2403 1695 2409 -
1705 2381 1772 2423 (14)
1787 2382 1944 2422 Diogenes
1960 2383 2105 2415 Laertius
2122 2382 2176 2414 lib.
2187 2383 2244 2421 VI,
2258 2385 2298 2415 98
2314 2391 2323 2411 =
2339 2383 2461 2424 φέρεται
2477 2384 2510 2416 δὲ

1455 2435 1511 2464 τοῦ
1527 2431 1686 2474 Κράτητος
1703 2430 1823 2471 βιὸλίον
1852 2430 2054 2469 Ἐπιστολαί,
2074 2431 2106 2462 ἐν
2128 2429 2177 2466 αἷς
2198 2430 2312 2471 ἄριστα
2331 2431 2508 2472 φιλοσοφεῖ,

1455 2480 1510 2517 τὴν
1524 2479 1602 2515 λέξιν
1622 2478 1704 2510 ἔστιν
1717 2478 1768 2510 ὅτε
1783 2477 2009 2519 παραπλησίως
2023 2477 2180 2510 Πλάτωνι.
2200 2477 2261 2509 Sed
2279 2486 2352 2518 qum
2365 2478 2427 2510 snb
2439 2479 2510 2519 ejus

1455 2526 1586 2557 nomine
1616 2525 1762 2557 feruntur
1781 2524 1947 2565 epistolae,
1971 2524 2151 2556 subditiciae
2171 2525 2257 2556 sunt.
2275 2524 2351 2558 Vid.
2381 2525 2503 2559 Fabric.

1455 2572 1535 2605 Bibl.
1554 2573 1611 2604 Gr.
1628 2571 1694 2603 vol.
1716 2572 1730 2603 1
1749 2579 1819 2612 pag.
1837 2574 1899 2603 686
1917 2570 1971 2603 ed.
2000 2571 2120 2603 HarleS.
2138 2589 2174 2594 —
2192 2570 2258 2612 (15)
2279 2571 2377 2610 Diog.
2398 2573 2505 2607 Laert.

1453 2622 1511 2660 Vl,
1522 2624 1560 2653 85
1570 2631 1578 2651 ι
1589 2619 1702 2652 τούτου
1709 2619 1837 2660 παίγνια
1847 2619 1968 2661 φέρεται
1978 2619 2060 2651 τάδε·
2073 2619 2155 2660 πήρη
2168 2630 2214 2656 τις
2227 2620 2294 2651 κτλ.
2303 2619 2379 2653 Vid.
2393 2620 2504 2661 fragm.

1453 2673 1482 2701 2.
1499 2686 1539 2691 -
1554 2667 1620 2707 (16)
1635 2667 1728 2708 Diog.
1746 2669 1850 2699 Laert.
1865 2667 1923 2705 v1,
1943 2669 1984 2698 86
1998 2679 2006 2699 z
2026 2666 2092 2699 ἔστι
2106 2667 2159 2698 καὶ
2176 2667 2319 2708 ἐφημερὶς
2333 2668 2352 2704 ἡ
2367 2668 2507 2709 θρυλλου·

1453 2715 1529 2755 μένη
1547 2715 1646 2751 οὕτως
1665 2714 1795 2756 ἔχουσα·
1811 2714 1887 2746 τίθει
1902 2713 2040 2754 μαγείρῳ
2051 2714 2118 2745 κτλ.
2132 2713 2204 2744 Vid.
2218 2713 2317 2749 fragm
2332 2716 2362 2746 3.
2378 2734 2419 2741 -
2433 2714 2503 2755 (17)

1451 2762 1526 2794 Vid.
1539 2762 1650 2802 fragm.
1665 2761 1823 2802 4.--(18)
1836 2761 1993 2801 Diogenes
2011 2761 2152 2792 Laertius
2163 2760 2217 2792 lib.
2231 2761 2289 2799 Vl,
2302 2762 2341 2792 98
2355 2761 2504 2803 ιγέγραιςε

1448 2809 1501 2840 καὶ
1521 2807 1714 2850 τραγῳδίας,
1733 2807 1929 2848 ὑψηλότατον
1949 2807 2084 2847 ἐχούσας
2099 2806 2284 2849 φιλοσοφίας
2305 2811 2501 2849 χαρακτῆρα.

1449 2854 1522 2887 Vid.
1543 2854 1655 2894 fragm.
1678 2857 1691 2886 1
1709 2858 1739 2886 et
1762 2856 1812 2887 17.
1830 2853 1881 2898 ct.
1903 2853 2109 2893 Tragicorum
2126 2854 2231 2887 Graec.
2253 2853 2365 2894 fragm.
2385 2861 2417 2894 p.
2443 2854 2501 2888 136

1446 2900 1501 2934 ed.
1527 2901 1632 2934 Didot.
