2606 3828
285 323 361 356 24⁴

281 403 364 437 uenti
378 427 387 443 ,
408 401 747 444 praestantissimaque,
767 400 800 430 et
821 400 925 429 vetere
953 398 1126 428 exsistente
1154 395 1216 427 alia
1240 395 1312 427 sub·

278 462 395 495 stantia
413 469 518 493 rerum
535 460 678 491 omnium
699 456 860 496 exempla,
876 453 1030 486 mundum
1049 454 1199 486 sensilem
1218 453 1310 493 juxta

281 520 458 553 immortale
474 518 656 559 exemplum
673 526 691 548 a
710 519 776 548 Deo
794 515 912 546 tactum
938 520 1008 545 esse
1024 512 1108 544 dicat
1125 512 1225 545 Plato.
1241 513 1313 544 Non

277 579 362 612 enim
380 587 459 619 opus
487 577 552 609 ulio
571 575 715 615 exempto
743 574 860 611 fuisse,
892 570 1019 612 quando
1044 570 1203 602 seminum
1230 569 1312 601 ratio

276 637 441 670 incurrens
480 635 616 676 aliquam
656 632 884 672 concipientem
923 628 1313 669 comprehendentemque

277 698 442 734 naturam,
465 697 566 726 totum
591 692 760 728 mundum,
786 697 919 730 quaeque
942 688 974 720 in
995 697 1033 720 eo
1050 689 1125 720 sunt
1141 688 1234 719 enixa
1257 687 1310 719 sit.

277 758 354 789 ttoec
381 755 477 788 Stoici
501 756 540 786 ‹le
565 754 662 792 silva,
679 752 781 791 deque
807 750 903 781 initiis
928 757 1048 790 rerum,
1069 748 1185 790 partim
1203 757 1222 781 a
1240 748 1313 781 Pla-

275 817 351 848 tone
367 817 560 854 usurpantes,
580 811 694 852 partim
712 808 884 841 commenti
902 820 910 840 2
927 807 974 839 sic
992 810 1028 839 ut
1047 807 1137 840 facile
1155 807 1199 840 sit
1218 807 1308 839 intel-

275 873 388 913 ligere,
408 870 524 903 nullam
545 877 600 900 eos
622 876 660 900 ne
679 865 833 908 suspicari
852 864 982 906 quidem
1006 864 1149 905 potuisse
1168 864 1312 896 divinam

275 930 438 968 virtutem,
457 927 735 966 substantiamque
748 926 911 956 carentem
928 932 1074 964 corpore,
1093 923 1218 955 cunctis
1236 932 1308 955 cor-

275 988 414 1030 poribus,
431 987 477 1018 vel
495 987 589 1018 etiam
602 983 796 1024 seminibus,
814 981 1025 1015 efficaciorem
1046 994 1053 1014 :
1082 982 1312 1022 proptereaque

274 1048 391 1079 sactum
403 1071 411 1086 ,
423 1047 458 1077 ut
473 1044 636 1085 opiniones
651 1042 846 1074 incurrerent
859 1041 986 1082 impias,
1002 1043 1105 1073 Deum
1118 1039 1239 1072 scilicet
1252 1040 1314 1072 hoc

276 1113 345 1136 esse
370 1103 454 1145 quod
481 1103 560 1133 silva
592 1101 651 1140 sit,
672 1100 721 1132 vel
742 1099 840 1132 etiam
860 1099 1049 1140 qualitatem
1068 1097 1312 1139 inseparabilem

273 1164 376 1194 Deum
400 1161 489 1192 silvae
512 1168 519 1187 ε
548 1158 750 1198 eundemque
772 1165 828 1198 per
845 1156 961 1188 silvam
992 1164 1109 1196 meare,
1135 1154 1235 1187 veluti
1258 1162 1310 1186 se·

273 1228 346 1251 men
373 1227 427 1259 per
445 1217 588 1249 membra
609 1215 757 1256 genitalia
774 1225 784 1247 .·
802 1215 835 1247 et
856 1214 1021 1253 omnium,
1041 1222 1115 1254 quae
1131 1213 1309 1245 nascuntur

277 1280 341 1311 tam
369 1279 521 1318 originem
550 1285 645 1316 quam
674 1276 771 1308 etiam¹
811 1282 940 1306 causam
974 1282 1043 1306 esse
1072 1281 1136 1304 non
1155 1271 1313 1304 malorum

273 1336 380 1377 modo,
395 1336 449 1368 sed
465 1335 673 1376 turpitudinis
687 1341 828 1375 quoque,
839 1334 871 1365 et
884 1331 1102 1365 obscoenitatis
1120 1341 1127 1362 :
1142 1331 1313 1371 omniaque

271 1403 375 1435 agere,
398 1396 429 1427 et
448 1394 524 1435 pati,
543 1393 591 1426 vel
612 1392 770 1433 pudenda.
815 1391 916 1431 cujus
933 1390 1093 1431 opinionis
1123 1389 1310 1422 deformitas

269 1453 446 1486 evidentius
461 1452 623 1492 detegetur
638 1450 781 1491 exposita
798 1449 942 1481 Platonis
964 1449 1134 1481 sententia.

312 1513 483 1545 ccxclti.
510 1509 676 1549 Nuncjam
698 1508 946 1549 Pythagoricum
959 1507 1075 1548 dogma
1095 1509 1312 1540 recenseatur.

236 1576 239 1578 “
274 1570 452 1603 Numenius
480 1578 518 1601 ex
544 1568 732 1609 Pythagorae
758 1567 939 1608 magisterio
968 1566 1150 1598 Stoicorum
1184 1566 1244 1598 hoc
1273 1566 1314 1599 de

270 1623 375 1660 initiis
387 1628 501 1667 dogma
518 1626 666 1659 refellens
687 1626 876 1666 Pythagorae
898 1624 1066 1665 dogmate,
1079 1624 1131 1655 cui
1145 1624 1316 1656 concinere

271 1686 349 1719 dicit
363 1686 477 1726 dogma
507 1685 723 1723 Platonicum,
751 1684 797 1716 ait
814 1683 1031 1724 Pythagoram
1055 1684 1158 1714 Deum
1183 1681 1314 1723 quidem

270 1746 536 1787 sinqularitatts
562 1743 691 1776 nomine
710 1742 908 1782 nominasse3
923 1741 1039 1773 silvam
1055 1749 1142 1781 vere,
1164 1741 1308 1773 duitatis.

272 1806 376 1842 Quam
397 1803 553 1835 duitatem
579 1802 863 1835 indeterminatam
888 1800 1039 1841 quidem,
1075 1799 1206 1832 minime
1233 1800 1318 1840 geni-

271 1867 358 1903 lanu
377 1863 542 1895 limitatam
570 1870 646 1894 vero
676 1862 856 1902 generatam
877 1868 949 1892 esse
977 1859 1092 1892 dicere.
1154 1861 1223 1892 Hoc
1245 1861 1314 1899 est,

271 1923 443 1962 antequam
472 1923 680 1953 exornaretur
706 1919 855 1960 quidem,
885 1920 1086 1959 formamque
1115 1921 1147 1951 et
1168 1919 1316 1951 ordinem

272 1981 522 2019 nancisceretur,
541 1980 608 2012 sine
621 1980 712 2017 ortu,
735 1980 767 2011 et
782 1979 1003 2019 generatione3
1025 1982 1211 2011 exornatam
1228 1987 1316 2018 vero,

273 2041 371 2080 atque
382 2039 573 2071 illustratam
584 2061 592 2077 ‚
615 2047 633 2070 a
649 2038 805 2078 digestor-e
826 2040 894 2070 Deo
910 2046 981 2070 esse
992 2039 1187 2078 generatam.
1212 2041 1318 2079 Atque

271 2099 328 2137 ita,
345 2098 420 2139 quia
435 2096 647 2138 generationis
658 2096 700 2129 sit
714 2097 841 2129 fortuna
853 2097 1022 2137 posterior,
1038 2097 1222 2130 inornatum
1237 2097 1317 2129 illud

272 2156 402 2188 minime
421 2159 617 2198 generatum,
636 2165 815 2197 aequaevum
830 2158 915 2196 De03
938 2164 958 2188 a
977 2165 1042 2197 quo
1058 2158 1107 2189 est
1121 2157 1315 2196 ordinatum,

275 2215 406 2256 intelligi
419 2214 544 2247 debeat.
561 2215 623 2247 Sed
636 2208 808 2247 nonnullos
822 2215 1050 2256 Pythagoreos,
1070 2215 1135 2248 vim
1153 2215 1318 2248 sententiae

276 2283 338 2306 non
357 2276 440 2306 reete
453 2277 633 2313 assecutos,
647 2275 789 2314 putasse,
804 2274 868 2305 dici
881 2274 977 2306 etiam
992 2274 1078 2306 illam
1095 2274 1318 2307 indetermina-

274 2332 339 2363 tam
360 2333 392 2364 et
407 2331 596 2364 immensam
619 2331 792 2371 ciuitatem,
815 2332 857 2363 ab
872 2341 935 2364 una
953 2332 1172 2373 singularitate
1189 2333 1317 2366 institu-

274 2392 360 2430 tam,
381 2390 547 2423 recedente
569 2399 588 2422 a
604 2392 716 2422 natura
739 2400 797 2423 sua
815 2391 1039 2432 singularitate
1062 2393 1095 2424 et
1121 2392 1155 2424 in
1179 2391 1314 2424 duitatis

276 2448 417 2481 habitum
425 2449 589 2489 migrante.
604 2450 671 2481 Non
681 2452 783 2490 recte;
798 2451 846 2491 ut,
856 2458 928 2490 quae
938 2451 1006 2482 erat
1019 2450 1234 2491 singularitas,
1248 2460 1318 2484 esse

276 2506 451 2548 desineret3
462 2516 534 2548 quae
551 2516 614 2539 non
628 2509 694 2540 erat
707 2508 825 2549 duitas,
840 2509 1028 2542 subsisteret
1046 2521 1054 2542 ε
1075 2511 1170 2550 atque
1186 2519 1226 2542 ex
1245 2512 1318 2543 Deo

278 2564 370 2603 silva,
385 2567 417 2597 et
432 2574 471 2597 ex
489 2565 704 2605 singularitate
720 2566 875 2599 immensa
889 2569 920 2600 et
935 2567 1191 2608 indeterminata,
1211 2568 1318 2601 duitas

278 2624 526 2655 converteretur.
571 2625 651 2661 Quae
667 2624 774 2664 opinio
799 2634 838 2658 ne
856 2626 1060 2659 mediocriter
1079 2627 1210 2668 quidem
1227 2628 1318 2660 insti-

281 2682 360 2713 tutis
382 2681 564 2713 hominibus
596 2683 760 2723 competit.
816 2684 962 2725 Denique
993 2686 1124 2718 Stoicos
1152 2686 1319 2719 definitam

279 2742 312 2772 et
339 2739 505 2771 limitatam
541 2739 654 2771 silvam
682 2749 750 2773 esse
781 2745 893 2774 natura
919 2743 1065 2784 propria;
1107 2745 1319 2786 Pythagoram

281 2805 356 2829 vero
375 2797 532 2829 infinitam
561 2800 593 2829 et
612 2799 678 2831 sine
697 2799 796 2831 limite
819 2800 932 2833 dicere.
975 2804 1124 2843 Cumque
1143 2803 1201 2844 illi,
1230 2805 1318 2845 quod

281 2858 394 2889 natura
406 2857 446 2889 sit
466 2857 668 2899 immensum,
685 2867 747 2890 non
765 2869 857 2900 posse
871 2861 911 2892 ad
932 2864 1066 2894 modum
1082 2865 1199 2896 natura
1222 2867 1320 2905 atque

283 2914 427 2947 ordinem
452 2915 553 2954 redigi
576 2919 740 2956 censeant;
767 2918 978 2959 Pythagoram
1011 2922 1110 2953 solius
1148 2922 1231 2954 hanc
1260 2923 1319 2955 Dei

283 2981 352 3004 esse
368 2972 519 3005 virtutem
535 2982 573 3004 ac
596 2974 768 3015 potentiam
793 2984 951 3017 asserere3
974 2980 1010 3010 ut
1024 2980 1108 3020 quod
1131 2983 1246 3013 natura
1274 2982 1321 3014 es-

282 3032 377 3064 ficere
394 3033 540 3072 nequeat,
567 3034 652 3065 Deus
671 3033 761 3066 facile
775 3035 890 3076 possit,
906 3038 942 3068 ut
960 3038 1014 3077 qui
1034 3038 1075 3071 sit
1096 3040 1184 3071 omni
1203 3041 1321 3074 virtute

284 3089 446 3130 potentior
467 3091 565 3131 atque
580 3091 795 3131 praestantior,
820 3094 884 3124 cta
907 3103 969 3134 quo
988 3098 1102 3128 natura
1128 3098 1197 3138 ipsa
1232 3099 1320 3132 vires

280 3149 458 3181 mutuetur.

325 3208 491 3240 ccxclv.
511 3208 612 3247 Igitur
635 3209 829 3250 Pythagoras
849 3219 995 3252 quoque,
1013 3213 1117 3254 inquit
1135 3216 1320 3257 Numenius,

284 3264 414 3297 fluidam
443 3267 475 3298 et
497 3266 566 3299 sine
583 3267 737 3308 qualitate
760 3269 873 3301 silvam
893 3278 963 3303 esse
987 3275 1113 3313 censet;
1132 3282 1190 3306 nec
1214 3276 1320 3308 tamen

282 3325 319 3355 ut
338 3324 435 3355 Stoici
458 3327 581 3357 naturoe
604 3326 719 3359 mediae
748 3327 895 3369 interque
916 3330 1073 3362 malorum
1094 3331 1321 3375 bonorumque

283 3380 446 3423 viciniam,
459 3384 547 3424 quod
562 3393 663 3425 genus
680 3385 724 3417 illi
745 3386 906 3427 appellant
928 3388 1128 3431 indifferens,
1147 3391 1204 3423 sed
1230 3392 1322 3433 plane

282 3442 421 3474 noxiam.
465 3446 568 3477 Deum
582 3446 699 3486 quippe
723 3454 794 3479 esse
819 3447 875 3488 (ut
896 3448 993 3481 etiam
1022 3450 1147 3483 Platoni
1170 3438 1323 3493 videtur)

282 3497 406 3533 initium
425 3503 457 3534 et
475 3511 602 3535 causam
617 3503 792 3545 bonorum;
811 3505 944 3547 silvam,
969 3508 1142 3543 malorum.
1175 3513 1216 3543 At
1246 3518 1320 3543 vero

993 303 1687 347 cttALCtD11COMMENTARtUs
1742 322 1749 328 ·

1370 394 1456 435 quod
1474 402 1513 426 ex
1530 392 1634 433 specie
1643 391 1789 431 silvaque
1801 389 1854 428 sit,
1871 386 2068 421 indifferens.
2112 388 2183 420 Non
2196 394 2273 427 ergo
2286 385 2416 428 stivam,

1370 451 1427 484 sed
1445 438 1626 490 mundum,
1637 458 1675 489 ex
1694 447 1811 489 speciei
1828 446 1971 479 bonitate
1982 445 2140 488 silvasque
2158 444 2282 478 malitia
2294 446 2416 487 tempe-

1372 511 1489 549 ratum,
1507 508 1647 548 denique
1666 515 1705 538 ex
1726 504 1927 547 providentia
1939 504 1973 537 et
1986 502 2178 538 necessitate
2199 502 2417 546 progenitum,

1372 570 1516 600 veterum
1532 566 1753 606 theologorum
1768 563 1858 596 scitis
1872 562 1995 597 haberi.

1413 626 1565 659 ccxcv.
1589 623 1709 656 silvam
1730 622 1826 662 igitur
1840 622 2008 655 intormem
2026 622 2060 655 et
2071 624 2237 656 carentem
2249 620 2420 664 qualitate,

1372 685 1437 717 tarn
1458 683 1557 717 Stoici
1576 691 1674 724 quam
1693 681 1892 722 Pythagoras
1908 681 2135 721 consentiunt;
2149 680 2207 714 sed
2220 680 2420 723 Pythagora

1373 743 1542 784 malignam
1558 750 1704 784 quoque,
1720 741 1819 774 Stoici
1836 748 1896 773 nec
1914 740 2032 773 bonam
2047 748 2108 774 nec
2127 740 2247 773 malam
2265 751 2275 774 ε
2290 738 2422 781 dehine,

1372 803 1531 843 tanquam
1551 801 1583 833 in
1603 808 1768 842 progressu
1784 799 1846 831 viae
1861 799 1983 832 malum
2000 799 2131 841 aliquod
2145 798 2290 841 obvium,
2307 806 2421 845 perro·

1372 860 1435 901 gaii
1451 859 1535 892 unde
1556 859 1652 900 igitur
1672 858 1780 891 mala?
1797 860 2065 900 perversitatem
2080 858 2288 892 seminarium
2316 856 2421 890 malo-
2467 856 2473 871 ⁶

1373 928 1445 950 rum
1466 927 1537 951 esse
1564 918 1683 950 causati
1708 918 1783 950 sunt
1801 926 1808 947 ε
1839 926 1898 950 nec
1916 917 2095 959 expediunt
2114 916 2222 950 adhuc
2247 915 2423 965 unde-ipa

1374 977 1580 1019 perversitas,
1597 985 1673 1009 cum
1685 975 1780 1017 Juxta
1802 976 1889 1017 ipsos
1908 975 1973 1009 duo
1991 975 2058 1009 sint
2078 975 2168 1009 initia
2192 983 2315 1016 rerum,
2335 975 2424 1008 Deus

1373 1038 1405 1068 et
1424 1036 1516 1068 silva.
1538 1038 1625 1068 Deus
1645 1044 1807 1068 summum
1833 1037 1867 1068 et
1896 1035 2083 1077 praecellens
2102 1021 2244 1077 bon‘um5
2261 1033 2362 1074 silva,
2386 1034 2443 1067 ut¹

1373 1099 1514 1134 censent,
1536 1103 1593 1126 nee
1617 1094 1738 1126 bonum
1767 1102 1825 1126 nec
1860 1094 1992 1127 malum.
2036 1090 2099 1127 Sed
2129 1093 2328 1136 Pythagoras
2346 1092 2425 1126 assi-

1375 1153 1459 1183 stere
1474 1151 1622 1191 veritati,
1640 1151 1730 1184 miris
1758 1151 1833 1184 licet
1855 1153 1888 1184 et
1904 1153 2016 1184 contra
2042 1151 2226 1193 opinionem
2252 1150 2422 1184 hominum

1373 1210 1598 1251 operantibus,
1615 1207 1906 1243 asseverationibus
1922 1219 1987 1244 non
2006 1211 2148 1245 veretur.
2177 1210 2241 1250 Qui
2259 1210 2317 1251 ait,
2336 1209 2421 1244 exsi-
2467 1232 2470 1236 -

1377 1271 1482 1302 stente
1507 1269 1721 1310 providentia,
1741 1269 1827 1302 mala
1849 1277 1979 1311 quoque
2010 1269 2190 1303 necessario
2206 1269 2426 1310 ,substitissffi

1376 1329 1543 1369 propterea
1569 1328 1669 1370 quod·
1688 1327 1769 1360 silva
1795 1328 1837 1360 sit
1865 1329 1897 1360 et
1921 1327 2033 1360 eadem
2060 1327 2102 1360 sit
2123 1326 2246 1360 malitia
2275 1325 2425 1369 praedita.

1379 1387 1500 1426 Quodsi
1529 1387 1670 1420 mundus
1688 1395 1726 1420 ex
1752 1386 1852 1428 silva,
1869 1387 1954 1420 certe
1980 1387 2084 1419 factus
2105 1387 2155 1420 est
2181 1386 2225 1420 de
2251 1385 2435 1420 exsistente>

1373 1447 1450 1480 olim
1482 1450 1598 1481 natura
1627 1448 1773 1489 maligna.
1845 1449 2082 1488 Proptereaque
2113 1446 2292 1480 Numenius
2316 1445 2429 1480 laudat

1374 1507 1592 1548 Heraclitum,
1610 1506 1897 1548 reprehendentem
1922 1507 2096 1539 Homerum
2123 1505 2180 1547 qui
2195 1505 2356 1548 optaverit
2377 1505 2429 1538 in·

1372 1566 1505 1598 teritum
1527 1575 1566 1598 ac
1584 1565 1770 1598 vastitatem
1792 1565 1886 1598 malis
1911 1565 1990 1598 vitae
2007 1563 2149 1607 [odyss.
2168 1563 2226 1598 lib.
2242 1565 2331 1604 xm,
2350 1567 2391 1597 46
2400 1563 2427 1607 ].

1375 1623 1462 1665 quod
1483 1613 1547 1657 non
1567 1624 1757 1666 intelligeret
1783 1624 1944 1656 mundum
1965 1623 2024 1657 sibi
2042 1623 2142 1656 deleri
2164 1622 2288 1665 placere
2302 1634 2312 1664 5
2327 1622 2426 1664 siqui·

1375 1683 1450 1716 dem
1463 1683 1544 1719 silva
1555 1708 1565 1724 ‚
1584 1692 1659 1725 quae
1674 1683 1834 1716 malorum
1851 1684 1924 1716 sous
1937 1686 2000 1724 est,
2019 1683 2303 1716 exterminaretur.
2318 1681 2429 1715 Plato·

1374 1751 1513 1784 nemque
1527 1743 1613 1775 idem
1626 1743 1806 1776 Numenius
1823 1742 1946 1783 laudat,
1964 1742 2051 1783 quod
2072 1741 2156 1774 duas
2168 1741 2283 1774 mundi
2304 1741 2430 1774 animas

1379 1801 1547 1841 autumet;
1570 1810 1670 1834 unam
1708 1800 2044 1842 beneficentissimam,
2075 1800 2247 1842 malignam
2273 1799 2429 1839 alteram,

1376 1861 1496 1893 scilicet
1514 1861 1640 1893 silvam.
1687 1863 1768 1899 Quae
1797 1860 1871 1893 licet
1899 1860 2025 1892 modice
2051 1859 2204 1899 fluctuet,
2224 1860 2334 1892 tamen
2353 1859 2430 1900 quia

1376 1919 1491 1952 intimo
1504 1919 1697 1960 proprioque
1710 1921 1801 1951 motu
1814 1921 1979 1960 movetur,
1992 1918 2082 1951 vivat
2097 1920 2132 1951 et
2147 1917 2256 1951 anima
2274 1925 2429 1959 convege-
2447 1933 2449 1936 .

1377 1980 1461 2012 tetur
1477 1988 1607 2012 necesse
1622 1981 1685 2020 est,
1700 1979 1769 2020 lege
1784 1987 1897 2012 eorum
1914 1978 2074 2018 omnium,
2092 1986 2165 2019 quae
2179 1977 2430 2019 genuino'motu

1377 2041 1561 2070 moventur.
1607 2040 1689 2076 Quae
1709 2037 1840 2078 quidem
1857 2037 1955 2070 etiam
1971 2037 2112 2078 patibilis
2124 2036 2240 2069 animae
2256 2036 2377 2078 partis,
2390 2035 2428 2069 in

1377 2105 1441 2137 qua
1459 2098 1508 2129 est
1538 2095 1659 2137 aliquid
1679 2096 1904 2137 corpulentum
1939 2095 2139 2136 mortaleque
2162 2097 2196 2127 et
2217 2093 2362 2136 corporis
2387 2093 2431 2127 si-

1379 2155 1472 2196 mile,
1492 2155 1617 2187 auctrix
1641 2158 1691 2187 est
1721 2156 1754 2188 et
1771 2156 1922 2196 patrona,
1963 2153 2050 2186 sicut
2086 2152 2287 2186 rationabilis
2310 2153 2430 2186 animae

1379 2223 1452 2255 pars
1470 2216 1600 2247 auctore
1625 2214 1729 2247 utitur
1759 2214 1882 2247 ratione
1915 2221 1954 2246 ac
1984 2215 2064 2246 Deo.
2110 2214 2210 2246 Porro
2233 2221 2277 2246 ex
2302 2209 2372 2246 Deo
2396 2213 2431 2246 et

1377 2274 1459 2306 silva
1481 2275 1584 2306 sactus
1601 2275 1650 2306 est
1666 2274 1725 2306 iste
1743 2273 1895 2306 mundus.

1419 2334 1585 2366 ccxcvi.
1611 2333 1712 2373 igitur
1734 2331 1828 2372 juxta
1845 2331 2012 2364 Platonem
2034 2330 2159 2364 mundo
2177 2331 2263 2364 bona
2278 2339 2338 2364 sua
2353 2330 2430 2372 Dei,

1378 2393 1535 2433 tauquam
1558 2391 1659 2433 patris
1672 2415 1681 2432 ,
1695 2390 1884 2424 liberalitate
1905 2390 2020 2423 collata
2038 2393 2134 2431 sunt;
2159 2390 2244 2423 mala
2264 2399 2341 2423 vero
2359 2399 2431 2424 ma-

1378 2451 1436 2483 tris
1453 2451 1542 2498 silvae
1569 2451 1648 2483 vitio
1667 2450 1880 2483 cohaeserunt.
1927 2452 1999 2489 Qua
2027 2450 2152 2482 ratione
2179 2449 2313 2491 intelligi
2331 2449 2431 2483 datur
2459 2465 2462 2467 *
2484 2457 2490 2460 ’

1379 2511 1503 2544 Stoicos
1522 2511 1639 2543 frustra
1658 2510 1784 2543 causari
1800 2509 1907 2542 nescio
1923 2518 2020 2550 quam
2038 2510 2326 2551 perversitatem,
2340 2517 2430 2550 eum,

1378 2579 1452 2612 quae
1467 2570 1681 2612 proveniunt,
1698 2578 1740 2602 ex
1768 2569 1858 2601 motu
1886 2568 2055 2600 stellarum
2074 2567 2244 2609 provenire
2267 2567 2430 2601 dicantur.

1381 2629 1491 2662 Stellae
1521 2637 1616 2670 porro
1646 2636 1782 2669 corpora
1806 2631 1881 2660 sunt
1906 2627 2063 2669 ignesque
2090 2626 2225 2660 coelites.
2272 2627 2428 2660 Omnium

1379 2688 1499 2730 quippe
1514 2697 1683 2729 corporum
1704 2687 1784 2720 silva
1800 2687 1910 2719 nutrix
1929 2688 1998 2727 est,
2015 2688 2051 2719 ut
2062 2686 2160 2719 etiam
2172 2708 2183 2726 ,
2198 2693 2275 2728 quoe
2287 2685 2432 2719 sidereus

1379 2749 1485 2781 motus
1504 2748 1611 2779 minus
1631 2747 1751 2779 utiliter
1771 2749 1804 2779 et
1823 2746 2022 2788 improspere
2041 2744 2169 2784 turbat,
2190 2744 2348 2786 originem
2369 2747 2431 2778 tra·

1381 2806 1457 2845 here
1475 2805 1644 2838 videantur
1674 2815 1714 2838 ex
1738 2805 1836 2844 silva,
1854 2805 1886 2837 in
1909 2813 1974 2846 qua
1993 2804 2157 2838 estmulta
2174 2803 2382 2846 intemperies
2396 2805 2432 2838 et

1381 2865 1584 2907 improvidus
1611 2866 1753 2907 impetus
1781 2867 1814 2898 et
1845 2873 1940 2897 casus
1963 2866 2061 2906 atque
2091 2865 2128 2897 ut
2159 2862 2240 2896 libet
2268 2862 2443 2906 exagitata*

1383 2925 1600 2968 praesumptio.
1655 2926 1768 2967 ltaque
1788 2924 1816 2957 si
1831 2926 1918 2958 Deus
1933 2933 2006 2957 earn
2022 2923 2185 2964 correxit,
2204 2922 2290 2956 utin
2307 2923 2431 2956 Timo

1381 2984 1522 3025 loquitur
1553 2984 1658 3023 Plato,
1693 2982 1878 3024 redegitque
1906 2981 1940 3014 in
1964 2981 2113 3015 ordinem
2140 2990 2182 3015 ex
2205 2980 2369 3015 incondita
2395 2982 2430 3015 et

1380 3043 1565 3076 turbulenta
1585 3042 1768 3085 jactatione,
1791 3043 1878 3075 certe
1900 3041 2033 3074 contusa
2046 3041 2116 3075 haee
2133 3040 2339 3082 intemperies
2357 3039 2428 3082 ejus
2490 3062 2496 3066 -

1380 3111 1457 3134 casu
1484 3102 1624 3144 quodam
1655 3104 1688 3134 et
1715 3101 1915 3143 improspera
1953 3104 2039 3133 sorte
2075 3099 2264 3141 habebatur,
2288 3099 2358 3132 'nec
2386 3107 2431 3132 ex

1381 3161 1591 3202 providentiae
1617 3160 1772 3193 consultis
1798 3159 1994 3192 salubribus.
2039 3159 2121 3198 Ergo
2147 3157 2240 3198 juxta
2267 3157 2430 3198 Pythago·

1381 3229 1450 3253 ram
1481 3221 1571 3254 silvae
1610 3221 1718 3254 anima
1747 3228 1854 3261 neque
1878 3219 1947 3252 sine
1987 3219 2053 3251 ulla
2082 3220 2131 3251 est
2165 3217 2354 3257 substantia.
2391 3219 2430 3251 nt

1371 3279 1524 3321 ‘plerique
1562 3280 1777 3320 a1·bitrantur;
1808 3282 1841 3312 et
1873 3278 2064 3311 adversatur
2088 3274 2312 3319 providentiae,
2348 3285 2429 3309 oon-

1381 3338 1465 3371 sulta
1483 3339 1553 3380 ejus
1565 3340 1754 3380 impugnare
1768 3338 1909 3379 gestiens
1937 3337 2067 3370 maliti-‘c
2093 3344 2162 3368 sum
2181 3335 2318 3368 viribus.
2362 3335 2427 3368 Sed

1381 3398 1578 3438 providentia
1595 3398 1725 3439 quidem
1741 3401 1792 3430 est
1806 3397 1865 3430 Dei
1884 3405 1978 3438 opus,
1993 3397 2025 3429 et
2037 3395 2180 3428 officium
2203 3407 2211 3427 ε
2226 3403 2311 3427 coeca
2333 3402 2427 3436 vero,

1383 3457 1589 3498 fortuitaque,
1611 3456 1777 3490 temeritas
1797 3465 1836 3489 ex
1864 3455 2012 3498 prosapia
2031 3453 2144 3494 silvae3
2164 3454 2201 3496 ut
2217 3452 2258 3485 sit
2279 3452 2426 3494 evidens,

1380 3513 1472 3554 Juxta
1494 3516 1725 3557 Pythagoram,
1744 3514 1803 3548 Dei
1817 3513 1992 3555 silvaeque,
2013 3511 2092 3546 item
2112 3510 2338 3554 providentiae,
2361 3509 2428 3545 tor·
2474 3549 2478 3553 .
2544 3520 2550 3527 ·
2598 3510 2606 3529 ·'
