2638 3840
332 270 378 301 61
1164 260 1638 301 PYTHAGOREORUM

331 348 416 388 060²
430 348 513 394 ἕξεις
542 348 619 387 οὕτε
640 347 809 392 διαθέσεις
828 347 888 391 τὰς
908 345 999 384 κατὰ
1024 347 1149 390 κακίας
1179 347 1374 400 ἐνεργείας,

329 401 398 446 οἷον
414 407 627 460 ἀφρόνευσιν,
639 406 895 454 ἀδίκευσιν,καὶ
910 405 953 443 τὰ
967 405 1109 449 ταύταις
1125 407 1371 458 παραπλήσια.

328 468 408 505 Τῶν
434 482 470 504 τε
491 467 628 516 ἀγαθῶν
649 467 692 505 τὰ
715 465 776 515 μὲν
805 460 894 504 εἶναι
913 465 1032 503 τελικὰ
1059 463 1103 501 τὰ
1130 465 1165 502 δὲ
1184 465 1349 512 ποιητικά
1363 496 1374 517 ,

328 526 371 564 τὰ
403 526 438 564 δὲ
465 525 668 577 ἀμφοτέρως
698 524 822 576 ἔχοντα
851 529 898 561 77.
958 522 1003 561 Ὁ
1033 522 1096 573 μὲν
1124 517 1184 561 οὖν
1213 522 1375 577 φρόνιμος

328 584 506 637 ἄνθρωπος
537 584 596 621 καὶ
616 587 634 621 ὃ
663 584 758 635 φίλος
787 580 951 628 ποιητικὰ
986 581 1088 632 μόνον
1122 582 1214 621 ἐστὶν
1242 585 1373 634 ἀγαθά·

325 642 421 696 χαρὰ
441 642 475 680 δὲ
498 641 557 680 καὶ
575 642 766 695 εὐφροσύνη
787 641 846 679 καὶ
864 641 1004 692 Θάρσος,
1027 641 1086 678 καὶ
1106 642 1257 693 φρονίμη
1276 658 1373 695 περι-

325 701 495 748 πάτησις,
510 701 631 739 τελικὰ
654 701 755 750 μόνον
771 700 863 738 ἐστὶν
880 699 1011 751 ἀγαθά·
1027 701 1062 737 αἱ
1077 699 1106 737 δ’
1124 700 1242 752 ἀρεταὶ
1263 708 1374 740 πᾶσαι

325 761 385 798 καὶ
405 759 574 806 ποιητικά
603 761 695 798 ἐστιν
722 757 836 809 ἀγαθὰ
867 758 929 796 καὶ
948 757 1069 797 τελικά
1082 789 1093 809 ,
1113 759 1173 797 καὶ
1196 759 1265 814 γὰρ
1286 763 1375 799 ἀπο-

324 822 468 871 γεννῶσι
485 817 547 866 τὴν
564 817 782 867 εὐδαιμονίαν
796 816 855 855 καὶ
873 818 1139 869 συμπληροῦσι,
1157 818 1246 870 μέρη
1269 819 1375 866 αὐτῆς

324 879 502 930 γινόμενα.
562 878 745 929 Ἀνάλογον
769 877 804 915 δὲ
834 877 894 916 καὶ
914 880 984 916 τῶν
1006 879 1124 916 κακῶν
1145 877 1189 915 τὰ
1212 879 1274 927 μέν
1302 880 1374 918 ἐστι

323 936 489 985 ποιητικὰ
507 940 568 983 τῆς
588 935 884 988 κακοδαιμονίας,
904 935 949 975 τὰ
969 936 1005 975 δὲ
1024 936 1223 984 τελικά,τὰ
1244 938 1279 975 δὲ
1305 940 1374 989 ἀμ-

324 996 472 1049 φοτέρως
502 994 641 1047 ἔχοντα.
699 995 743 1034 Ὁ
779 994 842 1045 μὲν
866 988 926 1033 οὐν
959 994 1076 1047 ἄφρων
1105 995 1284 1046 ἅνθρωπος
1314 997 1373 1034 καὶ

322 1058 339 1092 ὁ
358 1056 479 1106 ἐχθρὸς
499 1054 665 1100 ποιητικὰ
685 1053 786 1103 μόνον
803 1054 877 1092 ἐστὶ
895 1054 1009 1105 κακά,
1031 1053 1124 1098 λύπη
1145 1053 1179 1091 δὲ
1198 1054 1256 1092 καὶ
1270 1054 1373 1106 φόὸος

323 1115 382 1152 καὶ
404 1113 516 1159 κλοπὴ
547 1113 606 1150 καὶ
628 1112 746 1164 ἄφρων
768 1113 935 1165 ἐρώτησις
955 1113 1015 1151 καὶ
1033 1112 1092 1157 τὰ,
1107 1111 1211 1160 ὅμοια
1232 1114 1372 1152 τελικά·

323 1174 359 1210 αἱ
380 1173 414 1209 δὲ
431 1171 551 1210 κακίαι
567 1172 626 1210 καὶ
646 1171 814 1218 ποιητικὰ
833 1172 893 1209 καὶ
912 1171 1035 1210 τελικά
1055 1172 1130 1209 ἐστι
1151 1171 1261 1209 κακά·
1284 1174 1371 1210 ἀπο·

322 1233 468 1283 γεννῶσι
505 1232 572 1283 γὰρ
605 1230 668 1276 τὴν
699 1230 972 1281 κακοδαιμονίαν
1006 1230 1067 1268 καὶ
1102 1231 1369 1283 συμπληροῦσι,

319 1293 408 1345 μέρη
433 1294 539 1339 αὐτῆς
559 1292 737 1342 γινόμενα.
770 1298 771 1301 ’

372 1351 552 1403 Φρόνησιν
569 1350 600 1382 7⁸
623 1352 652 1389 δ’
673 1344 760 1389 εἶναι
786 1350 983 1398 ἐπιστήμην
1005 1344 1052 1389 ῶν
1073 1349 1236 1397 ποιητέον
1257 1350 1317 1389 καὶ
1333 1352 1371 1389 οὐ

319 1410 479 1457 ποιητέον
515 1410 575 1448 καὶ
607 1410 817 1461 οὐδετέρων,
858 1410 880 1456 ἢ
910 1409 1110 1459 ἐπιστήμην
1141 1411 1281 1462 ἀγαθῶν
1311 1408 1371 1447 καὶ

320 1472 437 1508 κακῶν
465 1469 525 1507 καὶ
552 1469 742 1520 οὐδετέρων
757 1499 767 1517 ,
788 1468 888 1520 φύσει
920 1469 1099 1506 πολιτικοῦ
1121 1468 1209 1519 ζῴου
1236 1474 1285 1518 79,
1310 1467 1372 1506 καὶ

323 1527 378 1568 ἐπὶ
396 1530 463 1565 τῶν
492 1529 625 1565 λοιπῶν
653 1526 687 1565 δὲ
710 1529 842 1578 ἀρετῶν
867 1525 975 1570 οὕτως
1006 1525 1144 1565 ἀκούειν
1170 1527 1370 1579 παραγγέλ-

319 1588 432 1628 λουσι.
490 1585 728 1639 Σωφροσύνην
754 1587 784 1623 δ’
805 1579 897 1623 εἶναι
924 1585 1126 1636 ἐπιστήμην
1148 1587 1295 1638 αἱρετῶν
1313 1585 1372 1623 καὶ

321 1647 477 1698 φευκτῶν
509 1644 570 1683 καὶ
601 1646 806 1693 οὐδετέρων·
842 1643 1064 1691 δικαιοσύνην
1096 1644 1131 1682 δὲ
1170 1643 1370 1695 ἐπιστήμην

321 1704 584 1754 ἀπονεμητικὴν
602 1706 663 1750 τῆς
683 1702 780 1747 ἀξίας
801 1703 957 1755 ἑκάστῳ·
981 1703 1141 1755 ἀνδρείαν
1164 1703 1199 1741 δὲ
1221 1703 1371 1749 ἐπιστή-

321 1780 390 1814 μην
408 1765 525 1802 δεινῶν
543 1763 602 1801 καὶ
622 1764 659 1800 οὐ
683 1763 800 1800 δεινῶν
821 1761 880 1800 καὶ
899 1761 1099 1814 οὐδετέρων.
1158 1760 1368 1813 Ἀφροσύνην

318 1824 354 1861 δὲ
388 1823 528 1873 ἄγνοιαν
563 1824 702 1873 ἀγαθῶν
750 1820 810 1860 καὶ
842 1822 959 1858 κακῶν
1005 1819 1066 1858 καὶ
1098 1820 1312 1871 οὐδετέρων,
1343 1819 1365 1866 ἢ

318 1882 458 1932 ἄγνοιαν
491 1875 538 1918 ῶν
572 1879 732 1927 ποιητέον
767 1879 789 1925 ἢ
819 1879 856 1916 οὐ
892 1877 1074 1926 ποιητέον,
1105 1877 1128 1924 ἢ
1161 1879 1360 1930 οὐδετέρων.

319 1939 525 1979 Ἀκολασίαν
547 1938 583 1978 δὲ
603 1939 742 1990 ἄγνοιαν
765 1939 909 1990 αἱρετῶν
930 1937 989 1976 καὶ
1008 1940 1164 1990 φευκτῶν
1182 1937 1241 1975 καὶ
1263 1939 1362 1975 οὐδε-

319 1998 437 2050 τέρων.
493 1997 645 2036 Ἀδικίαν
673 1996 707 2019 ⁸⁰
727 1991 920 2047 Bsffyvototv
943 1995 991 2047 μὴ
1020 1995 1281 2047 ἀπονεμητικῆν
1306 1999 1367 2042 τ’ἧς

318 2058 414 2102 ἀξίας
434 2057 582 2110 ἑκάστῳ.
638 2056 778 2096 Δειλίαν
799 2056 834 2093 δὲ
856 2055 997 2106 ἄγνοιαν
1019 2057 1137 2094 δεινῶν
1159 2055 1219 2093 καὶ
1237 2056 1274 2093 οὐ
1296 2055 1364 2092 δει-

317 2119 383 2154 νῶν
405 2115 464 2154 καὶ
487 2114 685 2166 οὐδετέρων.
741 2114 1007 2167 Παραπλησίως
1025 2113 1061 2152 δὲ
1082 2114 1141 2152 καὶ
1166 2114 1227 2158 τὰς
1255 2113 1362 2157 ἄλλας

319 2173 441 2226 ἀρετὰς
469 2173 528 2212 καὶ
556 2172 680 2216 κακίας
709 2172 903 2224 ὁρίζονται,
926 2175 994 2210 τῶν
1017 2172 1208 2225 εἰρημένων
1236 2172 1364 2224 ἐχόμε-

1436 365 1488 389 νοι
1508 349 1557 390 8'.
1616 349 1818 403 Κοινότερον
1840 350 1874 388 δὲ
1891 347 1954 395 τὴν
1970 348 2095 401 ἀρετὴν
2116 349 2265 388 διάθεσιν
2286 343 2375 388 εἶναί
2396 364 2482 402 φασι

1435 411 1549 463 ψυχῆς
1569 408 1753 462 σύμφωνον
1787 410 1875 462 αὐτῇ
1901 409 1981 460 περὶ
2011 407 2090 446 ὅλον
2110 410 2167 446 τὸν
2200 409 2288 459 βίον.
2346 410 2427 449 Τῶν
2448 410 2480 448 δ’

1436 469 1569 520 ἀρετῶν
1589 467 1648 511 τὰς
1681 466 1743 517 μὲν
1762 461 1852 505 εἶναι
1879 466 2042 518 πρώτας,
2070 465 2133 511 τὰς
2155 466 2191 504 δὲ
2222 473 2297 511 ταῖς
2325 468 2480 519 πρώταις

1435 525 1730 578 ὑποτεταγμένας.
1786 526 1938 580 Πρώτας
1953 525 1988 565 δὲ
2004 526 2172 577 τέτταρας
2183 519 2270 564 εἶναι
2280 554 2291 572 ,
2303 525 2480 577 φρόνησιν,

1436 585 1661 638 σωφροσύνην
1675 615 1687 637 ,
1700 584 1860 638 ἀνδρείαν
1877 585 1937 623 καὶ
1954 583 2191 632 δικαιοσύνην.
2251 587 2323 624 Καὶ
2339 584 2404 631 τὴν
2418 583 2480 635 μὲν

1435 645 1599 697 φρόνησιν
1619 644 1758 698 περὶτὰ
1776 643 1974 690 καθήκοντα
1995 644 2192 696 γίγνεσθαι·
2212 643 2275 691 τὴν
2295 643 2331 682 δὲ
2348 659 2479 696 σωφρο-

1437 703 1541 750 σύνην
1564 703 1644 755 περὶ
1664 703 1725 747 τὰς
1748 702 1858 755 ὁρμὰς
1876 707 1936 741 τοῦ
1958 702 2159 756 ἀνθρώπου·
2177 702 2240 750 τὴν
2265 701 2302 741 δὲ
2321 702 2481 755 ἀνδρείαν

1435 762 1516 814 περὶ
1532 762 1594 806 τὰς
1615 762 1808 813 ὑπομονάς·
1824 762 1887 809 τὴν
1911 762 1947 800 δὲ
1970 762 2192 810 δικαιοσύνην
2217 762 2296 813 περὶ
2313 759 2374 806 τὰς
2392 764 2482 801 ἀπο-

1434 823 1610 872 νεμήσεις.
1668 824 1749 862 Τῶν
1783 822 1820 860 δὲ
1855 821 2143 872 ὑποτεταγμένων
2178 820 2212 843 ⁸²
2240 826 2316 865 ταῖς
2341 820 2482 872 ἀρεταῖς

1435 881 1578 924 ταύταις
1597 879 1659 923 τὰς
1680 879 1742 931 μὲν
1763 883 1805 931 τῇ
1827 881 1993 932 φρονήσει
2015 879 2273 932 ὑποτετάχθαι,
2293 878 2355 923 τὰς
2379 878 2417 917 δὲ
2435 881 2479 931 τῇ

1435 939 1638 992 σωφροσύνῃ
1653 967 1663 986 ,
1685 939 1746 981 τὰς
1767 939 1803 976 δὲ
1825 941 1868 990 τῇ
1886 938 2045 991 ἀνδρεία,
2062 938 2124 982 τὰς
2143 938 2180 976 δὲ
2198 941 2244 991 τῇ
2261 937 2477 991 δικαιοσύνῃ.

1434 1000 1488 1049 Τῇ
1513 996 1574 1047 μὲν
1607 993 1665 1036 οῧν
1692 997 1855 1050 φρονήσει
1884 999 2138 1036 ὑποτάττεσθαι
2163 997 2362 1046 εὐδουλίαν,
2383 999 2483 1036 εὐλο-

1434 1057 1589 1107 γιστίαν,
1617 1057 1818 1108 ἀγχίνοιαν,
1848 1057 2064 1109 νουνέχειαν,
2098 1055 2337 1108 εὐμηχανίαν·
2368 1058 2412 1108 τῇ
2443 1054 2482 1094 δὲ

1435 1115 1640 1167 σωφροσύνῃ
1672 1114 1851 1161 εὐταξίαν,
1873 1115 2089 1163 κοσμιότητα
2104 1145 2115 1163 ,
2143 1114 2402 1164 αἰδημοσύνην,
2421 1116 2478 1166 ἐγ-

1434 1174 1597 1224 κράτειαν
1615 1189 1623 1196 ·
1649 1176 1692 1224 τῇ
1717 1172 1752 1210 δὲ
1785 1173 1924 1226 ἀνδρείᾳ
1953 1173 2164 1225 καρτερίαν,
2194 1174 2479 1228 θαρραλεότητα,

1435 1231 1721 1285 μεγαλοψυχίαν,
1753 1233 1942 1286 εὐψυχίαν,
1966 1232 2168 1286 φιλοπονίαν
2182 1248 2190 1257 ·
2219 1236 2263 1284 τῇ
2288 1232 2324 1271 δὲ
2347 1234 2480 1272 δικαιο-

1434 1294 1518 1345 σύνῃ
1543 1293 1742 1339 εὐσέὸειαν,
1776 1292 2002 1344 χρηστότητα
2015 1322 2025 1340 ,
2053 1291 2340 1340 εὐκοινωνησίαν,
2359 1293 2480 1331 εὐσυν-

1434 1351 1616 1396 αλλαξίαν.
1695 1351 1893 1391 Εὐὸουλίαν
1917 1350 1981 1401 μὲν
2013 1346 2070 1390 οῧν
2103 1345 2190 1390 εἶναι
2218 1350 2377 1403 λέγουσιν
2392 1352 2480 1390 ἐπι·

1435 1410 1574 1462 στήμην
1595 1415 1653 1450 τοῦ
1675 1413 1758 1449 ποῖα
1778 1410 1838 1449 καὶ
1862 1413 1936 1454 πῶς
1957 1411 2167 1463 πράττοντες
2187 1411 2361 1463 πράξομεν
2381 1426 2478 1460 συμ-

1433 1471 1615 1523 φερόντως.
1673 1470 1903 1522 Εὐλογιστίαν
1918 1470 1952 1508 δὲ
1968 1470 2164 1520 ἐπιστήμην
2179 1469 2254 1519 ἅμα
2269 1468 2479 1520 διαιρετικὴν

1436 1529 1496 1567 καὶ
1520 1528 1871 1582 ἀνακεφαλαιωτικὴν
1895 1526 1928 1552 ⁸3
1945 1531 2013 1566 τῶν
2033 1528 2243 1580 γιγνομένων
2268 1528 2329 1568 καὶ
2351 1529 2479 1567 ἀποτε-

1685 1587 1879 1639 Ἀγχίνοιαν
1909 1586 1944 1625 δὲ
1977 1587 2175 1637 ἐπιστήμην
2215 1586 2392 1639 εὓρετικὴν
2419 1591 2481 1626 τοῦ

1432 1646 1644 1692 καθήκοντος
1671 1647 1711 1684 ἐκ
1730 1650 1790 1684 τοῦ
1809 1649 2046 1699 παραχρῆμα.
2104 1645 2315 1698 Νουνέχειαν
2336 1644 2372 1684 δὲ
2393 1647 2492 1694 {itt-s

1432 1705 1570 1755 στήμην
1588 1707 1831 1752 ἐπιτευκτικὴν
1849 1709 1911 1744 τοῦ
1931 1708 1964 1744 ἐν
1985 1706 2124 1758 ἑκάστῳ
2150 1708 2296 1745 σκοποῦ.
2354 1707 2479 1754 Εὖμη·

1432 1764 1558 1816 χανίαν
1581 1763 1617 1801 δὲ
1643 1764 1842 1813 ἐπιστήμην
1871 1763 2046 1816 εὑρετικὴν
2067 1763 2216 1808 διεξόδου
2242 1763 2476 1816 πραγμάτων.

1434 1822 1610 1867 Εὐταξίαν
1640 1822 1676 1860 δὲ
1702 1821 1902 1873 ἐπιστήμην
1932 1828 1992 1862 τοῦ
2022 1822 2108 1861 πότε
2139 1823 2330 1875 πρακτέον,
2357 1821 2419 1861 καὶ
2446 1822 2482 1860 τί

1433 1881 1522 1943 μέτιθι
1543 1883 1596 1929 τί,
1614 1881 1675 1920 καὶ
1694 1881 1842 1919 καθόλου
1861 1884 1924 1929 τῆς
1947 1881 2076 1925 τάξεως
2092 1883 2159 1919 τῶν
2179 1881 2350 1933 πράξεων.
2406 1883 2480 1920 Κο-

1431 1941 1605 1991 σμιότητα
1625 1939 1660 1979 δὲ
1677 1939 1877 1990 ἐπιστήμην
1896 1940 2178 1992 πρεπουσῶνκαὶ
2195 1941 2360 1991 ἀπρεπῶν
2379 1938 2478 1986 κινή-

1593 1998 1839 2049 Αἷδημοσύνην
1858 1997 1895 2036 δὲ
1913 1998 2110 2048 ἐπιστήμην
2128 1997 2362 2045 εὐλαὸητικὴν
2376 1998 2477 2051 ὀρθοῦ

1609 2057 1840 2110 Ἐγκράτειαν
1859 2057 1894 2094 δὲ
1915 2056 2113 2106 ἐπιστήμην
2131 2055 2390 2109 ἀνυπέρὸλητον
2407 2059 2478 2094 τῶν

2123 2114 2319 2167 Καρτερίαν
2345 2115 2380 2153 δὲ
2401 2116 2478 2167 ἐπι-

2333 2173 2478 2225 Θαῤῥα-

1436 1588 1496 1625 λου
1502 1587 1626 1635 μένων.

1431 2016 1534 2040 σεων.

1431 2058 1551 2111 ψόγου.

1434 2117 1526 2156 κατὰ
1552 2115 1609 2154 τὸν
1639 2117 1739 2169 ὀρθὸν
1758 2115 1860 2167 λόγον
1880 2115 2066 2169 φανέντων.

1434 2174 1574 2225 στήμην
1611 2174 1847 2226 ἐμμενητικὴν
1875 2179 1944 2217 τοῖς
1981 2175 2088 2225 ὀρθῶς
2114 2177 2275 2226 κριθεῖσι.

320 2334 462 2370 animum
479 2338 541 2370 alia
557 2345 626 2370 esse
639 2337 779 2378 habitus,
797 2338 858 2369 alia
868 2337 1064 2377 affectiones,
1076 2337 1138 2369 alia
1154 2337 1280 2369 habitus
1294 2337 1367 2378 qui-

321 2395 393 2427 dem
407 2395 461 2427 sed
475 2404 538 2426 non
558 2395 760 2436 affectiones,
781 2395 842 2427 alia
855 2404 956 2436 neque
969 2395 1094 2427 habitus
1108 2404 1211 2435 neque
1227 2395 1368 2427 affectio-

322 2464 389 2486 nes.
424 2454 622 2486 Affectiones
648 2454 777 2495 quidem
798 2463 868 2486 esse
885 2454 964 2486 vitia
982 2454 1090 2486 omnia
1104 2478 1113 2494 ‚
1132 2454 1262 2486 habitus
1288 2463 1364 2487 vero

320 2515 444 2545 tantum
465 2513 563 2545 animi
584 2513 823 2553 inclinationes,
849 2517 883 2545 ut
899 2513 1105 2546 invidentiam
1129 2516 1161 2546 et
1183 2513 1366 2545 moestitiam

321 2574 353 2603 et
370 2571 503 2610 similia,
525 2571 654 2603 morbos
672 2573 827 2612 praeterea
850 2573 882 2603 et
901 2572 1141 2612 aegrotationes,
1170 2574 1206 2603 ut
1225 2572 1368 2611 pecuniae

322 2629 548 2669 a11iiditateni,
577 2630 782 2662 vinolentiam
796 2633 892 2671 atque
912 2630 971 2661 alia
991 2630 1159 2670 ejusmodi.
1204 2632 1244 2662 At
1261 2639 1366 2670 neque

324 2688 452 2719 habitus
474 2697 577 2728 neque
595 2688 779 2720 affectiones
803 2697 872 2720 esse
888 2689 1066 2721 functiones
1080 2689 1232 2728 vitiosas,
1250 2691 1286 2720 ut
1302 2689 1365 2720 im-

324 2746 545 2788 prudentiam,
582 2747 698 2786 inJuste
726 2748 846 2779 factum
882 2751 979 2789 atque
1015 2748 1064 2780 liis
1105 2749 1233 2780 similia.
1278 2749 1367 2780 Bona

324 2807 478 2846 praeterea
506 2805 565 2836 alia
583 2814 652 2837 esse
675 2805 715 2836 ad
732 2807 828 2838 finem
854 2807 1062 2847 pertinentia,
1083 2807 1145 2838 alia
1172 2806 1342 2840 efficientia
1357 2830 1366 2846 ,

326 2865 387 2896 alia
418 2864 584 2904 utriusque
607 2865 740 2903 generis.
786 2865 913 2897 Etenim
943 2866 992 2897 vir
1019 2865 1159 2906 prudens
1186 2870 1218 2898 et
1245 2866 1368 2898 amicus

324 2923 492 2955 efficientia
511 2922 666 2954 duntaxat
682 2923 766 2954 bona
779 2928 876 2964 sunt;
896 2925 1047 2964 gaudium
1065 2934 1141 2957 vero
1159 2927 1191 2957 et
1210 2925 1320 2957 laetitia
1336 2926 1369 2958 et

325 2980 515 3012 confidentia
535 2989 573 3011 ac
591 2988 696 3011 sermo
715 2980 815 3012 scitus
836 2981 920 3013 inter
936 2982 1166 3014 ambulandum
1185 2983 1311 3014 habitus
1328 2983 1367 3015 ad

326 3041 420 3079 finem
450 3041 573 3070 tantum
597 3039 785 3079 pertinentia
812 3043 885 3071 sunt
900 3040 999 3079 bona;
1017 3041 1073 3072 sed
1094 3041 1230 3074 virtutes
1254 3051 1366 3074 omnes

327 3100 396 3130 tum
421 3098 592 3130 efficientia
611 3101 686 3129 sunt
701 3097 785 3129 bona
803 3101 870 3130 tum
888 3098 926 3130 ad
947 3099 1041 3131 finem
1065 3100 1273 3140 pertinentia,
1290 3102 1366 3142 quia

324 3157 419 3189 simul
445 3157 625 3189 felicitatem
658 3156 802 3197 gignunt,
822 3156 917 3188 simul
944 3160 1049 3197 partes
1075 3158 1144 3198 ejus
1165 3159 1257 3191 factae
1279 3160 1366 3192 illam

325 3216 465 3256 explent.
510 3215 582 3248 Pari
614 3215 710 3247 etiam
739 3215 861 3247 ratione
891 3217 1051 3248 malorum
1077 3217 1139 3248 alia
1173 3218 1367 3251 infelicitatis

326 3274 496 3307 efficientia
517 3276 612 3313 suut,
636 3274 698 3306 alia
717 3274 757 3305 ad
777 3275 871 3306 finem
893 3275 1098 3316 pertinentia,
1118 3276 1178 3307 alia
1205 3277 1369 3318 utriusque

327 3334 460 3372 generis.
507 3335 631 3374 Quippe
651 3334 747 3364 homo
766 3333 898 3365 demens
918 3335 952 3365 et
973 3333 1121 3365 inimicus
1145 3335 1227 3366 mala
1245 3338 1368 3368 tantum

326 3392 498 3424 efficientia
514 3394 609 3432 sunt,
625 3392 717 3423 dolor
733 3395 839 3424 autem
857 3394 889 3424 et
912 3396 1015 3425 metus
1035 3396 1066 3425 et
1084 3394 1203 3425 furtum
1221 3398 1252 3426 et
1270 3395 1367 3427 stulta

328 3451 530 3491 interrogatio
558 3453 591 3483 et
630 3438 743 3483 similia
765 3451 805 3483 ad
831 3451 925 3484 finem
958 3452 1146 3492 pertinentia
1182 3454 1275 3493 sunt;
1313 3454 1368 3486 sed

327 3509 406 3542 vitia
429 3519 491 3550 qua
512 3510 679 3543 efficientia
704 3518 768 3551 qua
787 3510 826 3542 ad
853 3510 948 3544 tinem
965 3511 1152 3552 pertinentia
1169 3511 1252 3544 mala
1272 3513 1368 3554 sunt,

1429 2340 1596 2377 propterea
1612 2335 1698 2377 quod
1716 2345 1791 2368 curn
1808 2334 2024 2367 infelicitatem
2048 2334 2202 2375 gignunt,
2216 2337 2286 2366 tum
2303 2334 2477 2375 postquam

1428 2396 1499 2436 ejus
1517 2397 1621 2436 partes
1637 2396 1827 2436 evaserunt,
1845 2394 1932 2426 illam
1947 2393 2088 2434 explent.

1469 2450 1675 2487 Prudentiam
1689 2462 1758 2486 esse
1771 2453 1936 2486 scientiam
1951 2452 2168 2485 faciendorum
2183 2454 2215 2485 et
2230 2461 2293 2484 non
2313 2451 2476 2485 faciendo-

1428 2523 1499 2546 rum
1518 2515 1549 2546 et
1562 2517 1749 2545 neutrorum
1762 2537 1770 2552 ‚
1786 2513 1836 2545 vel
1862 2512 2028 2544 scientiam
2052 2512 2210 2544 honorum
2224 2513 2257 2544 et
2269 2511 2426 2544 malorum
2443 2512 2477 2543 et

1427 2578 1615 2607 neutrorum
1640 2573 1787 2606 animalis
1799 2575 1914 2605 natura
1931 2573 2051 2614 civilis,
2071 2572 2167 2613 idque
2185 2573 2281 2605 etiam
2296 2572 2337 2605 de
2350 2573 2476 2605 coeteris

1429 2633 1600 2665 virtutibus
1617 2633 1748 2672 intelligi
1763 2629 1897 2664 volunt.‘
1947 2632 2204 2673 Temperantiam
2219 2640 2292 2664 esse
2308 2631 2474 2663 scientiam

1428 2692 1678 2734 expetendorum
1687 2693 1719 2724 et
1730 2691 1949 2732 fugiendorum
1965 2695 1997 2723 et
2012 2693 2202 2723 neutrorum
2213 2690 2388 2731 ;justitiam
2399 2699 2475 2723 vero

1428 2751 1596 2784 scientiam
1625 2760 1721 2783 snum
1744 2751 1860 2791 cuique
1882 2751 2096 2791 tribuentem3
2126 2746 2347 2782 fortitudinem
2365 2752 2474 2781 antem

1428 2811 1594 2843 scientiam
1615 2811 1861 2842 metuendorum
1881 2812 1914 2841 et
1936 2819 1999 2841 non
2019 2809 2319 2843 metuendorumet
2345 2811 2474 2840 neutro-

1427 2879 1510 2902 rum.
1557 2868 1709 2902 Similiter
1728 2868 1901 2900 amentiam
1917 2877 1986 2900 esse
2008 2867 2166 2899 inscitiam
2181 2867 2338 2898 bonorum
2355 2867 2388 2898 et
2403 2874 2473 2897 ma·

1428 2929 1534 2960 lorum
1551 2929 1583 2961 et
1603 2929 1808 2966 neutrorum,
1825 2927 1877 2958 vel
1890 2926 2102 2966 ignorantiam
2121 2925 2338 2958 faciendorum
2357 2926 2390 2957 et
2408 2933 2473 2956 uon

1431 2987 1650 3019 faciendorum
1681 2989 1713 3018 et
1744 2988 1945 3018 neutrorum.
1991 2985 2052 3017 Sed
2086 2984 2364 3025 intemperantiam
2401 2991 2474 3015 esse

1428 3046 1585 3078 inscitiam
1616 3045 1865 3086 expetendorum
1897 3046 1929 3075 et
1958 3043 2180 3084 fugiendorum
2203 3044 2236 3075 et
2267 3046 2471 3074 neutrorum.

1428 3107 1550 3137 Contra
1573 3104 1761 3144 injustitiam
1788 3111 1859 3135 esse
1883 3102 2094 3142 ignorantiam
2113 3110 2211 3133 suum
2230 3100 2345 3141 cuique
2372 3099 2470 3132 dene·

1428 3165 1568 3203 gantem.
1612 3162 1777 3202 Ignaviam
1792 3169 1869 3193 vero
1895 3159 2054 3191 inscitiam
2081 3158 2323 3191 metuendorum
2348 3166 2386 3189 ac
2405 3166 2471 3189 non

1429 3221 1675 3253 metuendorum
1693 3222 1725 3253 et
1741 3221 1941 3266 neutrorum.
1985 3218 2106 3250 Eodem
2119 3226 2218 3258 prope
2234 3216 2332 3248 modo
2349 3215 2470 3256 reliqua

1429 3280 1524 3311 etiam
1544 3280 1698 3311 virtutum
1718 3279 1934 3318 vitiorumque
1950 3285 2063 3317 genera
2084 3276 2242 3317 praedictis
2255 3275 2472 3307 adhaerescen-

1430 3340 1477 3369 tes
1503 3339 1669 3370 definiunt.
1715 3338 1925 3370 communius
1959 3339 2064 3367 autem
2085 3336 2238 3366 virtutem
2266 3343 2333 3365 esse
2358 3333 2472 3365 dicunt

1429 3397 1525 3428 animi
1545 3398 1746 3428 affectionem
1767 3405 1875 3428 secum
1893 3404 1948 3436 per
1967 3397 2066 3426 totam
2089 3395 2185 3424 vitam
2206 3393 2469 3424 consentientem.

1428 3454 1570 3487 Virtutes
1587 3465 1681 3496 porro
1695 3455 1774 3487 alias
1795 3455 1912 3495 primas
1926 3455 2066 3494 ponunt,
2082 3452 2160 3483 alias
2175 3451 2284 3491 primis
2297 3451 2468 3491 subjectas.

1428 3513 1549 3545 Primas
1568 3513 1696 3554 quidem
1716 3516 1866 3555 quatuor,
1885 3511 2106 3554 prudentiam,
2123 3510 2387 3551 temperantiam,
2406 3510 2466 3541 for·

2614 1075 2635 1330 ramam-mmmm„
2618 943 2635 1061 ti.¹>21v2‹·⁶;..:1:
2618 923 2619 926 ⁴
2613 885 2628 898 ³-
2619 865 2626 873 ι·
2613 647 2634 712 ἐτ-«Αἰ
2613 631 2632 636 ἱ
2615 512 2629 524 ⁴.
2608 386 2635 443 ,²222
2610 226 2631 248 ’ἶ
2609 199 2631 211 ζ
2605 135 2615 146 ²
2609 65 2612 66 ’
