2638 3840
707 252 933 301 EJUSQUE
959 253 1242 294 DISCIPULIS
1270 256 1334 294 ΕΤ
1361 256 1775 310 SUCCESSOBIBUS.

2191 271 2306 298 XXXV

229 338 472 388 Charmadas,
495 338 712 379 Catinensis
729 338 806 393 (7),
825 339 1047 380 Jamblicho
1075 341 1208 393 Judice
1276 344 1518 383 Charondam
1547 345 1596 384 ad
1614 344 1845 396 Pythagorae
1866 345 2131 384 auctoritatem
2157 359 2198 385 se
2218 361 2309 385 con·

172 409 274 436 unus
288 409 337 435 ex
355 397 514 448 optimis
527 397 652 448 legum
673 398 956 446 inventoribus,
976 399 1210 452 Pythagorae

171 453 386 506 discipulus
400 455 487 504 fuit,
504 456 538 494 si
553 456 814 496 vera'tradunt
828 456 971 496 Seneca
985 458 1056 511 (8),
1073 458 1212 510 Dioge-

170 526 240 553 nes
256 513 444 562 Laertius,
459 514 704 567 Porphyrius
720 525 834 567 atque
849 516 950 555 idem
971 517 1211 557 Jamblichus

169 581 228 612 ter
263 573 337 612 hoc
363 582 496 626 aperte
522 574 667 614 dicens.
699 574 774 613 Sed
803 576 989 628 temporis
1021 576 1209 615 rationem

167 632 324 671 illorum
343 633 521 671 virorum
538 634 808 673 consuetudini
827 633 982 673 obstare
1002 635 1208 677 credimus.

167 691 274 731 ldem
300 691 554 744 judicandum
577 693 626 731 de
650 693 894 745 quorundam
922 694 1110 746 opinione
1141 697 1209 746 qui

166 751 411 790 affirmarunt
430 752 719 791 Onomacritum
746 751 799 804 (9)
820 753 988 804 primum
1019 754 1208 793 exstitisse

167 810 354 850 eximium
370 811 498 862 legum
515 820 730 851 sanctorem
758 812 800 850 in
820 825 943 864 eoque
959 812 1088 851 studio
1102 814 1204 865 apud

165 868 365 909 Cretenses
395 882 435 908 se
470 870 708 916 exercuisse,
741 883 860 922 quum
906 870 1052 910 Locrus
1089 880 1207 923 esset,

164 927 289 967 sedin
304 930 378 968 ista
393 929 521 968 insula
534 937 695 981 propter
705 928 983 968 divinationem
998 943 1208 969 commora-

163 994 286 1035 retur,
317 986 513 1039 hujusque
537 987 655 1026 fuisse
681 987 852 1026 sodalem
878 987 1077 1027 Thaletem
1107 989 1202 1040 (ιο),

163 1044 336 1085 Thaletis
352 1046 546 1086 auditores
571 1045 790 1098 Lycurgum
808 1054 846 1085 et
872 1042 1100 1093 Zaleucum,
1130 1047 1205 1086 Za-

164 1103 263 1143 leuci
273 1104 441 1157 denique
455 1105 689 1158 discipulum
702 1105 960 1144 Charondam.
979 1106 1149 1144 Omnino
1163 1108 1206 1146 li·

164 1171 223 1202 cet
242 1163 390 1202 incerta
407 1163 621 1202 Charondae
640 1171 729 1202 aetas
745 1163 796 1202 sit
808 1193 820 1214 ‚
838 1172 964 1203 tamen
980 1177 1030 1203 ex
1044 1164 1203 1203 Eusebii

122 1222 129 1227 ’
162 1222 386 1261 testimonio
405 1222 473 1273 qui
503 1220 679 1272 magistri
710 1222 818 1261 illius
837 1223 900 1261 vel
919 1223 1033 1262 amici
1049 1222 1203 1262 Zaleuci

162 1280 297 1320 florem
324 1281 366 1319 in
399 1280 620 1332 olympiad.
649 1280 773 1319 XXIX
791 1294 935 1320 annum
952 1282 1121 1334 primum
1142 1283 1201 1320 vel

164 1339 207 1378 in
222 1351 365 1378 annum
386 1347 474 1377 ante
492 1338 584 1379 Chr.
605 1352 647 1378 n.
667 1339 743 1384 664
766 1339 942 1378 incidere
964 1340 1089 1387 docet,
1117 1340 1201 1379 col-

161 1398 256 1450 ligas
274 1411 362 1438 eum
382 1406 471 1437 ante
489 1397 751 1450 Pythagoram
781 1398 941 1438 vixisse.
967 1398 1044 1445 Qui
1077 1399 1201 1449 igitur

158 1542 264 1589 νόντας
278 1555 341 1584 τῶν
353 1550 388 1595 εὖ
402 1550 575 1591 γεγονότων
587 1550 661 1583 ὅταν
681 1550 887 1594 ταριχεύωσιν
897 1574 906 1590 ,
927 1550 991 1592 ἰδίᾳ
1007 1551 1063 1590 τὴν
1082 1551 1201 1583 κοιλίαν

158 1599 307 1638 ἐξελόντες
318 1599 372 1630 καὶ
386 1599 430 1635 εἰς
444 1598 578 1630 κιὸωτὸν
597 1599 746 1636 ἐνθέντες,
772 1597 851 1640 μετὰ
871 1601 934 1630 τῶν
952 1598 1053 1630 ἄλλων
1077 1598 1121 1630 ὠν
1138 1599 1203 1631 δια-

157 1646 341 1690 πράττονται
361 1645 438 1686 ὑπὲρ
462 1647 518 1677 τοῦ
536 1649 666 1687 νεκροῦ,
692 1645 746 1677 καὶ
770 1645 825 1683 τὴν
854 1644 991 1676 κιδωτὸν
1017 1647 1199 1687 κρατοῦντες

156 1694 232 1752 πρὸς
243 1694 296 1727 τὸν
308 1693 394 1731 ἣλιον
409 1691 624 1734 μαρτύρονται,
637 1693 703 1729 ἑνὸς
718 1694 782 1725 τῶν
796 1692 873 1734 ὑπὲρ
888 1694 944 1724 τοῦ
960 1695 1069 1733 νεκροῦ
1090 1703 1199 1725 ποιου·

32 1771 36 1781 ,.
158 1743 250 1784 μένου
264 1741 356 1782 λόγον
370 1742 642 1782 τῶνταριχευτῶν.
655 1738 745 1771 Ἔστι
761 1739 795 1771 δὲ
815 1739 869 1770 καὶ
885 1738 903 1770 ὁ
925 1737 1032 1779 λόγος,
1053 1738 1087 1770 ὃν
1077 1739 1198 1781 ἠρμή-
1201 1777 1204 1780 ἡ

36 1796 43 1829 ’,
96 1816 97 1819 ,
155 1799 262 1822 νευοεν
276 1788 449 1828 Ἔκφαντος
468 1785 504 1818 ἐκ
530 1789 584 1824 τῆς
608 1785 739 1827 πατρίου
762 1785 935 1826 διαλέκτου,
961 1788 1110 1822 τοιοῦτος·
1139 1798 1155 1814 ι
1171 1786 1198 1817 ὧ

155 1835 293 1868 δίο-ποτα
302 1834 369 1873 ἥλιε
384 1833 438 1865 καὶ
455 1833 518 1865 θεοὶ
540 1832 649 1869 πάντες
661 1834 691 1864 οἱ
706 1833 762 1871 τὴν
774 1833 855 1870 ζωὴν
870 1835 934 1869 τοῖς
945 1832 1117 1873 ἀνθριὶηιοις
1132 1832 1199 1866 δόν-

155 1894 205 1920 τες
216 1906 227 1922 ,
243 1881 450 1925 προσδέξασθὲ
466 1891 504 1920 με
513 1881 566 1912 καὶ
579 1879 734 1922 παράδοτε
746 1883 808 1916 τοῖς
823 1878 931 1917 ἀϊδίοις
944 1881 1023 1916 θεοῖς
1038 1879 1194 1914 σύνοικον.

156 1930 309 1972 Ἔγὼγὰρ
323 1929 395 1966 τοὺς
416 1928 514 1967 θεοὺς,
540 1928 593 1965 οὓς
617 1929 648 1960 oi
660 1931 759 1968 γονεῖς
777 1938 830 1969 μοι
851 1927 1042 1969 παρέδειξαν,
1057 1928 1197 1961 εὐοεὸὥν

155 1978 307 2011 διετέλουν
321 1976 397 2008 ὅσον
422 1974 532 2017 χρόνον
548 1974 581 2006 ἐν
600 1977 645 2015 τῷ
674 1974 800 2007 ἐκείνων
827 1975 918 2006 αἰῶνι
935 1973 989 2006 τὸν
1011 1973 1079 2014 βίον
1098 1974 1197 2015 εἶχον,

154 2026 226 2062 τούς
239 2035 273 2057 τε
287 2025 324 2056 τὸ
342 2022 437 2063 σῶμα
452 2033 512 2064 μου
527 2022 733 2063 γεννήσαντας
759 2022 871 2063 ἐτίμων
894 2021 954 2054 ἀεί·
967 2024 1032 2053 τῶν
1049 2031 1081 2052 τε
1097 2021 1198 2054 ἄλλων

155 2070 339 2126 ἀνθρώπων.
343 2069 452 2102 οὐδένα
475 2069 545 2101 οὔτε
567 2068 733 2100 ἀπέκτεινα
747 2068 819 2100 οὔτε
839 2067 1103 2108 παρακαταθήκην
1122 2067 1195 2100 ἀπε

154 2115 291 2175 στέρησα
305 2117 376 2149 οὔτε
390 2117 464 2148 ἀλλο
482 2115 596 2148 οὐδὲν
581 2115 750 2153 ανήκεστον
762 2114 980 2173 διεπραξάμην.
998 2114 1037 2146 ΕΙ
1050 2114 1083 2146 δι’
1095 2125 1124 2146 τι
1137 2115 1197 2158 ἄρα

153 2166 234 2199 κατὰ
247 2165 301 2198 τὸν
317 2164 451 2206 ἐμαυτοῦ
471 2163 539 2205 βίον
557 2163 693 2204 ἥμαρτον
708 2163 728 2201 ἡ
747 2163 853 2203 φαγὼν
865 2164 885 2202 ἢ
901 2162 982 2194 πιὼν
998 2161 1042 2192 ὧν
1059 2162 1103 2201 μὴ
1115 2163 1196 2203 οιμι.

126 2247 134 2257 ,
151 2214 206 2246 τὸν
226 2211 278 2252 ἦν,
290 2212 327 2244 οὺ
347 2211 387 2244 δι’
400 2210 534 2252 ἄμαυτὰν
546 2210 695 2263 ἥμαρτον,
720 2209 799 2242 ἀλλὰ
816 2209 867 2241 διὰ
886 2211 1016 2241 ταῦτα·
1000 2207 1130 2246 »δείξας
1140 2210 1196 2248 τὴν

153 2251 299 2298 assonat,
313 2258 344 2291 lv
358 2256 379 2298 ἡ
395 2259 415 2295 ἡ
433 2255 602 2298 γαστὴρν
565 2267 602 2295 ην
606 2257 690 2287 ,Καὶ
709 2258 805 2289 ταῦτα
820 2256 916 2288 εἰπὼν
930 2255 973 2293 είς
990 2257 1042 2289 τὸν
1055 2257 1196 2298 ποταμὸν

152 2306 281 2348 ἀφίησι,
294 2306 331 2338 τὸ
347 2305 381 2338 δὲ
398 2304 472 2336 ἀλλο
490 2306 585 2344 σῶμα
598 2305 640 2340 ὡς
659 2303 795 2345 καθαρὸν
809 2304 974 2346 ταριχεύει.
993 2305 1102 2341 Οὕτως
1115 2304 1194 2337 ἀπο·
1223 2343 1225 2351 ἱ

151 2353 258 2394 λογίας
275 2353 394 2385 δεῖσθαι
421 2351 571 2392 ᾠήθησαν
588 2351 663 2392 πρὸς
687 2351 724 2383 τὸ
747 2351 829 2383 θεῖον
854 2350 970 2392 (κῆρ’
950 2363 993 2383 ων
1012 2351 1126 2392 ἔφαγον
1141 2353 1193 2383 καὶ
1223 2365 1225 2384 e

1222 2396 1225 2421 ἶ
1253 2398 1341 2435 πόλις
1356 2398 1523 2438 νομοθέτην
1539 2397 1655 2437 ἀγαθὸν
1670 2397 1829 2437 γεγονεναι
1845 2396 1897 2428 καὶ
1910 2398 1989 2436 σφᾶς
2003 2396 2193 2435 ὠφεληκέναι
2206 2408 2216 2437 ;
2235 2397 2298 2429 Χα-

151 2399 251 2440 Ιπιον,
278 2399 333 2431 καὶ
362 2397 415 2431 διὰ
439 2400 539 2430 ταῦτα
558 2398 696 2438 ὑδρίσαι.
725 2415 766 2424 -—
786 2398 833 2438 (7)
863 2399 1070 2431 catinensem
1095 2399 1193 2431 fuisse

151 2446 356 2480 Charondam
379 2446 542 2478 testantur
560 2443 746 2477 Aristoteles
766 2444 890 2478 Politic.
912 2445 969 2478 lib.
989 2446 1022 2479 11
1040 2454 1112 2486 cap.
1141 2450 1190 2482 12.

152 2493 335 2536 Stephanus
363 2491 538 2534 Byzantius
558 2499 590 2523 ν.
626 2490 753 2530 Κατάνῃ
783 2491 902 2527 etalii.
937 2493 1085 2525 Fortasse
1106 2492 1192 2533 apud

96 2539 98 2541 ’
151 2539 313 2574 Thurinos
321 2538 440 2581 quibus
458 2538 542 2580 leges
556 2537 718 2580 scripsisse
731 2538 832 2571 fertur
845 2538 1045 2579 aliquamdiu
1058 2539 1195 2580 peregri-

152 2590 246 2622 natus
276 2587 336 2620 est.
374 2586 484 2626 ltaque
519 2585 701 2619 Thurinum
738 2593 815 2619 eum
845 2585 1008 2627 appellant
1042 2586 1190 2619 valerius

153 2635 317 2669 unximus
334 2633 390 2667 lib.
410 2636 456 2668 vl
477 2641 550 2675 cap.
564 2636 596 2673 5,
615 2632 814 2667 Themistum
832 2634 922 2666 orat.
939 2635 971 2667 11
988 2642 1019 2675 p.
1038 2637 1075 2667 31
1098 2635 1193 2676 atque

152 2682 207 2716 alii
235 2681 418 2724 scriptores.
446 2682 508 2714 Pro
523 2680 653 2714 Thuriis
673 2688 749 2714 voro
778 2680 923 2714 nonnulii
941 2681 1023 2714 male
1046 2681 1191 2721 legerunt

152 2730 283 2773 Tyrios,
302 2728 357 2770 qul
380 2727 551 2761 manifesto
569 2736 680 2761 errore
704 2727 789 2769 capii
802 2735 822 2760 a
834 2727 1006 2761 Charonds
1019 2728 1187 2766 carthagi·

152 2775 310 2810 niensium
331 2774 533 2815 disciplinam
553 2772 676 2816 legibus
692 2774 856 2807 astrictam
872 2782 942 2807 esse
955 2774 1190 2807 existimarunt.

150 2842 191 2852 —
205 2824 252 2865 (8)
275 2824 399 2857 Seneca
418 2821 510 2863 epist.
534 2824 575 2855 90
593 2833 602 2854 ι
621 2819 748 2855 Zaleuci
769 2819 852 2862 iege·
869 2822 1113 2862 Charondaeque
1130 2822 1194 2854 lau-

149 2870 279 2904 dantur.
306 2868 347 2903 ui
370 2876 434 2901 non
449 2868 481 2901 lu
502 2867 586 2910 foro,
601 2876 660 2901 nec
681 2868 715 2901 in
730 2868 951 2901 consultorum
967 2870 1063 2908 atrio,
1086 2869 1142 2902 sed
1160 2870 1190 2901 ln

154 2916 344 2959 Pythagora
363 2915 464 2949 tacito
480 2914 535 2948 illo
557 2916 736 2957 noctoque
756 2923 882 2948 seeeuu
909 2893 1089 2948 didioeruiit
1106 2915 1191 2955 jura,

149 2973 225 3007 qua
245 2962 374 2996 llorenti
394 2964 473 2995 tono
483 2961 603 2996 stellio
618 2962 652 2995 et
663 2970 719 3004 per
734 2961 862 2995 ltaliam
876 2962 1010 2995 Graecim
1026 2964 1189 3003 ponerent.

151 3011 308 3053 Diogenes
325 3010 472 3043 Laertius
486 3008 542 3043 lib.
559 3010 650 3049 vm,
676 3012 747 3042 le·
767 3006 877 3047 ἄλλους
900 3020 934 3042 τε
954 3009 1086 3045 πολλοὺς
1109 3010 1191 3041 κατὰ

149 3058 204 3097 τήν
218 3055 350 3091 Ἰταλίαν
371 3055 608 3098 ἀπεργάσασθαι
634 3056 748 3094 καλούς
773 3066 807 3087 τε
834 3057 887 3088 καὶ
911 3056 1043 3096 ἀγαθοὺς
1068 3055 1189 3095 ἄνδρας·

150 3104 228 3147 ἀτὰρ
242 3104 295 3137 καὶ
313 3103 468 3136 Ζάλευκον
489 3103 543 3135 καὶ
566 3103 735 3144 Χαρώνδαν
755 3105 826 3141 τοὺς
841 3104 1018 3142 νομοθέτας.
1041 3102 1091 3134 Cf.
1112 3103 1190 3135 Por·

151 3151 282 3193 'viarius
299 3151 355 3183 vii.
371 3149 508 3192 l’ytlng.
528 3157 599 3191 cap.
619 3152 671 3183 21.
690 3169 729 3178 -
746 3152 793 3191 (9)
813 3150 999 3183 Aristoteles
1025 3149 1188 3182 Polliioor.

149 3197 205 3231 lib.
224 3198 254 3231 n
270 3206 342 3239 cap.
361 3199 397 3230 ¹²
416 3209 424 3229 ι
440 3199 606 3239 πειρὸνται
619 3197 653 3230 u
671 3208 750 3235 τινες
764 3198 819 3230 καὶ
839 3196 982 3236 συνάγειν
1000 3196 1042 3232 ὡς
1055 3194 1191 3235 Ὀνομα-

150 3242 256 3287 κρίτου
273 3246 328 3284 μὶν
343 3253 387 3284 γε·
386 3243 508 3283 κυμίνου
523 3243 648 3286 πρώτου
659 3244 760 3276 δεινοῦ
774 3244 842 3286 περὶ
852 3241 1048 3283 νομοθεσίαν.
1069 3252 1188 3282 γυμνα-

149 3292 259 3331 σθῆναι
278 3289 399 3323 aasz&
417 3291 448 3323 iv
465 3290 571 3332 Κρήτῃ
587 3290 708 3333 Λοκρόν
720 3290 795 3324 ὄντα
818 3291 870 3322 καὶ
887 3289 1094 3327 ὄπιδημοῦντα
1108 3288 1190 3320 κατὰ

149 3338 346 3427 2qu
269 3345 427 3417 ΜΤ
422 3334 1189 3427 'wssffam‘ffl‘f’ssffiss‘a‘i‘imwmf

382 3394 422 3416 υιι

149 3428 238 3465 Ἀλλὰ
246 3433 343 3464 ταῦτα
357 3430 562 3473 μὶνλίγουοιν
577 3429 800 3473 ἀσκεπτότερον
814 3433 858 3471 τῷ
871 3429 972 3470 χρόνῳ
987 3428 1135 3469 λέγοντες.
1147 3447 1189 3457 -

153 3477 220 3519 (ιο)
231 3478 428 3517 cretensem.
450 3484 514 3510 non
528 3475 700 3510 Milesion.
717 3493 759 3501 —
778 3477 844 3517 (ιι)
861 3474 1047 3509 Aristoteles
1063 3474 1185 3510 Politia.

1272 402 1405 441 tulisse
1424 403 1694 455 prodiderunt,
1726 416 1792 442 eos
1826 404 1948 454 magis
1983 404 2110 454 legum
2138 404 2310 444 hominis

1272 461 1486 501 Catinensis
1505 476 1592 501 cum
1608 462 1938 514 Pythagoreorum
1957 463 2064 501 scitis
2080 464 2311 502 convenien-

1271 518 1364 556 tiam
1381 529 1584 571 spectasse,
1606 533 1723 572 quam
1741 521 1926 572 temporis
1950 520 2127 560 ordinem
2145 534 2310 560 conser-

1269 589 1382 615 vasse
1398 577 1533 628 liquet.
1550 577 1671 628 Leges
1689 577 1797 616 dedit
1811 577 2037 617 Charondas
2053 578 2207 618 civibus
2226 580 2308 618 suis

1269 635 1542 676 Catinensibus
1562 637 1594 687 (1
1606 637 1639 690 1)
1665 645 1705 676 et
1717 637 1805 677 aliis
1827 637 2067 677 Chalcidicis
2084 638 2308 678 civitatibus

1269 691 1391 732 ltaliae
1407 708 1451 734 ac
1466 696 1620 734 Siciliae.
1642 697 1727 742 Qua
1754 709 1795 735 re
1814 696 2064 735 vehementer
2083 697 2308 736 multitudi-

1268 752 1331 790 nis
1353 765 1445 803 erga
1469 767 1557 792 eum
1587 768 1695 793 amor
1713 763 1928 794 commotus
1948 764 2025 803 est,
2042 756 2096 794 ita
2109 764 2153 794 ut
2178 756 2219 794 in
2239 770 2308 808 pa-

1267 811 1342 849 tria
1353 811 1450 850 urbe
1465 812 1601 851 divino
1618 814 1765 852 honore
1783 814 2000 853 afficeretur
2025 813 2121 868 (xa).
2142 813 2306 853 Chalci-

1267 868 1365 907 dicae
1395 884 1492 909 vero
1521 872 1696 911 civitates
1725 886 1820 923 quas
1854 872 2003 923 legibus
2038 873 2206 912 conditis
2243 875 2308 912 vir

1267 941 1428 978 magnus
1461 929 1539 968 sibi
1571 930 1749 970 devinxit
1783 946 1805 970 a
1825 932 1998 983 Scymno
2025 932 2124 971 Chio
2155 933 2233 985 (13)
2264 934 2305 973 in

1264 987 1399 1027 Sicilia
1425 989 1674 1028 nominantur
1702 999 1842 1042 praeter
1868 991 2044 1030 Catinam
2076 991 2302 1043 Callipolis,

1264 1045 1424 1096 Euboea,
1443 1048 1614 1098 Himera,
1628 1048 2154 1099 Tauromenium,Leontini‚
2175 1051 2303 1103 Mylae,

1263 1104 1412 1153 Naxos,
1433 1106 1573 1146 Zancle
1601 1122 1610 1145 ε
1630 1108 1671 1146 in
1687 1108 1798 1147 Italia
1815 1109 2018 1159 Rhegium.
2035 1108 2305 1150 Theodoretus

1263 1178 1420 1216 quoque
1437 1165 1484 1205 de
1500 1175 1623 1205 curat.
1645 1167 1769 1208 Graec.
1792 1168 1983 1206 affection.
2005 1167 2075 1206 lib.
2096 1166 2150 1205 lx
2168 1182 2208 1220 p.
2229 1176 2302 1216 ¹²4

1262 1222 1508 1263 Charondam
1541 1226 1596 1264 ait
1623 1226 1791 1277 primum
1816 1226 1927 1264 Italis
1955 1226 2173 1277 Siculisque
2201 1227 2303 1278 leges
2348 1246 2352 1250 -

1262 1281 1512 1334 imposuisse.
1540 1286 1593 1323 Ac
1612 1284 1807 1335 Rheginos
1833 1284 1990 1336 quidem
2010 1285 2182 1324 hominis
2201 1286 2304 1326 Cati-

1261 1343 1389 1382 nensis
1410 1343 1578 1382 tenuisse
1591 1343 1838 1396 disciplinam
1858 1352 1992 1383 auctor
2005 1353 2062 1383 est
2082 1345 2304 1385 Heraclides

1261 1400 1364 1440 libro
1380 1402 1428 1441 de
1441 1402 1606 1454 politiis,
1622 1403 1794 1442 AElianus
1814 1403 1893 1455 (14)
1913 1412 2037 1442 autem
2059 1404 2176 1442 refert
2192 1404 2301 1443 illum

1261 1472 1284 1497 a
1300 1460 1455 1500 civibus
1474 1462 1554 1500 suis
1588 1462 1629 1500 in
1655 1463 1833 1501 exsilium
1854 1462 2018 1514 ejectum
2040 1461 2302 1513 Rheginorum

1260 1520 1539 1571 rempublicam
1563 1521 1775 1560 ordinasse.
1808 1521 1913 1567 Quin
1942 1521 2057 1559 etiam
2081 1520 2183 1572 apud
2202 1522 2302 1560 Por-

1259 1577 1444 1629 phyrium
1462 1578 1542 1632 (15)
1561 1588 1598 1617 et
1615 1578 1877 1618 Jamblichum
1899 1579 2082 1630 legimus,
2105 1579 2302 1631 Pythago-

1259 1650 1341 1675 ram
1376 1639 1562 1683 servitute
1602 1637 1832 1686 Crotonem,
1868 1630 2041 1690 Sybarin
2055 1667 2066 1688 ‚
2103 1638 2300 1688 Catinam,

1260 1695 1465 1748 Rhegium,
1482 1697 1692 1745 Himeram,
1708 1698 1978 1748 Agrigentum,
1996 1696 2301 1737 Tauromenium

1258 1756 1431 1807 aliasque
1463 1757 1639 1796 civitates
1668 1756 1870 1804 liberasse,
1891 1770 2011 1808 quum
2038 1770 2109 1809 per
2133 1756 2219 1808 ejus
2238 1758 2302 1797 di-

1258 1814 1431 1867 scipulos
1467 1815 1708 1855 Charondam
1744 1815 1989 1854 Catinensem
2023 1824 2061 1854 et
2094 1815 2301 1855 Zaleucum

1258 1874 1423 1914 Locrum
1445 1875 1526 1914 illis
1543 1877 1647 1926 leges
1678 1874 1940 1915 scriberentur
1966 1888 2131 1926 quarum
2162 1889 2236 1927 ope
2265 1886 2303 1915 et

1259 1934 1351 1984 ipsae
1378 1934 1585 1973 floruerint
1613 1943 1651 1973 et
1668 1934 1832 1973 istorum
1859 1934 2034 1972 locorum
2069 1934 2212 1972 accolis
2240 1935 2301 1973 sui

1258 1991 1553 2032 admirationem
1579 1993 1648 2032 diu
1666 1992 1888 2044 injecerint.
1908 1992 2127 2045 Stephanus
2151 1992 2301 2044 Byzan-

1258 2052 1334 2091 tius
1353 2051 1433 2104 (16)
1451 2066 1488 2093 v.
1511 2051 1659 2099 Κατάνη
1685 2051 1931 2090 Charondam
1956 2060 2068 2090 vocat
2095 2050 2154 2090 τὸν
2176 2051 2300 2101 διάση-

1255 2209 1309 2242 lib.
1322 2211 1350 2243 ll
1363 2218 1434 2250 cap.
1456 2214 1492 2243 12
1505 2210 1685 2250 ινομοθὲται
1697 2208 1870 2250 δ’ἐγὲνοντο
1884 2208 2037 2246 Ζάλευκός
2047 2220 2081 2241 τε
2094 2211 2225 2252 Λοκροῖς
2232 2214 2298 2247 τοῖς

1254 2256 1473 2298 Ἐπιζεφυρίοις
1493 2257 1547 2288 καὶ
1559 2257 1724 2297 Χαρώνδας
1737 2257 1755 2288 ὁ
1775 2257 1948 2292 Καταναῖος
1961 2258 2027 2292 τοῖς
2043 2256 2140 2288 αὑτοῦ
2158 2256 2297 2294 πολίταις

1254 2298 1309 2336 καὶ
1321 2307 1387 2341 ταῖς
1397 2304 1502 2340 ἄλλαις
1514 2306 1582 2340 ταῖς
1598 2303 1802 2340 Χαλκιδικαῖς
1816 2302 1927 2336 πόλεσι
1939 2304 2005 2338 ταῖς
2014 2302 2084 2342 περὶ
2097 2300 2230 2334 Ἰταλίαν
2243 2304 2297 2335 καὶ

1255 2350 1407 2384 Σικελίαν.
1426 2350 1517 2383 Plato
1527 2350 1567 2383 de
1585 2349 1708 2391 republ.
1721 2350 1774 2382 lib.
1792 2350 1821 2382 X
1837 2357 1869 2390 p.
1886 2352 1946 2382 599
1962 2357 1970 2377 t
1992 2349 2029 2381 σὲ
2044 2349 2077 2381 δὲ
2095 2349 2141 2386 τίς
2157 2350 2294 2382 αἰτιᾶται

1253 2445 1372 2486 ρὼνδαν
1387 2445 1442 2485 μὲν
1457 2444 1516 2485 γὰρ
1526 2443 1643 2476 Ἰταλία
1657 2444 1710 2475 καὶ
1723 2443 1850 2476 Σικελία
1861 2443 1913 2475 καὶ
1931 2445 2018 2483 ἡμεῖς
2032 2443 2158 2475 Σόλωνα
2174 2445 2240 2476 κτλ.
2257 2462 2297 2468 -

1255 2491 1320 2531 (12)
1346 2489 1545 2523 ⁷lamblichus
1572 2489 1612 2522 da
1638 2489 1698 2522 vit.
1720 2489 1854 2531 Pythag.
1886 2498 1956 2530 cap.
1986 2493 2038 2522 ³0.
2061 2507 2100 2513 —
2124 2490 2190 2532 (ι3)
2220 2493 2298 2532 Scy-

1254 2546 1348 2569 mnus
1357 2537 1459 2569 Chius
1468 2544 1500 2568 v.
1513 2538 1669 2569 283·2902
1687 2537 1766 2579 μετὰ
1782 2540 1882 2569 ταῦτα
1894 2536 1921 2569 δ’
1939 2535 2003 2568 ἀπὸ
2019 2537 2121 2574 Νάξου
2134 2539 2294 2570 Λεοντῖνοι

1252 2584 1339 2621 πόλις
1348 2608 1358 2625 ,
1371 2586 1392 2623 ἡ
1405 2584 1460 2622 τήν
1473 2583 1556 2616 θίσιν
1577 2582 1604 2615 τ’
1625 2583 1745 2624 ἔχουσα
1761 2583 1890 2625 Ῥηγίου
1904 2584 2000 2625 πέραν
2009 2608 2019 2624 ,
2034 2584 2084 2616 ἐπὶ
2099 2588 2155 2617 τοῦ
2169 2585 2202 2617 δὲ
2217 2596 2296 2628 πορ-

1253 2633 1332 2673 θμοῦ
1344 2632 1469 2671 κειμένη
1494 2634 1548 2669 τῆς
1577 2630 1735 2671 Σικελίας,
1762 2631 1887 2672 Ζάγκλη
1899 2654 1910 2671 ,
1942 2630 2070 2669 Κατάνῃ
2082 2655 2092 2671 ,
2109 2633 2295 2669 Καλλίπολις

1253 2678 1323 2721 ἔσχ’
1335 2678 1492 2711 ἀποικίαν.
1519 2677 1620 2711 Πάλιν
1640 2676 1666 2710 δ’
1678 2678 1742 2711 ἀπὸ
1759 2679 1879 2711 τούτων
1906 2678 1963 2711 δύο
1983 2679 2087 2716 πόλεις
2106 2680 2223 2712 Εὔδοια
2241 2681 2294 2712 καὶ

1253 2727 1355 2758 Μυλαι
1371 2723 1629 2767 κατῳκίσθησαν,
1644 2725 1901 2766 ἆπικαλούμεναι,
1917 2724 1973 2758 εἷθ’
1987 2724 2012 2757 '1
2016 2726 2095 2768 μὶρα
2107 2726 2160 2758 καὶ
2171 2728 2292 2768 Ταυρο-

1253 2773 1354 2812 μένιον
1367 2771 1527 2812 λεγομένη·
1547 2771 1625 2804 εἰσὶν
1636 2771 1670 2804 δε
1691 2774 1791 2804 πᾶσαι
1817 2772 1998 2805 Χαλκιδέων
2011 2772 2103 2805 αὗται
2122 2772 2237 2811 πόλεις.
2252 2792 2293 2798 —-

1252 2821 1320 2858 (14)
1333 2818 1473 2851 AElianus
1486 2826 1555 2851 var.
1570 2819 1646 2852 hist.
1663 2818 1717 2852 lib.
1726 2820 1773 2852 ΙΙΙ
1781 2828 1852 2861 cap.
1873 2822 1908 2852 17
1921 2831 1929 2851 :
1944 2819 2173 2862 ἐπηνώρθωσαν
2186 2822 2244 2863 γὰρ
2254 2824 2292 2854 τὰ

1251 2867 1339 2899 κοινὰ
1349 2866 1500 2904 Ζάλευκος
1517 2865 1572 2907 μὲν
1583 2867 1623 2900 τὰ
1638 2867 1670 2900 ἂν
1686 2869 1831 2909 Λοκροῖς,
1847 2867 2014 2908 Χαρώνδας
2027 2868 2060 2901 st
2071 2867 2109 2900 τὰ
2119 2867 2152 2900 ἂν
2166 2870 2291 2911 Κατάνῃ

1251 2915 1304 2945 καὶ
1320 2913 1359 2945 τὰ
1377 2912 1409 2946 εν
1426 2912 1564 2955 Ῥηγίῳ,
1578 2913 1631 2946 ὅτε
1647 2912 1684 2946 ἐκ
1706 2912 1848 2951 Κατάνης
1871 2914 1990 2955 ἔφευγε.
2005 2933 2046 2942 -
2065 2916 2130 2956 (15)
2145 2917 2291 2959 Porphy-

1251 2960 1317 2992 rius
1336 2960 1395 2993 vit.
1414 2959 1549 3001 Pylii-g.
1567 2968 1638 3002 cap.
1664 2962 1698 2993 2¹
1725 2972 1733 2993 ε
1752 2960 1787 2998 ἃς
1801 2959 1830 2992 δ’
1841 2961 2037 3003 ἐπιδημήσας
2055 2961 2172 3005 Ἰταλίᾳ
2193 2974 2227 2996 τε
2239 2965 2292 2997 καὶ

1251 3008 1376 3050 Σικελία
1388 3007 1538 3040 κατίλαδε
1550 3007 1653 3045 πόλεις
1670 3007 1898 3048 δεδουλωμένας
1921 3009 1974 3041 ὑπ’
1989 3010 2142 3050 ἀλλήλων,
2167 3012 2220 3048 τὰς
2237 3014 2291 3054 μὶν

1249 3055 1372 3087 πολλῶν
1391 3054 1469 3087 Ιτιῖιν
1484 3054 1540 3092 τὰς
1561 3055 1595 3088 δὲ
1614 3054 1750 3095 νεωστί,
1772 3055 1963 3097 φρονήματος
1987 3057 2156 3098 ἐλευθερίου
2171 3058 2291 3097 πλήσας

1248 3101 1300 3134 διὰ
1312 3105 1375 3135 τῶν
1386 3101 1435 3143 ἐφ’
1448 3101 1581 3141 ludam<
1591 3102 1753 3135 ἁκουστῶν
1764 3103 1859 3135 αὐτοῦ
1866 3103 2067 3146 ἠλευθέρωσε.
2079 3104 2228 3146 Κρότωνα
2237 3107 2289 3137 καὶ

1249 3147 1379 3190 Σύδαριν
1396 3147 1448 3180 καὶ
1462 3148 1606 3187 Κατάνην
1623 3149 1678 3181 καὶ
1687 3148 1814 3189 Ῥήγιον
1830 3149 1883 3181 καὶ
1894 3149 2015 3191 Ἱμέραν
2028 3149 2081 3181 καὶ
2100 3150 2288 3192 Ἀκράγαντα

1247 3193 1303 3226 καὶ
1318 3193 1528 3237 Ταυρομένιον
1542 3195 1595 3227 καὶ
1608 3195 1700 3231 ᾶλλας
1710 3196 1804 3234 τινας,
1821 3195 1868 3233 αῖς
1878 3196 1931 3227 καὶ
1943 3196 2055 3237 νόμους
2066 3197 2151 3229 {otro
2163 3197 2214 3228 διὰ
2231 3198 2293 3229 Χα-

1248 3241 1351 3283 ρώνδα
1366 3251 1401 3274 τε
1415 3245 1470 3274 τοῦ
1492 3242 1672 3274 Καταναίου
1690 3243 1743 3274 καὶ
1758 3242 1916 3275 Ζαλεύκου
1936 3246 1992 3274 τοῦ
2018 3245 2153 3282 Λοκροῦ,
2177 3241 2218 3274 δι’
2246 3243 2291 3275 ὧν

1248 3287 1445 3325 &botulos-rot
1472 3292 1537 3325 τοῖς
1553 3288 1720 3329 περιοίκοις
1747 3289 1819 3330 ἄχρι
1847 3290 1962 3321 πολλοῦ
1980 3289 2137 3329 γεγόνασι.
2158 3305 2200 3312 -
2222 3289 2288 3329 (Ιδ)

1247 3334 1426 3376 §uubanus
1441 3336 1612 3376 nynntlns
1630 3343 1663 3368 v.
1683 3337 1821 3374 Κατάνη-
1841 3337 1930 3373 πόλις
1946 3336 2138 3372 Σικελίας-η.
2162 3335 2224 3368 ἀπὸ
2255 3337 2289 3369 δὲ

1247 3386 1302 3421 τῆς
1322 3382 1462 3421 Κατάνης
1473 3383 1652 3426 Χαρώνδας,
1674 3385 1692 3416 ὸ
1703 3383 1855 3425 διάσημος
1869 3387 1931 3415 τῶν
1942 3382 2082 3422 Ἀθήνησι
2102 3384 2287 3423 νομοθετῶν.

1247 3427 1358 3462 schol.
1381 3428 1421 3461 sd
1452 3428 1532 3463 Pisi.
1561 3429 1602 3463 ds
1634 3430 1768 3471 Republ.
1791 3430 1847 3463 lib.
1871 3432 1898 3462 Χ
1916 3438 1947 3470 ρ.
1975 3433 2035 3462 509
2054 3430 2145 3471 [pag.
2177 3433 2215 3464 27
2235 3431 2286 3465 ed.

1249 3474 1397 3518 nuituis]
1419 3484 1427 3505 ε
1444 3476 1610 3519 Χαρώνδας
1623 3477 1658 3510 ἐκ
1680 3477 1822 3516 Κατάνης
1840 3475 1958 3513 πόλεως
1970 3476 2121 3516 tuntum.
2134 3476 2286 3517 διάσημος
