2638 3840
0 2619 12 2636 ⁴
15 2549 21 2556 =
0 2119 27 2478 mm'‹
17 2071 18 2074 „
0 1978 27 2036 si
20 1763 26 1807 ,Μ
21 1681 35 1693 0
26 1636 35 1644 „

1020 235 1073 275 IN
1103 235 1332 276 TlMAEtJM
1369 234 1639 275 PLAToNts.
2339 242 2411 276 180

263 335 439 369 πωπω,
452 334 558 368 neque
571 334 612 360 ex
625 324 843 369 duplicatione
854 324 996 358 nascitur
1007 323 1141 358 atterius
1154 324 1302 365 aiicujus,
1368 324 1499 366 triginta
1525 325 1557 357 et
1589 332 1645 357 ses
1679 330 1850 359 numerus.
1882 321 2025 354 secunda
2050 321 2167 354 dieitur
2194 322 2390 364 quadratura
2403 345 2414 363 ,

262 394 323 420 nec
338 385 420 420 intra
434 385 647 419 decumanum
665 385 799 419 limitem
810 385 893 427 parit
906 391 1113 426 quemquam.
1159 383 1308 424 Propter·
1365 387 1517 418 constans
1531 393 1572 417 ex
1594 386 1734 426 quatuor
1750 382 1882 425 quidem
1901 381 2079 423 imparibus
2095 382 2257 423 numeris,
2277 383 2338 415 lioc
2362 386 2414 416 est

261 454 366 487 esque
390 445 532 479 Minerva
553 446 603 478 est
625 453 646 477 a
671 444 836 478 veteribus
857 443 1118 486 agnominatus,
1162 442 1238 475 item
1272 444 1307 475 ut

265 504 341 544 illa,
355 504 426 538 sine
437 506 541 538 matre
551 528 562 544 ,
578 504 795 546 perpetuoque
807 502 908 543 virgo.

299 567 463 600 XXXVII.
488 565 645 599 naturalis
659 572 739 598 vero
750 567 848 606 atque
863 563 1006 606 optimus
1017 562 1152 596 liabetur
1164 562 1298 602 idcireo,

260 624 337 667 quia
357 625 461 658 multa
479 632 615 663 eorum,
633 633 707 666 qum
731 625 856 656 natum
886 622 957 663 lege
981 621 1195 664 proveniunt,
1217 622 1308 662 juxta

260 685 347 720 bunc
361 694 530 719 numerum
544 684 612 718 lieri
627 686 794 718 notantur.
840 682 1002 725 Principio
1015 682 1187 725 septimani
1200 684 1309 723 partus

260 747 335 778 ante
357 746 495 778 eeteros
520 742 655 786 legitimi
680 744 759 777 sunt
782 742 817 776 in
845 742 971 785 generis
1000 741 1134 774 humani
1166 741 1306 774 toetibus.

259 803 382 838 Deinde
396 803 482 846 quod
502 804 575 845 post
594 804 723 845 partum
738 801 877 844 septimo
895 809 1007 835 mense
1024 801 1138 834 dentes
1155 803 1307 842 aguntur,

259 854 398 905 septimo
415 861 567 903 deinceps
582 870 668 894 anno
682 862 864 894 mutantur.
909 859 1001 894 Idem
1019 868 1150 902 quoque
1168 858 1308 892 secunda

260 919 462 954 bebdomada
485 920 689 963 puberlatem
709 920 804 952 allert
830 919 960 960 utrique
980 918 1073 952 sexui
1101 917 1247 960 gignendi
1274 919 1309 950 et

261 980 402 1023 pariendi
430 981 660 1030 maturitatem.
703 980 812 1014 Tertia
834 987 912 1012 vero
940 977 1143 1012 bebdomada
1166 977 1308 1012 ostendit

259 1049 296 1074 se
317 1039 376 1073 tlos
403 1041 437 1073 et
457 1039 575 1081 lanugo
592 1039 677 1072 eirca
706 1046 816 1080 genas.
861 1039 985 1076 Quarta
1006 1045 1084 1070 vero
1105 1036 1308 1070 bebdomada

262 1096 459 1131 deliniuntur
476 1097 674 1130 incrementa
691 1097 835 1129 statum.
879 1095 1002 1134 Quinta
1014 1095 1141 1137 plenam
1158 1094 1307 1135 juvenilis

261 1156 367 1190 etatis
395 1156 489 1188 affert
532 1155 773 1197 perfectionem.
820 1155 858 1188 ln
900 1154 1148 1195 egritudinibus
1177 1162 1307 1196 quoque

258 1215 351 1255 justa
369 1214 507 1248 eundem
528 1223 699 1247 numerum
717 1215 825 1247 motus
846 1213 938 1255 lieri,
950 1222 1028 1246 usus
1043 1212 1306 1254 experientiaque

260 1275 371 1308 docuit
387 1288 396 1309 ε
416 1276 450 1308 et
465 1274 676 1316 Hippocrates
690 1282 765 1307 cum
778 1282 866 1315 saepe
879 1273 959 1306 alias
979 1273 1012 1306 in
1035 1272 1199 1314 plerisque
1214 1271 1304 1304 libris

262 1335 347 1375 suis,
365 1337 435 1369 tum
452 1335 549 1369 etiam
574 1335 607 1368 in
626 1334 676 1367 liis
692 1333 860 1367 evidenter
880 1342 964 1375 quos
982 1332 1023 1366 (le
1040 1332 1305 1366 Hebdomadibus

263 1394 412 1428 hstituit.
456 1394 708 1427 Dinumerantur
730 1401 862 1434 quoque
891 1400 1046 1425 sensuum
1072 1392 1218 1424 omnium
1245 1390 1304 1433 qui

258 1455 335 1487 nint
359 1453 392 1486 in
411 1452 538 1495 eapite.
563 1453 687 1495 septem
704 1453 847 1492 meanis,
866 1450 1055 1491 oculorum,
1077 1450 1222 1490 aurium,
1244 1459 1302 1483 na-

259 1512 340 1546 rium
363 1513 462 1554 atque
487 1510 564 1544 oris.
609 1510 726 1545 vitalia
744 1519 875 1553 quoque
898 1510 985 1553 paris
1006 1508 1152 1547 numeri.
1174 1508 1303 1550 lingua,

258 1571 394 1612 pulmo.
412 1579 480 1611 eor,
504 1570 590 1611 lien,
612 1570 729 1612 hepar,
745 1569 812 1603 duo
840 1578 944 1604 renes.
987 1568 1157 1601 vocalium
1175 1575 1304 1609 qnoque

258 1630 421 1663 literarum
437 1638 592 1663 nurnerus
613 1629 718 1670 idem,
737 1637 779 1662 es
809 1628 930 1670 quibus
949 1627 1197 1662 consonantium
1225 1635 1304 1659 con-

257 1687 423 1730 fragositas
444 1687 624 1730 laevigatur.
669 1689 771 1721 Luem
790 1695 921 1729 quoque
944 1685 1121 1720 crescentis
1149 1686 1183 1718 et
1210 1693 1304 1717 sene-

257 1747 378 1781 seentis
401 1746 608 1780 multiformis
629 1747 683 1780 illa
707 1746 945 1787 transfiguratio
973 1745 1007 1778 in
1030 1744 1144 1778 eodem
1171 1752 1304 1777 numero

257 1806 398 1848 penum.
440 1805 604 1848 Siquidem
631 1805 674 1839 de
703 1805 866 1845 obseura,
895 1806 1062 1838 crescente
1093 1803 1236 1844 lumine,
1268 1803 1306 1836 iit

258 1865 420 1907 bicornis,
439 1865 557 1899 delitum
569 1865 713 1906 sectilis,
732 1865 851 1899 deinde
870 1864 1037 1898 dimidiata
1055 1865 1168 1904 major,
1187 1862 1306 1897 deliine

259 1922 355 1965 pletis
370 1935 380 1956 ε
400 1926 658 1964 retrorsumque,
673 1922 777 1963 major
792 1921 960 1955 dimidiata
970 1946 980 1961 ,
997 1920 1117 1955 sectilis
1127 1945 1137 1963 ‚
1153 1920 1303 1954 bieornis.

258 1981 368 2021 Quid?
386 1980 473 2023 quod
494 1981 527 2014 in
546 1980 669 2014 mundo
692 1982 817 2023 septem
831 1982 909 2014 sunt
930 1980 1088 2022 planetoe,
1115 1979 1272 2013 distantes
1286 1988 1306 2013 a

257 2047 293 2075 se
309 2039 435 2073 musteo
454 2039 674 2074 modulamine
691 2063 701 2081 ,
729 2038 815 2073 sicut
837 2039 914 2081 ipse·
930 2041 1090 2088 testatur„
1107 2047 1183 2072 cum
1206 2039 1306 2083 dieit3

258 2100 362 2133 num
380 2101 491 2133 sexies
505 2097 649 2132 scidisse
665 2098 801 2131 diversas
822 2099 948 2131 natum
967 2090 1142 2138 circulum,
1158 2100 1305 2141 septent-

259 2167 324 2202 que
338 2158 436 2193 orbes
454 2160 605 2201 imperes
621 2167 694 2192 esse
712 2157 904 2191 fabricatum
916 2181 926 2199 ‚
945 2157 999 2198 qui
1017 2156 1185 2190 contrariis
1208 2157 1305 2190 moti-

258 2216 321 2250 bus
348 2216 641 2259 agitationibusque
675 2218 856 2255 vertantur,
888 2216 981 2256 justa
1012 2214 1115 2257 dupli
1144 2217 1177 2249 et
1204 2215 1306 2258 tripli

257 2275 381 2318 spatis,
399 2276 434 2310 in
460 2275 580 2318 quum
602 2275 723 2316 solem,
741 2278 775 2308 et
798 2275 929 2316 lunam,
947 2275 983 2307 et
1003 2276 1127 2307 eeteros
1153 2274 1307 2308 erraticos

256 2333 347 2377 lom
362 2334 511 2370 collocat.

298 2394 481 2435 xxxviii.
504 2394 546 2428 ιι
564 2393 704 2427 limitum
719 2392 852 2435 quidem
869 2395 995 2436 septem
1014 2392 1062 2427 sic
1080 2393 1160 2426 ratio
1178 2393 1307 2435 praesta-

258 2453 324 2487 tur.
366 2452 615 2487 intervallorum
636 2461 716 2487 vero
742 2454 910 2487 ternorum
930 2453 1013 2487 banc
1033 2452 1147 2486 dicunt
1163 2460 1235 2485 esse
1254 2461 1307 2485 ra-

257 2510 391 2546 tionem.
433 2513 561 2547 Rursus
582 2511 668 2546 enim
690 2511 753 2546 tris
771 2520 929 2546 numerus
944 2511 1008 2546 alio
1026 2511 1166 2553 quodam
1192 2520 1307 2553 genere

259 2570 396 2605 babetur
413 2571 569 2614 optimus.
617 2571 745 2605 Primus
757 2571 842 2605 enim
857 2595 867 2613 ,
880 2572 914 2605 et
928 2573 1003 2605 ante
1018 2580 1133 2605 omnes
1146 2571 1307 2613 perfectus

254 2631 322 2671 est.
346 2628 468 2668 bsbeu
505 2629 654 2672 lniuum,
680 2631 798 2672 tinern,
829 2630 1057 2672 medietatem,
1093 2630 1213 2672 quibus
1239 2638 1306 2664 cre·

254 2689 351 2723 scunt
362 2696 499 2731 corpora
510 2713 521 2730 .
534 2690 567 2723 et
582 2688 677 2731 iusta
691 2698 767 2732 qua
782 2698 938 2732 eorriorea
953 2690 1152 2723 incrementa
1172 2698 1306 2732 progre-

254 2746 397 2782 diuntur.
442 2747 570 2790 Quippe
595 2756 671 2782 eum
696 2747 902 2783 inoervallum
922 2758 1024 2782 unum
1049 2748 1167 2782 lineam
1192 2748 1305 2790 iaciat,

254 2804 322 2840 dno
345 2806 569 2848 superficiem.
590 2807 653 2841 tria
675 2815 795 2849 eorpus
822 2807 964 2842 divisum
986 2809 1085 2850 atque
1112 2806 1304 2848 dividuum,

257 2873 324 2907 qne
341 2864 422 2899 nibil
441 2867 492 2900 est
513 2866 698 2908 perfectius.
744 2867 819 2902 Tria
835 2867 922 2901 enim
945 2866 1015 2901 liaec
1040 2866 1206 2900 intervalla
1229 2875 1304 2899 eor-

256 2931 317 2966 pus
353 2922 547 2967 absolvunt,
588 2925 779 2969 longitude,
810 2926 947 2960 latitudo
960 2950 971 2966 ,
1008 2924 1164 2959 soliditas.
1210 2925 1306 2958 certe

257 2981 318 3015 tria
330 3005 342 3025 ,
364 2982 516 3026 primitus
530 2983 619 3018 diets
634 2986 709 3019 sunt
724 2986 843 3019 omnia
856 2985 944 3027 quod
961 2983 1002 3018 de
1017 2983 1148 3018 duobus
1161 2983 1224 3017 diei
1237 2991 1304 3018 non

255 3043 362 3084 polest
386 3053 395 3076 ε
412 3045 605 3087 sensuque
625 3044 713 3078 enim
733 3043 850 3078 dieitur
868 3044 909 3077 de
924 3043 1063 3077 duobus.
1109 3044 1190 3077 iisse
1208 3043 1305 3084 igliur

254 3101 344 3135 terna
365 3099 532 3135 intervalla
555 3101 588 3135 ln
613 3104 754 3146 utroque
778 3102 878 3137 latere
899 3102 1229 3144 descriptionis‘slta,
1246 3111 1304 3136 sex

255 3159 422 3194 intervalla
445 3160 642 3203 eoutlelnnt3
656 3163 690 3196 et
710 3163 857 3197 senarius
883 3170 1039 3195 numerus
1057 3158 1171 3204 plenus
1186 3164 1220 3196 et
1237 3170 1305 3205 per·

255 3217 358 3253 secuta
375 3219 491 3253 merito
509 3219 647 3255 babetur
665 3234 674 3254 ι
698 3220 817 3263 quippe
838 3221 894 3264 qui
914 3221 957 3254 sit
974 3220 1112 3263 aquatis
1131 3220 1181 3254 liis
1201 3221 1302 3263 parti·

254 3277 316 3311 bus
332 3286 373 3312 es
390 3278 512 3320 quibus
527 3279 596 3322 ipae
616 3281 754 3313 eonstet.
801 3279 905 3313 ilabet
921 3280 1009 3314 enim
1025 3279 1256 3314 dimidietatem
1269 3281 1302 3315 in

254 3336 373 3378 tribus.
393 3336 490 3372 liabet
505 3338 634 3373 tertiam
657 3339 838 3382 portionem
855 3339 887 3373 ln
906 3338 1034 3373 duobus
1045 3363 1055 3380 ,
1069 3338 1165 3374 babet
1176 3342 1302 3374 sextam

254 3394 285 3428 in
303 3403 387 3437 uno.
408 3404 505 3439 qun.
526 3397 626 3432 simet
654 3400 752 3441 atque
773 3398 805 3431 ln
829 3406 931 3432 unum
957 3397 1114 3441 eolleeu,
1138 3398 1302 3442 complent

1368 453 1453 485 uno,
1472 444 1592 484 tribus,
1612 443 1778 485 quinque,
1804 443 1932 484 septem
1960 451 1969 474 :
1989 443 2023 475 et
2042 450 2083 475 ex
2098 441 2170 475 aliis
2195 442 2327 484 paribus
2349 451 2412 475 nu·

1367 505 1463 538 meris
1484 507 1623 547 quatuor
1643 513 1753 547 mque,
1772 503 1805 537 id
1821 505 1871 538 est
1888 502 2039 543 duobus,
2061 504 2217 544 quatuor,
2234 512 2307 544 sex,
2323 506 2409 537 octo.

1366 566 1507 597 Rursum
1527 564 1761 606 quinquaginta
1779 563 1919 605 quatuor
1938 570 2112 602 numerus,
2137 562 2192 604 qui
2210 563 2352 595 nascitur
2373 571 2414 596 ex

1366 623 1527 663 triangulo
1548 630 1646 664 supra
1666 621 1849 663 descripto,
1873 620 1968 654 tertia
1990 619 2188 662 quadratura
2208 621 2415 662 cognomina·

1369 683 1433 722 tur,
1456 681 1531 723 quia
1550 682 1696 714 eontinet
1721 682 1860 719 quatuor
1882 679 2013 722 quidem
2030 679 2147 712 limites
2173 680 2205 712 in
2221 672 2420 720 (ἱιιιιΙΧχ

1366 742 1454 780 tere,
1478 740 1540 773 hoc
1552 741 1620 779 est,
1642 748 1759 776 unum.
1780 738 1863 780 duo,
1883 742 2034 780 quatuor,
2058 739 2132 771 octo
2146 751 2156 771 :
2178 739 2318 779 quatuor
2339 746 2415 770 vero

1365 799 1445 832 alios
1461 799 1495 831 in
1510 808 1550 831 eo
1573 799 1695 838 latere,
1720 798 1808 840 quod
1828 807 1870 830 ex
1894 796 2077 839 triplicibus
2105 797 2323 839 compositum
2342 799 2415 838 est,

1366 867 1432 891 uno
1444 882 1453 898 ,
1475 858 1579 891 tribus
1591 882 1601 898 ‚
1622 867 1763 897 novem,
1784 857 1895 898 viginti
1919 858 2066 899 septem,
2083 856 2248 889 communi
2266 855 2415 888 videlicet

1364 919 1494 958 accepta
1521 917 1760 959 singularitate,
1789 926 1864 958 quae
1896 920 1946 949 est
1968 917 2135 957 utriusque
2159 915 2267 948 lateris
2302 918 2414 956 caput.

1366 976 1510 1017 Ideoque
1534 975 1741 1017 singularitas
1759 984 1816 1017 par
1832 977 1929 1016 atque
1946 975 2050 1016 impar
2074 974 2222 1007 liabetur.
2267 975 2345 1006 Jure
2361 973 2415 1015 igi·

1364 1039 1415 1071 tur
1445 1038 1568 1078 septem
1594 1036 1724 1079 quidem
1754 1036 1872 1069 limites
1904 1037 2156 1069 constituuntur.
2204 1036 2311 1069 Terua
2338 1044 2416 1068 vero

1366 1105 1424 1138 per
1442 1097 1619 1138 utrumque
1636 1094 1914 1138 tatus-intervalla
1938 1097 2126 1128 cernuntur.
2169 1096 2254 1128 Nam
2276 1093 2415 1135 singula·

1365 1155 1442 1188 ritas
1463 1154 1588 1188 initium
1613 1156 1664 1188 est
1687 1163 1896 1187 numerorum
1919 1155 2005 1196 paris
2019 1156 2053 1187 et
2069 1154 2220 1196 imparis,
2246 1156 2415 1195 propterea

1364 1212 1451 1254 quod
1471 1221 1528 1255 par
1547 1215 1578 1246 et
1596 1213 1698 1254 impar
1718 1212 1866 1254 babetur,
1883 1216 1916 1245 et
1929 1221 2042 1245 omnes
2058 1213 2090 1245 in
2106 1221 2143 1245 se
2160 1213 2280 1245 formas
2300 1221 2413 1245 nume·

1365 1281 1476 1304 rorum
1504 1272 1647 1305 ereditur
1664 1272 1850 1312 continere,
1867 1271 2059 1313 epipedam,
2079 1271 2327 1313 triangularem,
2356 1280 2415 1304 cu-

1365 1331 1455 1364 bum.
1501 1333 1583 1370 Quoe
1599 1331 1723 1373 singula
1744 1331 1895 1372 prosequi
1917 1330 2049 1371 tongum
2069 1331 2130 1363 est.
2175 1330 2321 1363 Sufficiat
2339 1339 2414 1371 ergo

1364 1390 1604 1423 demonstrasse
1625 1391 1782 1422 rationem
1811 1390 1972 1423 nascentis
1989 1389 2108 1422 animae
2124 1398 2200 1431 quae
2223 1389 2414 1431 incorpora·

1362 1450 1443 1483 tioni
1461 1451 1529 1483 erat
1546 1448 1707 1482 destinata
1719 1473 1730 1490 ,
1751 1448 1839 1490 quod
1859 1457 1934 1481 orsa
1955 1457 1975 1481 a
1993 1448 2213 1489 singularitate
2229 1448 2413 1487 individua,

1363 1510 1460 1550 atque
1480 1508 1667 1550 incorporea
1683 1517 1717 1541 re
1731 1532 1741 1548 ,
1761 1508 1920 1548 gradatim
1944 1516 2003 1549 per
2022 1507 2139 1540 lineam
2155 1510 2189 1539 et
2211 1507 2413 1549 superficiem

1363 1567 1538 1601 increverit
1554 1576 1659 1609 usque
1676 1566 1717 1600 ad
1740 1567 1918 1609 perlectum
1937 1575 2077 1608 eorpus,
2103 1566 2317 1608 prolixitatis,
2339 1566 2411 1599 lati-

1365 1626 1486 1660 tudinis
1521 1625 1810 1668 profunditatisque
1845 1625 2020 1658 intervallis
2053 1637 2063 1657 ε
2088 1626 2319 1667 proptereaque
2347 1628 2414 1657 tam

1364 1685 1495 1718 subtilia
1513 1693 1611 1727 quam
1630 1684 1734 1718 solida
1754 1686 1899 1726 penetret
1912 1683 2025 1716 muudi
2039 1683 2167 1717 sensilis
2185 1693 2330 1726 corpora.

1404 1745 1548 1778 xxxix.
1569 1745 1662 1777 Nunc
1679 1742 1859 1784 proestanda
1870 1744 1920 1775 est
1937 1741 2019 1775 ratio
2033 1742 2145 1776 [ormae
2160 1742 2253 1775 istius
2269 1743 2407 1784 triangu-

1364 1804 1457 1844 laris.
1478 1804 1512 1837 in
1529 1813 1595 1846 qua
1615 1805 1693 1837 sunt
1708 1803 1828 1836 limites
1844 1805 1968 1845 septem
1980 1826 1990 1843 ,
2009 1804 2042 1836 et
2053 1811 2110 1836 sex
2127 1803 2296 1836 intervalla
2312 1803 2416 1845 dupli·

1364 1864 1410 1898 cis
1439 1867 1473 1898 et
1501 1864 1637 1907 triplicis
1662 1862 1863 1906 quantitatis.
1907 1863 2037 1897 Nullam
2068 1863 2142 1897 dieo
2162 1872 2233 1896 esse
2261 1864 2416 1906 aptiorem

1365 1923 1522 1964 liguram,
1550 1931 1649 1964 quam
1679 1924 1730 1955 est
1761 1922 1853 1963 boec,
1882 1922 1916 1955 in
1934 1931 2000 1964 qua
2029 1922 2235 1963 singularitas
2255 1922 2415 1955 cacumini

1363 1982 1612 2024 superimposita
1636 1981 1859 2014 summitatem
1881 1983 1979 2022 atque
2006 1990 2114 2014 arcem
2133 1981 2282 2014 obtinere
2306 1981 2416 2014 consi-

1363 2041 1507 2083 deratur,
1531 2043 1567 2074 ut
1586 2050 1643 2084 per
1661 2050 1754 2081 eam,
1776 2041 1867 2074 velut
1883 2041 2113 2074 emissaculum
2134 2039 2299 2082 quoddam
2312 2064 2322 2080 ,
2346 2042 2416 2073 tan·

1364 2108 1463 2141 quam
1478 2108 1497 2134 e
1518 2099 1590 2133 sinu
1618 2100 1716 2133 tontis
1735 2099 1903 2142 perennis,
1922 2099 2069 2141 provideo
2089 2098 2304 2140 intelligentia
2321 2099 2416 2141 quasi

1364 2159 1496 2200 quidam
1506 2158 1613 2201 largus
1626 2158 1732 2192 amnis
1743 2158 1893 2192 ellleeret
1907 2171 1916 2192 ε
1931 2158 2063 2201 ipsaque
2075 2157 2278 2199 singularitas
2287 2182 2297 2198 ,
2312 2166 2415 2200 mens,

1366 2218 1434 2251 sive
1463 2217 1693 2260 intelligentia.
1714 2218 1767 2251 vel
1791 2219 1861 2261 ipse
1881 2219 1967 2251 Deus
1983 2218 2093 2260 opifex
2118 2217 2312 2260 intelligatur
2330 2226 2414 2251 esse.

1365 2279 1447 2311 cum
1466 2278 1551 2311 euim
1573 2278 1615 2311 sit
1633 2277 1724 2318 origo
1742 2286 1972 2317 numerorum.
1988 2275 2203 2318 omnibusque
2218 2285 2260 2309 ex
2282 2285 2318 2310 se
2334 2277 2412 2310 sub·

1364 2337 1515 2370 stantiam
1538 2336 1785 2377 subministret,
1802 2336 2005 2377 rationesque
2026 2344 2139 2369 eorum
2162 2338 2228 2382 tam
2253 2335 2416 2378 simplices

1364 2404 1463 2437 quam
1484 2395 1714 2438 multiplicatas
1741 2396 1810 2437 ipsa
1829 2396 2011 2436 contineat,
2030 2394 2158 2428 caeteris
2183 2395 2344 2435 numeris,
2365 2395 2415 2428 in·

1365 2455 1538 2488 crementis
1559 2454 1908 2496 imminutionibusque
1935 2454 2069 2487 mutatis
2093 2455 2193 2496 atque
2221 2462 2262 2487 ex
2289 2453 2416 2496 propria

1366 2515 1480 2547 natura
1506 2513 1752 2555 recedentibus,
1781 2513 1852 2547 sols
1872 2513 2069 2547 ineoneusso
2098 2513 2171 2554 lure
2197 2515 2248 2547 est
2267 2515 2363 2555 atque
2383 2513 2416 2549 in

1364 2575 1449 2606 statu
1463 2582 1524 2606 suo
1538 2574 1739 2615 perseveratg
1754 2581 1884 2615 semper
1900 2572 2014 2606 eadem
2024 2596 2034 2614 ,
2047 2580 2176 2615 semper
2191 2571 2415 2614 immutabilis,

1363 2634 1397 2666 et
1425 2632 1630 2674 singularitas
1657 2640 1799 2675 semper,
1838 2630 2118 2672 quemadmodum
2141 2631 2251 2665 divina
2281 2631 2415 2674 omnia,

1363 2700 1437 2734 quse
1453 2691 1541 2726 nulla
1558 2691 1712 2735 temporis
1729 2691 1953 2735 progressione
1974 2693 2153 2733 mutantur,
2177 2694 2318 2734 suntque
2330 2700 2416 2725 sem·

1366 2761 1420 2793 per
1438 2750 1610 2794 impatibili
1639 2751 1799 2785 felicitate.

1406 2812 1474 2845 xt..
1497 2810 1622 2845 Deinde
1634 2811 1839 2854 prosequitur
1853 2810 1955 2845 Plato.

1405 2870 1495 2904 Μετὰ
1514 2870 1547 2905 ἃ
1562 2873 1663 2904 ταῦτα
1678 2871 1897 2914 ementem-›0‹
1912 2871 1951 2904 τά
1965 2881 1998 2904 τι
2011 2869 2163 2903 διπλάσια
2176 2870 2229 2903 καὶ
2246 2870 2413 2912 τριπλάσια

1363 2930 1581 2973 διαστήματα,
1600 2932 1710 2974 μοίρας
1727 2931 1772 2964 δτι
1793 2931 1909 2964 initu
1931 2930 2117 2971 ἀποτέμνων
2141 2930 2195 2963 ael
2211 2930 2302 2967 noti:
2319 2930 2361 2966 εἰς
2378 2930 2413 2961 τὸ

1364 2991 1479 3031 μεταξὺ
1499 2990 1640 3032 πότων,
1661 2992 1745 3025 &ess
1766 2990 1798 3023 lv
1818 2991 1946 3024 Ιιὰστω
1971 2990 2163 3031 διαστήματι
2181 2989 2237 3022 avo
2254 2989 2333 3021 sivan
2356 2998 2409 3029 ps·

1362 3050 1517 3091 σάεητας,
1534 3051 1591 3091 τὴν
1612 3052 1669 3093 μὲν
1690 3050 1796 3091 ταύτῷ
1813 3053 1898 3091 utrm
1913 3053 1976 3082 τῶν
1997 3049 2103 3091 exem
2118 3049 2222 3081 αὖτ’ῶν
2235 3047 2410 3089 ὑπερέχου-

1362 3120 1422 3142 σιν
1438 3110 1493 3143 καὶ
1515 3110 1770 3152 ὑπιριχομλνην,
1788 3110 1845 3147 τὴν
1861 3107 1888 3142 δ’
1904 3108 1967 3151 terp
1987 3108 2043 3150 μὲν
2067 3106 2138 3140 κατ’
2158 3107 2287 3149 ἀριθμὸν
2307 3106 2412 3147 euspi-

1361 3179 1500 3212 χονσιν,
1515 3169 1579 3212 terp
1595 3169 1630 3203 δὲ
1648 3169 1891 3212 ὑπερεχομένην.

1402 3229 1533 3267 ortibus
1568 3231 1623 3262 ite
1651 3227 1773 3261 divisis
1792 3229 2043 3270 consequenter
2074 3224 2270 3267 complebat
2301 3226 2411 3257 inter·

1361 3281 1459 3316 valta
1475 3280 1627 3324 duplicis
1644 3284 1678 3315 et
1697 3280 1848 3323 triplicis
1866 3281 2100 3323 quantitatis,
2116 3286 2161 3311 es
2181 3278 2411 3310 universitate

1357 3342 1479 3384 portes
1500 3349 1623 3374 secans
1647 3342 1755 3374 etiam
1780 3348 1875 3373 nunc
1895 3349 1906 3371 :
1929 3340 1963 3371 et
1984 3346 2028 3370 es
2053 3336 2107 3370 tris
2132 3335 2410 3370 inter-valterum

1358 3402 1477 3444 spana
1496 3399 1670 3442 complens
1683 3423 1693 3439 ,
1708 3408 1776 3442 quo
1798 3398 1942 3440 sinquta
1962 3395 2155 3430 intervalia
2174 3395 2264 3429 binis
2282 3394 2409 3428 medie-

254 3452 406 3489 Μ
450 3454 593 3499 W
611 3456 667 3499 (lul
686 3456 729 3490 δῦ
751 3464 792 3491 ⁸⁰
815 3456 991 3500 quadratus
1014 3457 1174 3502 nascitur,
1199 3456 1233 3493 ld
1253 3460 1304 3494 est
1360 3459 1493 3495 tatibus
1503 3459 1738 3501 fulcirentur.
1787 3456 2018 3493 medietatum
2030 3464 2135 3499 por-m
2150 3454 2285 3495 attere.
2300 3457 2410 3498 quota
