2606 3828
351 290 424 324 264
1085 284 1138 323 C'i
1154 280 1389 319 NICORUM
1418 279 1748 318 FRAGMENTA.

349 371 526 410 eubulum
558 385 634 409 non
667 372 783 409 fnisse
812 371 1014 415 usitatum,
1034 368 1100 406 sed
1130 368 1379 406 Aristotelem
1411 380 1417 412 f
1441 368 1574 406 schola
1594 367 1641 405 de
1664 378 1792 404 rerum
1814 364 1987 402 omnium
2014 364 2269 403 humanarum
2300 373 2478 404 contem-

349 431 463 480 hujus
507 431 704 481 sapientiae
749 430 928 466 doctores
980 439 1138 464 vocasse
1183 426 1381 464 Antisthe-

349 501 439 526 neos
468 488 564 539 (37).
591 489 829 525 Posteriores
851 499 943 523 vero
968 485 1105 535 Cynici
1128 484 1277 535 abjecta
1303 489 1381 522 An-

348 546 525 584 tisthenis
559 547 782 583 anctoritate
815 545 954 595 partim
999 543 1206 591 Diogenem
1243 555 1377 580 verum

348 613 458 642 seetae
479 617 556 641 snae
577 604 811 640 conditorem
835 614 917 651 esse
941 601 1145 638 voluerunt
1165 602 1258 649 (38),
1291 614 1379 651 par·

348 664 416 700 tim
437 662 607 710 origines
618 662 701 711 ejus
717 661 928 698 retulerunt
948 659 993 696 ad
1011 660 1138 710 ipsum
1159 659 1376 708 Herculem,

345 715 574 766 Cynosargis
607 714 796 763 gymnasii
824 713 1015 761 simulque
1044 712 1370 762 philosophorum

346 775 570 811 caninorum
589 781 792 822 patronum
815 771 905 821 (39).
929 770 1060 820 Neque
1078 771 1209 819 negari
1230 779 1377 821 potest,

344 833 551 883 plurimum
575 831 755 867 interesse
777 829 878 866 inter
896 829 1164 866 Antisthenen)
1184 837 1221 865 et
1248 836 1379 878 poste-

344 892 466 928 riores
491 890 668 939 Cynicos.
701 887 793 924 Nam
816 887 849 924 si
883 886 1109 924 discesseris
1141 899 1163 924 a
1191 885 1378 923 doctrinae

344 949 482 986 studiis
497 948 576 998 (4ο)
592 975 601 992 ,
617 945 760 996 quibus
781 945 847 982 ille
871 945 993 994 magis
1014 957 1129 995 quam
1153 943 1295 994 reliqui
1313 943 1379 980 de-

341 1008 444 1044 ditus
462 1014 562 1051 erat,
579 1018 661 1042 eam
688 1006 776 1041 vitae
805 1003 993 1041 rationem
1016 1010 1238 1053 susceperat
1266 1002 1378 1039 Anti—

342 1066 492 1103 sthenes
505 1077 588 1114 quae
600 1063 823 1111 longissime
836 1075 858 1099 a
871 1061 1061 1111 Diogenis·
1073 1068 1377 1108 caeterorumque

341 1123 534 1170 sordibus,
548 1123 745 1172 squalore,
764 1121 922 1171 flagitiis
939 1120 1101 1158 abesset.
1115 1119 1377 1156 Nihilominus

343 1181 582 1220 Antisthenes
613 1181 762 1232 primus
791 1180 890 1217 hanc
922 1178 1185 1230 philosophiae
1215 1179 1375 1214 sormam

339 1240 548 1278 instituisse
565 1239 763 1290 putandus*
777 1247 833 1276 est
855 1239 953 1287 (41).
986 1237 1024 1274 Is
1043 1236 1148 1274 enim
1168 1236 1296 1274 statim
1327 1234 1376 1272 ab

342 1302 472 1348 initio,
495 1300 681 1351 quoniam
702 1302 819 1337 vitam
841 1299 882 1336 in
899 1306 1064 1347 egestate
1083 1296 1262 1346 degebat,
1286 1309 1377 1347 pau-

338 1373 447 1411 peres
475 1367 608 1396 nactus
641 1357 857 1408 discipulos
902 1356 1070 1393 maxime
1113 1362 1376 1406 paupertatem

337 1431 447 1468 aequo
469 1417 599 1455 animo
616 1414 854 1453 tolerandam
872 1414 967 1465 (42),
984 1422 1145 1451 externa
1170 1415 1252 1451 sive
1270 1412 1375 1450 bona

338 1477 420 1514 sive
437 1475 639 1514 commoda
651 1474 931 1512 contemnenda
950 1486 1140 1523 verasque
1157 1472 1318 1511 divitias
1328 1473 1377 1511 vin

338 1535 467 1573 animo
498 1534 722 1586 quaerendas
742 1546 824 1571 esse
856 1532 1018 1570 censuit.
1046 1531 1121 1569 Sed
1148 1531 1304 1582 quando
1330 1531 1372 1569 in

340 1727 479 1763 ἀναξίους
492 1730 546 1763 τῆς
573 1724 750 1766 φιλοσοφίας
772 1724 824 1755 καὶ
853 1725 895 1765 μὴ
916 1724 1101 1764 δυναμένους
1125 1723 1209 1759 ἐντὸς
1234 1723 1372 1763 γίνεσθαι

339 1773 514 1814 φιλοσόφων
527 1771 627 1812 λόγων
640 1772 778 1803 ἐδίωκον.
797 1770 857 1802 Διὰ
870 1770 904 1801 τὸ
918 1769 971 1801 οὖν
987 1769 1256 1812 παρρησιαστικὸν
1271 1771 1322 1801 καὶ
1340 1771 1375 1802 τὸ

341 1820 503 1862 διακρίνειν
522 1819 631 1854 αὐτοὺς
653 1818 723 1854 τούς
746 1828 777 1848 τε
796 1817 979 1856 δυναμένους
1000 1818 1052 1848 καὶ
1070 1817 1111 1856 μή
1126 1818 1309 1857 δυναμένους
1325 1817 1375 1848 δέ·

343 1868 452 1902 ξασθαι
470 1864 647 1906 φιλοσοφίας
659 1864 781 1903 λόγους,
797 1863 907 1894 τούτου
923 1863 1012 1894 ἕνεκα
1025 1864 1152 1894 Κυνικοὶ
1166 1863 1373 1903 ὠνομάζοντο.
1407 1877 1409 1886 <

338 1914 432 1945 ’Ὀθεν
445 1913 498 1944 καὶ
517 1912 534 1943 ὁ
548 1911 677 1943 Πλάτων
693 1911 747 1951 ἔφη
770 1923 784 1937 u
798 1910 862 1951 ἔχει
882 1911 914 1940 δέ
927 1921 955 1940 τι
971 1912 1023 1941 καὶ
1036 1911 1053 1940 ὁ
1071 1911 1154 1942 κύων
1168 1911 1332 1951 φιλόσοφον
1346 1919 1375 1939 »τ

339 1960 420 1992 οὕτω
438 1959 491 1991 καὶ
505 1960 534 1990 οἱ
547 1958 675 1990 Κυνικοὶ
692 1957 854 1998 φιλόσοφοι
871 1957 1109 1992 ἁνυποστὰλτως
1122 1958 1376 1998 ἐλευθεριάζοντες

339 2006 455 2048 ἔκρινον
469 2017 503 2037 τε
517 2006 570 2036 καὶ
583 2005 745 2044 διήλεγχον
757 2004 798 2035 τά
809 2015 842 2035 τε
856 2004 950 2045 ὀρθῶς
962 2005 1014 2035 καὶ
1026 2006 1065 2035 τὰ
1079 2005 1121 2044 μὴ
1136 2005 1233 2041 οὕτως
1251 2005 1374 2046 ἔχοντα.

338 2071 378 2077 -
391 2053 456 2094 (37)
472 2051 655 2085 Aristoteles
674 2052 811 2091 Metaph.
829 2051 882 2082 lib.
901 2053 973 2090 VII,
988 2054 1019 2088 3,
1038 2061 1070 2091 p.
1090 2053 1168 2084 1043
1191 2053 1213 2083 Β
1229 2052 1280 2084 ed.
1299 2053 1379 2085 Bek-

339 2100 406 2132 lter.
428 2113 436 2132 ε
455 2102 475 2138 ἡ
489 2099 602 2140 ἀπορία
615 2099 652 2136 ἢν
678 2100 707 2130 οἱ
734 2097 943 2131 Ἀντισθένειοι
965 2099 1018 2129 καὶ
1035 2100 1064 2130 οἱ
1084 2098 1181 2135 οὕτως
1198 2099 1377 2131 ἀπαίδευτοι

339 2148 488 2188 ἠπόρουν,
508 2147 571 2187 ἔχει
585 2145 654 2177 τινὰ
666 2144 783 2184 καιρόν.
803 2161 843 2167 -
863 2144 929 2185 (38)
951 2144 1052 2184 Epist.
1071 2147 1248 2186 Cratet.11,
1267 2155 1298 2186 p.
1320 2149 1376 2186 173

339 2199 380 2235 V,
392 2205 426 2236 p.
445 2199 480 2226 21
495 2203 562 2234 seq.
578 2193 627 2224 ed.
644 2192 786 2223 Boisson.
798 2209 838 2214 —
851 2191 915 2231 (39)
928 2191 1076 2223 Julianus
1088 2193 1243 2231 Orat.VI‚
1257 2201 1287 2232 p.
1306 2194 1377 2233 187,

339 2243 391 2275 ed.
409 2250 418 2271 τ
443 2241 560 2281 Spanh.
577 2242 668 2271 τοῦτο
682 2242 756 2279 γοῦν
773 2239 870 2270 ἔοικεν
884 2237 1039 2279 Οἰνόμαος
1059 2238 1116 2270 οὐκ
1129 2238 1252 2275 ἀτόπως
1265 2239 1375 2280 λέγειν·

341 2289 358 2319 ὁ
370 2287 516 2327 κυνισμὸς
535 2286 605 2317 οὔτε
620 2285 866 2324 Ἀντισθενισμός
886 2285 968 2316 ἐστιν
990 2285 1060 2316 οὔτε
1076 2285 1278 2325 Διογενισμός
1297 2298 1328 2318 κ.
1345 2297 1375 2318 τ.

339 2336 368 2366 λ.
395 2333 552 2366 Ausonius
571 2332 763 2372 Epigramm.
782 2333 902 2363 XXVII
921 2331 967 2362 sic
985 2331 1167 2371 loquentem
1189 2332 1262 2364 facit
1280 2333 1375 2365 Anti-

339 2381 483 2413 sthenem
498 2382 672 2412 :Inventor
689 2379 812 2419 primns
833 2378 968 2418 Cynices
986 2386 1055 2417 ego.
1070 2379 1150 2415 Quae
1171 2379 1249 2410 ratio
1267 2379 1377 2412 istaec?

340 2427 464 2459 Alcides
480 2427 580 2458 multo
603 2426 718 2457 dicitur
737 2433 806 2457 esse
820 2425 915 2465 prior.
942 2424 1051 2456 Alcida
1069 2425 1231 2465 quondam
1254 2425 1376 2458 sueram

341 2475 472 2506 doctore
487 2473 660 2505 secundus.
683 2473 775 2503 Nunc
793 2480 851 2512 ego
873 2474 946 2503 snm
971 2472 1107 2511 cynices
1127 2471 1248 2511 primus
1267 2476 1299 2504 et
1325 2473 1377 2506 ille

341 2521 431 2552 dens.
449 2520 599 2552 Similiter
617 2518 811 2559 Epigramm.
833 2519 966 2550 XXVIII
979 2518 1063 2550 idem
1076 2518 1153 2550 dicit
1169 2531 1177 2550 ε
1194 2519 1378 2561 Discipulus

342 2567 422 2598 nulli
439 2566 549 2597 melior
563 2565 713 2596 meliorve
731 2565 880 2604 magister
897 2566 939 2601 εἷς
957 2565 1066 2606 ἀρετὴν
1084 2566 1197 2604 συνέὸη
1217 2567 1270 2597 καὶ
1292 2578 1377 2599 κυνι-

342 2615 399 2651 κὴν
418 2614 536 2653 σοφίην.
561 2612 671 2643 Dicere
698 2621 748 2643 me
764 2612 852 2643 novit
880 2620 991 2643 verum
1008 2612 1062 2651 qui
1086 2612 1178 2644 novit
1203 2615 1377 2655 utrumque

342 2661 396 2691 καὶ
410 2660 476 2690 θεὸν
491 2658 642 2695 Ἀλκείδην
656 2659 708 2689 καὶ
724 2659 802 2689 κύνα
815 2659 972 2698 Διογένην.
990 2658 1097 2690 Schol.
1116 2658 1156 2689 ad
1171 2659 1374 2700 Pseudoplat.

342 2707 476 2738 Axioch.
498 2714 529 2745 1).
549 2707 606 2736 364
628 2718 635 2736 z
653 2704 746 2740 τόπος
769 2705 850 2736 ἐστὶν
863 2706 894 2736 ὲν
912 2709 949 2746 τῇ
968 2706 1086 2745 Ἀττικῇ
1110 2706 1302 2747 Κυνόσαργες
1318 2719 1377 2739 κα-

342 2754 507 2792 λούμενος,
520 2752 550 2782 ἐν
565 2752 590 2791 ᾧ
610 2751 680 2787 τοὺς
698 2751 803 2787 νόθους
821 2755 883 2783 τῶν
903 2752 1021 2783 παίδων
1040 2752 1177 2784 ἔταττον.
1200 2753 1376 2794 Ὠνομάσθη

344 2799 376 2831 δὲ
395 2799 491 2833 οὕτως
511 2797 572 2828 ἀπὸ
591 2798 679 2832 κυνὸς
705 2797 818 2838 ἀργοῦ,
837 2798 918 2829 τοῦτ’
932 2799 997 2830 ἐστι
1010 2799 1120 2829 λευκοῦ
1139 2799 1158 2836 ἢ
1180 2799 1303 2839 ταχέος·
1324 2801 1376 2832 καὶ

344 2846 403 2885 γὰρ
421 2845 566 2885 Ἡρακλεῖ
585 2844 708 2878 θύοντας
718 2844 796 2875 κύνα
807 2847 946 2875 τοιοῦτον
956 2844 1141 2886 ἁρπάσαντα
1155 2847 1210 2876 τοῦ
1224 2846 1375 2885 θυομένου

347 2892 386 2923 τὰ
399 2891 494 2931 μηρία
513 2890 606 2921 αὐτοῦ
628 2892 822 2927 καταθεῖναι,
847 2892 899 2921 καὶ
921 2891 1172 2932 ἐπερωτήσαντας
1196 2892 1265 2928 τοὺς
1293 2894 1377 2929 θεοὺς

344 2941 406 2969 ποῦ
420 2937 604 2978 Ἡρακλέους
621 2936 740 2976 ἱδρῦσαι
754 2936 832 2976 ἱερὸν
844 2960 853 2974 ,
871 2937 974 2968 λαὸεῖν
994 2938 1134 2978 χρησμὸν
1155 2938 1186 2969 ἐν
1209 2939 1316 2979 ἐκείνῳ
1333 2942 1377 2980 τῷ

345 2984 446 3024 τόπῳ.
468 2983 519 3018 Ἐξ
539 2982 575 3013 οὗ
596 2983 649 3013 καὶ
667 2982 737 3017 τοὺς
754 2982 861 3018 νόθους
880 2983 943 3014 ἐκεῖ
963 2984 1127 3023 συντελεῖν,
1147 2984 1193 3016 ὅτι
1211 2986 1264 3016 καὶ
1284 2985 1376 3026 Ἡρα-

345 3032 419 3067 κλῆς
434 3030 520 3065 νόθος
537 3030 580 3060 ὢν
600 3029 670 3063 Διὸς
689 3029 753 3063 υἱὸς
768 3029 1004 3070 (Ἀμφιτρύωνος
1026 3031 1084 3071 γὰρ
1103 3031 1228 3070 γνήσιος
1241 3031 1298 3072 ἦν)
1322 3032 1378 3064 ἴσα

347 3080 424 3113 θεοῖς
441 3077 578 3116 ἐτιμήθη.
597 3076 795 3115 Λαμὸἆινεται
809 3076 841 3107 δὲ
855 3078 906 3107 καὶ
923 3077 966 3113 εἷς
981 3077 1147 3118 παροιμίαν
1160 3078 1209 3109 ἐπὶ
1228 3078 1309 3119 &epea
1323 3080 1376 3110 καὶ

343 3123 414 3165 ἀρᾷ,
427 3123 492 3154 οἷον
501 3121 541 3154 ἴθ’
552 3123 594 3158 εἰς
610 3121 816 3163 Κυνόσαργες.
832 3139 872 3144 ·—
886 3123 952 3161 (40)
969 3123 1042 3154 Vid.
1056 3124 1167 3162 fragm.
1184 3127 1241 3156 124
1255 3127 1286 3157 et
1306 3129 1375 3160 125.

344 3187 384 3193 ——
401 3170 464 3210 (41)
481 3169 637 3208 Diogenes
658 3169 800 3199 Laertius
823 3168 876 3199 lib.
892 3169 948 3209 VI',
969 3174 987 3201 2
1012 3182 1020 3201 ι
1042 3171 1170 3211 κατῆρξε
1185 3175 1305 3212 πρῶτος
1322 3177 1376 3205 τοῦ

344 3219 506 3257 κυνισμοῦ.
524 3216 609 3247 Idem
627 3214 685 3246 lib.
702 3216 718 3246 I
731 3238 738 3251 ‚
760 3218 796 3246 ¹0
821 3227 829 3246 ε
847 3216 979 3253 Κυνικῆς
995 3217 1169 3257 (προέστη)
1190 3217 1377 3257 Ἀντισθένης

344 3264 362 3294 ὁ
376 3264 541 3301 Ἀθηναῖοι.
566 3261 615 3294 Id.
629 3261 682 3293 lib.
697 3262 752 3301 VI,
774 3264 808 3292 19
826 3262 898 3293 ετὸν
917 3261 982 3302 βίον
996 3262 1076 3300 ἦσθα
1089 3263 1171 3293 κύων
1184 3263 1374 3306 Ἀντίσθενες,

344 3309 404 3340 ὦδε
426 3308 567 3348 πεφυκώς
580 3332 588 3346 ,
605 3307 687 3338 ὥστε
708 3307 811 3337 δακεῖν
838 3307 963 3347 κραδίην
988 3307 1139 3347 ῥήμασιν,
1159 3308 1194 3339 οὐ
1211 3309 1375 3349 στόμασιν.

343 3353 417 3386 Ἀλλ’
430 3355 530 3390 ἔθανες
543 3352 693 3393 φθισικός.
707 3352 786 3394 Τοὶχ’
804 3353 864 3390 ἐρεῖ
875 3365 918 3389 τις
935 3354 1020 3389 ἴσως
1036 3354 1066 3384 τί
1083 3355 1114 3384 δὲ
1130 3358 1237 3392 ‘rofi-tm
1249 3357 1371 3392 πάντως

345 3402 387 3436 εἰς
402 3399 502 3438 Ἀΐδην
523 3401 569 3431 δεῖ
586 3401 644 3431 τιν’
661 3400 770 3439 ὁδηγὸν
789 3399 883 3440 ἐχειν.
905 3400 955 3430 Cf.
976 3400 1042 3430 Cic.
1066 3399 1106 3431 (le
1134 3404 1214 3432 orat.
1241 3403 1309 3441 ΙΙΙ,
1326 3404 1374 3434 17.

346 3446 456 3478 Suidas
481 3455 513 3478 v.
539 3446 739 3483 Ἀντισθένης.
757 3462 799 3468 --
813 3446 879 3485 (42)
902 3446 1077 3483 Xenophon
1093 3447 1229 3478 ConviV.
1255 3449 1315 3486 111,
1330 3451 1348 3479 8
1365 3457 1373 3479 :

347 3491 374 3524 τί
394 3492 451 3533 γὰρ
468 3492 520 3533 σύ,
537 3493 635 3532 εἶπεν,
652 3492 701 3524 ἐπὶ
716 3491 774 3524 τίνι
792 3493 870 3532 μέγα
887 3495 1014 3534 φρονεῖς,
1037 3492 1063 3522 ὧ
1078 3492 1273 3532 Ἀντίσθενες;
1300 3493 1374 3526 Ἐπὶ

1441 428 1546 464 tione
1567 441 1609 463 ac
1630 424 1883 475 despicientia
1902 422 2169 474 praecipiebat,
2196 424 2251 462 ita
2268 437 2310 463 se
2340 423 2388 463 ad
2409 424 2478 463 So·

1441 487 1557 523 cratis
1577 484 1836 523 imitationem
1852 491 2138 533 composuerat,
2157 491 2199 521 ut
2210 482 2344 521 habitu
2361 483 2477 522 etiam

1440 552 1479 581 et
1494 543 1636 581 vestitu
1652 554 1778 579 mores
1792 540 1877 591 ejus
1887 549 1927 578 et
1937 541 2134 590 angustias
2145 541 2319 582 referret.
2335 541 2480 592 Nempe

1439 601 1614 639 Socrates
1639 614 1717 638 non
1754 599 1879 638 solum
1917 599 2147 637 tenuissimo
2189 599 2296 638 victu
2333 600 2480 650 grande

1440 658 1672 708 frugalitatis
1692 657 1850 696 dederat
1865 656 2136 695 documentum
2153 686 2164 706 ,
2183 657 2249 696 sed
2270 658 2385 696 etiarn
2412 671 2479 698 ve-

1439 717 1531 754 stitu
1550 730 1627 754 non
1649 716 1838 754 absimilis
1853 715 2064 767 proletario
2087 716 2234 762 fuerat,
2265 716 2360 767 quia
2392 717 2479 757 sine

1439 775 1566 813 tunica
1583 789 1626 813 ac
1643 775 1895 813 discalceatus
1912 773 2070 827 prodire
2080 774 2122 812 in
2140 773 2340 825 publicum
2360 775 2479 815 detri-

1438 841 1556 883 toque
1586 834 1748 884 palliolo
1787 832 2026 886 (τριὸωνίῳ),
2066 833 2219 884 qualem
2266 842 2411 872 vestem
2441 841 2481 873 et

1438 891 1617 942 Spartani
1639 891 1823 942 gerebant
1839 901 1876 930 et
1904 890 2015 943 plebs
2032 891 2274 930 Atheniensis
2301 891 2390 945 (43)
2420 893 2479 932 11ιί

1439 959 1707 990 consueverat.
1731 950 1856 1001 Hujus
1875 950 1997 1000 igitur
2019 951 2201 989 'amictum
2222 944 2396 990 imita'tus
2421 960 2480 990 est

1437 1009 1698 1056 Antisthenes,
1731 1009 1807 1047 nisi
1832 1009 1939 1060 quod
1971 1008 2126 1047 tribone
2154 1010 2332 1047 utebatur
2351 1009 2480 1061 dupli-

1437 1075 1535 1104 cato.
1558 1068 1602 1106 Id
1622 1068 1843 1106 vestimenti
1863 1081 2000 1118 genus,
2023 1068 2128 1120 quod
2153 1075 2286 1119 postea
2303 1067 2475 1119 Cynico—

1408 1156 1410 1185 3
1438 1139 1525 1163 rum
1548 1140 1700 1177 semper
1721 1127 1927 1178 proprium
1956 1135 2038 1165 erat
2059 1128 2160 1177 (44),
2191 1125 2374 1164 Horatius
2394 1126 2472 1178 (45)

1408 1186 1410 1222 Ξ
1437 1185 1630 1234 duplicem
1646 1199 1837 1237 pannum,
1861 1186 1980 1224 Corn.
1996 1184 2220 1236 Nepos(46)
2242 1193 2391 1234 agreste
2403 1185 2478 1223 du-

1408 1257 1409 1279 l
1437 1243 1526 1294 plex
1543 1245 1751 1283 amiculum
1763 1245 1932 1283 vocavit.
1950 1250 2116 1296 Apparet
2130 1243 2297 1293 intelligi
2314 1244 2478 1282 crassio-

1437 1315 1518 1339 rem
1544 1312 1688 1341 vestem
1715 1317 1800 1354 quae
1829 1304 1954 1353 frigus
1976 1301 2182 1341 defendere
2200 1309 2328 1352 queat.
2349 1301 2477 1347 Quum

1407 1377 1409 1400 l
1438 1375 1532 1399 vero
1549 1361 1682 1406 διπλοίς
1700 1362 1953 1413 perhibeatur
1972 1374 2054 1399 esse
2070 1360 2192 1412 χλανὶς
2209 1359 2422 1412 διπλουμένη
2440 1361 2477 1399 ἓν

1435 1421 1485 1468 τῷ
1505 1424 1683 1471 φορεῖσθαι
1709 1422 1743 1470 (4
1752 1422 1804 1470 7),
1821 1421 1971 1458 inventi
1993 1426 2083 1457 sunt
2100 1420 2178 1456 viri
2192 1417 2297 1456 docti
2316 1419 2386 1470 qui
2404 1419 2480 1458 ‹iu-¹

1435 1477 1618 1527 plicatum
1635 1479 1826 1516 tribonem
1842 1480 2191 1529 interpretarentur
2207 1476 2257 1515 de
2277 1489 2346 1523 eo,
2365 1476 2477 1529 euJ‘us

1436 1535 1571 1574 dextra
1595 1550 1687 1588 pars
1718 1546 1798 1575 tota
1817 1538 1859 1575 in
1879 1537 2078 1575 sinistrum
2105 1535 2309 1574 humerum
2337 1535 2482 1586 injecta

1435 1608 1456 1631 a
1477 1603 1585 1644 tergo
1605 1596 1653 1633 ad
1685 1596 1802 1647 pedes
1823 1595 2017 1633 decideret
2051 1606 2175 1644 eoque
2208 1593 2324 1632 modo
2353 1603 2477 1633 totum

338 1679 475 1718 ἐποίουν,
494 1679 546 1711 καὶ
571 1678 640 1714 τοὺς
668 1678 722 1717 μὲν
739 1677 841 1714 ἀξίους
863 1676 1046 1717 φιλοσόφους
1070 1676 1234 1717 ἐδέχοντο,
1253 1676 1323 1713 τοὺς
1344 1677 1377 1708 δὲ
1436 1666 1578 1704 corpus
1601 1656 1818 1692 inv⁰lve¹⁹et
1837 1655 1930 1702 (48)·
1947 1653 2080 1702 Neque
2108 1652 2237 1691 Obsmt
2255 1653 2364 1692 '⁰⁰⁰⁵
2382 1653 2479 1692 Dio‘
2497 1682 2509 1690 ’

1436 1712 1546 1760 genis
1558 1711 1701 1749 Laertii
1714 1711 1792 1762 (49)
1810 1711 1877 1748 lib.
1890 1725 1945 1755 VI,
1960 1712 2000 1760 6,
2021 1709 2089 1747 ubi
2102 1710 2295 1759 Diogenes
2307 1711 2478 1759 Cynicus

1407 1777 1409 1783 ⁴
1436 1771 1604 1808 tunicam
1619 1779 1754 1821 petens
1777 1769 1826 1821 ab
1842 1768 2068 1806 Antisthene
2081 1767 2213 1817 jussus
2232 1780 2315 1807 esse
2333 1768 2478 1809 dieitur

1435 1828 1560 1873 πτύξαι
1589 1829 1790 1878 θοιμάτιον,
1809 1830 2033 1877 complacare
2063 1829 2241 1876 pallium,
2283 1828 2476 1879 siquidem

1437 1888 1668 1938 complicata
1694 1888 1793 1924 laena
1820 1900 1840 1924 a
1868 1885 2064 1936 duplicata
2091 1884 2236 1924 differt.
2266 1885 2474 1938 Utcunque

1419 1955 1492 1989 -est
1514 1948 1688 1998 (poterat
1703 1947 1807 1984 enim
1828 1945 1966 1983 abollae
1983 1943 2132 1995 species
2150 1945 2319 1996 mutari),
2332 1945 2401 1984 ubi
2417 1959 2478 1985 se-

1436 2006 1511 2042 mel
1528 2006 1602 2043 iste
1621 2006 1747 2043 cultus
1766 2004 1988 2043 Antistheni
2005 2003 2166 2054 placuit,
2181 2003 2323 2054 reliqui
2339 2004 2479 2056 Cynici

1435 2078 1524 2103 eum
1541 2067 1798 2103 retinuerunt.
1821 2062 1956 2113 Neque
1974 2062 2077 2099 enim
2098 2061 2195 2099 fides
2209 2061 2291 2100 illis
2309 2063 2478 2115 scripto-

1436 2125 1548 2162 ribus
1564 2124 1633 2175 qui
1651 2123 1806 2161 ornnem
1822 2121 2045 2160 Antistheni
2066 2121 2332 2159 auctoritatem
2347 2121 2478 2161 detra-

1436 2183 1569 2221 hentes
1587 2183 1801 2232 Diogenem
1823 2181 1903 2232 (50)
1932 2193 2011 2218 non
2037 2179 2157 2228 magis
2179 2178 2337 2230 Cynicae
2365 2190 2477 2222 sectae

1438 2335 1582 2376 πλούτῳ,
1609 2334 1678 2374 ἔφη.
1701 2334 1740 2365 ‘O
1766 2333 1820 2374 μὲν
1845 2332 1882 2370 δὴ
1907 2330 2092 2373 Ἑρμογένης
2114 2328 2259 2370 ἀνήρετο,
2285 2329 2313 2361 εἰ
2335 2329 2415 2361 πολὺ
2428 2329 2477 2368 εἷη

1436 2383 1521 2423 αὐτῷ
1532 2381 1684 2424 ἀργύριον.
1700 2381 1735 2412 Ὁ
1748 2380 1781 2411 δὲ
1795 2379 1947 2418 ἀπώμοσε
1958 2377 2034 2417 μηδὲ
2047 2375 2169 2407 ὸὸολόν.
2182 2375 2271 2408 Ἀλλὰ
2279 2379 2337 2415 γῆν
2347 2377 2476 2417 πολλήν,

1435 2429 1504 2468 ἔφη,
1521 2429 1691 2466 κέκτησαι;
1706 2426 1801 2462 Ἴσως
1816 2425 1864 2469 ἄν,
1879 2424 1948 2465 ἔφη,
1960 2423 2126 2463 Αὐτολύκῳ
2139 2422 2239 2464 τούτῳ
2256 2423 2347 2462 ἱκανὴ
2358 2423 2478 2464 γένοιτο

1437 2475 1668 2515 ἐγκονίσασθαι.
1698 2473 1773 2505 Vid.
1793 2473 1906 2512 fragm.
1938 2475 1990 2503 60.
2010 2490 2051 2497 —
2074 2470 2140 2510 (43)
2172 2469 2223 2502 Cf.
2243 2470 2325 2502 Ptat.
2340 2469 2476 2502 Conviv.

1436 2531 1468 2563 p.
1481 2525 1552 2554 219.
1565 2521 1723 2562 Aristoph.
1735 2528 1827 2560 vesp.
1856 2521 1948 2556 1171,
1962 2517 2048 2550 Eccl.
2064 2519 2120 2549 881
2136 2541 2146 2556 ,
2160 2518 2271 2548 Isaeus
2281 2517 2321 2548 de
2335 2516 2476 2558 Dicaeog.

1436 2568 1455 2609 §
1475 2572 1524 2606 11,
1539 2568 1712 2600 Athenaeus
1725 2566 1781 2599 lib.
1795 2567 1856 2598 XII
1870 2590 1879 2605 ,
1893 2574 1926 2606 p.
1948 2567 2007 2597 535
2021 2566 2047 2596 Ε
2065 2564 2255 2596 Plutarchus
2268 2564 2326 2596 vit.
2341 2565 2476 2606 Lycurg.

1435 2623 1464 2647 c.
1482 2617 1534 2656 3ο,
1553 2614 1671 2647 AElian.
1704 2622 1772 2645 var.
1802 2613 1879 2644 hist.
1895 2613 1973 2650 VII,
2002 2614 2051 2643 13.
2071 2628 2112 2633 —
2133 2609 2196 2650 (44)
2227 2613 2274 2642 Δο
2290 2613 2479 2643 caeterorum

1437 2662 1534 2694 etiam
1548 2661 1824 2703 philosophorum.
1843 2658 1915 2690 Vid.
1935 2658 1995 2690 Dio
2017 2658 2093 2688 Chr.
2112 2657 2239 2696 LXXII,
2259 2659 2289 2688 2.
2306 2655 2396 2688 Adde
2417 2658 2479 2689 Pe-

1436 2709 1536 2740 rizon.
1554 2708 1595 2739 ad
1607 2707 1722 2739 AElian.
1741 2707 1782 2746 V,
1797 2710 1815 2738 5
1830 2706 1862 2738 et
1879 2703 2110 2745 Wyttenbach.
2127 2702 2166 2734 ad
2181 2703 2346 2735 Plutarch.
2361 2713 2393 2745 p.
2403 2706 2476 2738 440.

1436 2773 1477 2778 —
1498 2754 1565 2794 (45)
1589 2753 1740 2785 Horatius
1759 2751 1861 2792 Epist.
1885 2753 1921 2789 Ι,
1940 2753 1990 2789 17,
2011 2754 2051 2782 25
2072 2751 2223 2789 :conti-a,
2246 2757 2341 2789 quem
2357 2749 2477 2791 duplici

1439 2810 1543 2842 panno
1563 2799 1713 2840 patientia
1725 2799 1822 2830 velat.
1846 2818 1886 2825 --
1898 2798 1963 2839 (46)
1979 2798 2074 2828 Corn.
2089 2798 2194 2836 Nepos
2213 2796 2286 2828 Dat.
2303 2804 2374 2837 cap.
2388 2799 2419 2829 3.
2437 2809 2479 2818 -

1437 2848 1502 2886 (47)
1524 2845 1699 2886 Hesychius
1722 2853 1754 2876 v.
1778 2845 1906 2881 διπλοῖς.
1930 2862 1966 2866 -
1981 2844 2047 2884 (48)
2074 2835 2231 2882 Diogenes
2253 2842 2397 2876 Laertius
2420 2842 2477 2876 lib.

1435 2896 1492 2933 VI,
1520 2896 1556 2925 13
1571 2902 1580 2923 t
1595 2893 1647 2923 καὶ
1669 2891 1962 2933 πρῶτοίέὸίπλωσε
1975 2892 2028 2922 τὸν
2041 2890 2175 2930 τρίὸωνα
2199 2889 2254 2921 καὶ
2275 2889 2361 2930 μόνῳ
2387 2889 2474 2932 αὐτῷ

1436 2942 1560 2983 ἐχρῆτο.
1574 2940 1657 2972 Ihid.
1673 2953 1682 2972 ι
1699 2943 1822 2981 πρῶτον
1838 2939 1870 2970 δὲ
1885 2939 1939 2969 καὶ
1960 2938 2097 2974 Νεάνθης
2118 2937 2210 2976 φησὶν
2227 2937 2372 2968 ἁπλῶσαι
2393 2935 2476 2976 (leg.

1437 2986 1604 3027 διπλῶσαι)
1623 2986 1791 3029 θοιμάτιονῚ
1810 2982 1985 3017 'Salmasius
1997 2983 2036 3015 ad
2052 2984 2184 3015 Tertull.
2199 2983 2239 3016 de
2255 2983 2332 3023 pall.
2350 2992 2381 3024 p.
2393 2985 2474 3015 396:

1437 3034 1574 3066 Pallium
1588 3034 1774 3065 Graecorum
1788 3056 1795 3073 ‚
1813 3031 1932 3071 inquit,
1949 3031 2083 3071 simplex
2101 3033 2189 3069 erat,
2203 3029 2321 3071 duplex
2337 3029 2478 3062 Cratetis

1436 3082 1467 3113 et
1482 3083 1690 3121 Cynicorum.
1704 3079 1829 3119 Dupssx
1850 3079 2075 3110 vestimentum
2097 3077 2189 3118 longe
2204 3076 2391 3118 impeditius
2403 3076 2479 3108 sim·

1436 3127 1527 3167 plice.
1545 3127 1672 3167 Duplex
1697 3121 1913 3163 tamesi³4llud
1939 3125 2043 3165 ipsum
2073 3123 2217 3155 Cratetis*
2237 3122 2366 3163 pallium
2386 3121 2478 3162 longe

1436 3173 1611 3213 simplicius
1623 3174 1655 3204 et
1671 3172 1852 3212 expeditius
1871 3174 1955 3212 toga.
1977 3171 2100 3211 Duplex
2124 3171 2350 3202 vestimentum
2371 3168 2476 3201 Groeci

1436 3229 1563 3260 quoque
1573 3219 1649 3250 illud
1668 3219 1882 3260 appellabant,
1894 3218 1979 3258 quod
1997 3218 2040 3249 ita
2057 3217 2198 3256 amplum
2215 3218 2247 3247 et
2266 3215 2371 3246 susum
2391 3219 2471 3254 erat,

1437 3268 1474 3296 ut
1490 3265 1646 3306 duplicari
1656 3265 1689 3297 in
1709 3265 1847 3305 gerendo
1866 3268 1992 3305 posset3
2012 3264 2169 3299 διπλοΐδας
2185 3263 2218 3294 et
2243 3262 2421 3301 διπληγίόας
2443 3263 2478 3294 εἴ
2499 3294 2504 3300 ,

1437 3312 1529 3342 διπλᾶ
1542 3312 1650 3353 ἱμάτια
1663 3311 1846 3351 huiusmodi
1865 3311 2053 3343 vestimenta
2072 3309 2238 3340 vocabant.
2257 3320 2271 3334 υ
2290 3309 2337 3339 Cf.
2351 3307 2474 3341 Feri-ar.

1436 3356 1475 3388 de
1483 3366 1515 3388 re
1523 3358 1667 3389 vestiaria
1675 3358 1705 3388 in
1716 3358 1834 3388 Graevii
1842 3357 1935 3388 Thes.
1945 3357 2043 3395 antiq.
2054 3357 2145 3387 Rom.
2154 3356 2210 3390 VI.
2221 3362 2250 3392 p.
2260 3357 2335 3390 901,
2344 3351 2472 3384 Walch.

1437 3403 1535 3444 antiq.
1553 3403 1639 3444 pallii
1655 3403 1732 3444 phil.
1751 3406 1821 3435 Jrn.
1842 3405 1939 3441 1746;
1955 3403 2142 3442 interpretes
2155 3400 2194 3431 ad
2210 3402 2286 3431 Hor.
2302 3401 2359 3439 Ep.
2374 3402 2402 3438 1,
2422 3400 2472 3438 17,

1438 3452 1490 3481 25.
1503 3466 1545 3471 —
1566 3450 1631 3490 (49)
1653 3450 1745 3489 Diog.
1770 3452 1875 3481 Laert.
1897 3451 1960 3486 vt,
1978 3453 1997 3480 6
2024 3462 2031 3480 :
2050 3447 2186 3484 Διογένει
2201 3449 2319 3486 χιτῶνα
2337 3446 2472 3476 αἰτοῦντι

1433 3495 1542 3532 πτύξαι
1561 3496 1730 3537 προσέταξε
1751 3496 1920 3536 θοιμάτιον.
1936 3512 1974 3517 --
1992 3494 2057 3533 (50)
2078 3494 2232 3532 Diogenes
2255 3492 2399 3524 Laertius
2415 3489 2471 3522 lib.
