2638 3840
295 232 394 260 xxvt

294 309 465 358 tabi-igine
489 309 557 355 167
569 321 582 344 1
599 315 636 344 et
652 304 925 345 Amstelodami
948 302 1043 340 1688
1059 300 1320 352 promulgata,

293 369 458 418 denique
491 375 577 417 post
610 365 893 403 Bet-olinensem
924 358 1125 408 Dargensii
1150 356 1253 406 (181)
1288 364 1324 394 et

293 427 547 464 Parisiensem
578 423 742 461 Battaesii
778 421 881 472 (182)
909 419 1115 457 editionem
1145 415 1323 464 Lugduni

293 488 519 523 Batavorum
546 483 642 519 1836
662 494 779 532 opera
802 488 839 517 et
858 479 984 516 studio
1004 475 1033 514 1.
1050 475 1082 512 l.
1099 474 1146 511 de
1170 473 1323 519 Gelder,

294 546 361 595 qui
389 543 533 581 scholia
552 550 588 578 et
608 541 825 578 varietatem
855 534 1031 574 lectionis
1051 546 1071 571 e
1090 531 1325 570 membranis

295 600 579 640 parisiensibus
613 610 775 647 suasque
808 594 1071 633 annotationes
1095 599 1133 629 et
1162 590 1326 628 ineditas

295 659 534 698 Valckenarii
578 656 814 707 conjecturas
856 653 1004 702 adjecit.
1037 649 1111 688 Sed
1155 649 1326 687 Platonis

295 730 449 769 quoque
468 717 635 755 editores
649 714 744 752 illud
762 712 896 764 priscae
915 708 1171 760 philosophiae
1191 721 1326 746 monu-

295 786 463 815 mentum
484 775 775 824 haudquaquam
799 770 1058 819 neglexerunt.
1076 767 1187 805 Certe
1202 767 1293 805 inde
1307 781 1328 804 a

296 836 437 874 renatis
456 833 593 872 litteris
610 830 824 881 majoribus
844 827 1016 865 Platonis
1042 825 1328 876 exemplaribus

296 893 466 932 additum
484 890 692 930 invenitur.
713 888 764 927 At
786 885 1053 938 superioribus
1072 884 1217 922 criticis
1236 883 1329 921 dili-

297 952 430 1001 gentiae
461 950 624 1001 palmam
656 946 800 997 eripuit
827 946 869 983 in
898 943 1093 993 vulgando
1121 943 1196 980 isto
1225 941 1329 979 libro

298 1009 410 1047 Imm.
432 1007 643 1052 Bekkerus,
673 1004 741 1055 qui
768 1001 939 1041 excussis
965 1000 1095 1038 decem
1130 998 1329 1036 codicibus

297 1064 498 1116 scriptoris
516 1062 637 1101 verba
661 1061 806 1112 optime
828 1058 1033 1097 recensuit.
1056 1056 1181 1108 Hujus
1210 1057 1330 1105 igitur

297 1131 482 1174 apparatu
516 1121 651 1159 critico
675 1133 768 1158 usus
799 1117 988 1156 orationis
1020 1117 1185 1154 nitorem
1216 1115 1328 1152 etiam

298 1190 377 1219 tum
396 1179 505 1231 quasi
525 1178 685 1216 maculis
704 1176 935 1229 quibusdam
951 1175 1184 1213 infuscatam
1201 1185 1330 1210 emen-

297 1240 384 1278 dato
403 1237 607 1289 aliquoties
624 1236 761 1275 libello
787 1235 938 1274 restitui
958 1246 1176 1283 novamque
1196 1245 1331 1282 magna

296 1312 344 1337 ex
362 1307 469 1350 parte
488 1296 843 1348 interpretationem
863 1294 1020 1332 latinam
1034 1291 1209 1343 adjunxi.

349 1358 540 1403 Quantum
560 1355 703 1393 valeret
731 1353 1073 1404 Pythagoricarum
1094 1359 1173 1388 tum
1194 1348 1331 1387 simili-

298 1416 473 1454 tudinum
519 1423 599 1452 tum
646 1412 919 1451 sententiarum
973 1408 1244 1460 contemplatio
1285 1406 1332 1444 ad

297 1476 449 1528 plenam
478 1473 674 1526 sapientiae
692 1471 938 1522 Pythagoreae
961 1468 1219 1518 cognitionem
1241 1479 1334 1504 con-

298 1535 552 1586 sequendam,
565 1540 710 1584 'praeter
730 1538 886 1568 caeteros
909 1528 1073 1566 sensisse
1088 1526 1240 1564 videtur
1261 1528 1334 1562 De-

299 1595 501 1646 mophilus,
523 1591 586 1630 cui
605 1591 772 1642 primum
791 1588 892 1626 inter
911 1586 1023 1637 hujus
1039 1594 1149 1624 sectae
1164 1584 1334 1636 philoso-

298 1652 396 1704 phos
427 1651 554 1688 locum
578 1649 752 1687 dedimus
778 1647 858 1685 vol.
878 1645 911 1693 l,
934 1658 1022 1696 pag.
1053 1644 1241 1694 485-499.
1259 1643 1334 1682 Sed

300 1710 389 1760 quis
409 1709 524 1747 fuerit
551 1708 686 1745 doctus
713 1706 780 1744 ille
798 1705 862 1743 vir
882 1705 948 1755 qui
974 1703 1054 1740 haec
1074 1703 1258 1754 praeclara
1279 1702 1335 1739 fa-

300 1768 417 1806 miliae
433 1767 545 1805 istius
561 1766 662 1803 dicta
678 1764 833 1813 collegit
850 1771 887 1801 et
914 1762 1067 1813 quando
1088 1761 1232 1798 vixerit
1250 1761 1333 1810 ple-

301 1827 412 1877 rique
434 1839 473 1864 se
493 1826 673 1874 ignorare
690 1823 865 1860 fatentur.
878 1822 959 1859 Etsi
979 1820 1080 1858 enim
1098 1833 1176 1857 non
1199 1816 1336 1857 desunt

301 1883 522 1934 Demophili
538 1883 579 1920 in
594 1882 840 1932 antiquorum
854 1879 968 1917 libris
984 1878 1206 1926 memorati,
1222 1891 1335 1916 nemo

301 1953 426 1982 tamen
446 1944 546 1980 inter
566 1943 655 1980 illos
688 1949 744 1979 est
764 1941 826 1978 cui
854 1939 953 1976 hanc
974 1937 1334 1990 apophthegmatum

302 2002 451 2052 copiam
471 2001 686 2039 necessario
706 1999 886 2038 ascribas.
900 1997 1013 2043 Quod
1031 2010 1079 2035 ne
1095 1997 1157 2034 cui
1173 1996 1335 2034 dubium

302 2060 492 2105 videatur,
514 2059 764 2111 Demophilus
784 2059 851 2108 qui
871 2057 1026 2108 quidem
1045 2056 1128 2094 noti
1157 2064 1246 2094 sunt
1274 2070 1337 2094 or-

302 2119 393 2157 dine
430 2118 632 2169 proferam.
660 2117 814 2155 Primus
853 2125 910 2154 est
952 2115 1203 2166 Demophilus
1237 2114 1336 2152 The-

304 2176 468 2229 spiensis
500 2190 612 2227 quem
643 2175 859 2213 Herodotus
891 2173 993 2226 (183)
1026 2174 1097 2212 lib.
1137 2172 1222 2220 Vll,
1261 2187 1336 2211 222

304 2235 473 2285 gloriosa
502 2244 624 2273 morte
653 2233 879 2272 occubuisse
906 2232 1013 2271 dicit.
1031 2231 1248 2270 Secundum
1267 2246 1335 2283 po·

303 2295 430 2332 nimus
443 2306 528 2331 eum
544 2307 656 2344 quem
672 2301 811 2343 quarto
824 2290 1064 2342 Olympiadis
1080 2291 1339 2339 nonagesimae

302 2366 414 2390 nonae
444 2365 545 2389 anno
573 2350 864 2389 Atheniensium
887 2348 1165 2400 rempublicam
1192 2350 1338 2386 rexisse

306 2411 501 2449 Diodorus
522 2410 674 2448 Siculus
707 2409 815 2460 (184)
848 2409 914 2446 lib.
942 2408 1023 2453 XV,
1061 2422 1109 2445 22
1143 2412 1338 2446 memoriae

302 2468 444 2519 prodit.
467 2468 623 2506 Tertius
640 2470 688 2505 sit
708 2466 962 2517 Demophilus
981 2466 1129 2517 Ephori
1149 2466 1253 2505 filius
1277 2467 1337 2504 hi-

304 2527 506 2563 storiarum
519 2529 698 2577 scriptor,
710 2525 770 2576 cuj
776 2539 819 2563 us
830 2525 1004 2563 meminit
1015 2524 1218 2562 Athenaeus
1233 2526 1266 2574 (1
1275 2526 1337 2578 85)

303 2583 373 2623 lib.
388 2584 452 2634 Vl,
465 2597 505 2634 p.
520 2585 593 2620 232
609 2585 655 2621 D.
673 2583 859 2629 Quartum
879 2595 961 2621 esse
987 2584 1167 2622 volumus
1187 2594 1336 2636 poetam

304 2711 458 2748 Taurum,
466 2718 550 2750 saepe
564 2709 673 2741 multis
684 2710 787 2742 verbis
802 2710 913 2752 citant)
924 2711 1047 2751 afferre,
1059 2712 1112 2744 sed
1125 2713 1157 2744 in
1167 2713 1253 2745 aliud
1263 2715 1341 2746 tem-

307 2764 367 2795 pus
383 2755 488 2795 reJeci.
501 2768 517 2783 η
526 2772 566 2778 -
575 2755 659 2796 (181)
669 2755 775 2787 Timee
788 2756 827 2787 de
839 2758 951 2788 Locres
963 2765 1002 2788 en
1015 2767 1087 2797 grec
1100 2762 1131 2790 et
1143 2768 1182 2791 en
1193 2760 1339 2800 franceis,

307 2801 673 2834 avecdesdissertations
680 2810 733 2832 sur
742 2802 786 2833 les
797 2802 1154 2843 principalesquestions
1167 2806 1207 2838 de
1224 2806 1254 2838 la
1270 2809 1338 2839 me-

306 2848 506 2888 taphysique,
515 2848 555 2879 de
566 2848 597 2878 la
612 2847 767 2888 physique
779 2851 810 2879 et
821 2848 860 2879 de
874 2848 903 2879 la
916 2850 1038 2880 morale
1047 2849 1102 2881 des
1119 2852 1247 2885 anciens
1258 2879 1266 2893 ,
1285 2863 1341 2894 par

307 2894 337 2926 le
351 2895 490 2935 Marquis
505 2895 678 2934 d'A1·gens;
695 2895 810 2932 Berlin,
837 2898 926 2935 ¹762,
939 2896 1016 2927 chez
1032 2897 1146 2930 Haude
1162 2901 1194 2930 et
1208 2901 1338 2940 Spener.

306 2957 347 2963 —-
363 2941 448 2981 (182)
467 2942 593 2973 ocellus
608 2944 752 2973 Lucanus
763 2941 823 2982 ,‘de
838 2941 867 2972 ta
879 2943 991 2973 nature
1002 2942 1041 2974 de
1054 2944 1220 2985 l’univers;
1233 2948 1341 2980 Timee

307 2987 346 3018 de
359 2989 475 3019 Locres
483 3012 491 3027 ,
504 2988 543 3019 de
555 2988 646 3019 l'Ame
656 2989 698 3019 du
712 2988 840 3029 monde;
851 2989 942 3020 lettre
952 2988 1010 3021 d’A
1016 2990 1126 3022 ristote
1136 2991 1153 3023 ὲ
1164 2993 1342 3026 Alexandre

307 3042 362 3065 sur
380 3033 409 3065 le
427 3034 568 3074 systema
584 3034 626 3065 du
647 3035 772 3066 monde.
790 3039 878 3067 Avec
892 3035 923 3066 la
941 3035 1118 3068 traduction
1140 3037 1294 3078 franceise
1309 3043 1342 3071 et

307 3081 363 3113 des
382 3090 564 3122 remarques
584 3090 640 3122 par
658 3081 818 3112 Monsieur
831 3081 934 3112 l'abbe
951 3082 1100 3121 natteux,
1114 3082 1133 3114 a
1148 3084 1236 3115 Paris
1251 3087 1340 3118 1768.

350 3128 435 3169 (183)
457 3128 638 3160 Herodotus
661 3128 715 3159 lib.
733 3129 806 3166 Vll,
828 3132 886 3159 222
907 3140 915 3159 ε
935 3129 1082 3165 Θεσπιέες
1097 3129 1130 3160 δὲ
1146 3130 1343 3172 ἑκόντεςμά-

307 3176 397 3207 λιστα
410 3186 417 3194 ·
435 3176 463 3207 οἳ
492 3175 550 3206 οὐκ
577 3175 693 3213 ἔφασαν
721 3175 920 3211 ἀπολιπόντες
947 3175 1103 3212 Λεωνίδην
1118 3177 1170 3207 καὶ
1189 3177 1259 3213 τοὺς
1278 3180 1343 3218 μετ’

309 3223 403 3254 αὐτοῦ
413 3222 656 3260 ἀπαλλάξεσθαι,
670 3221 747 3252 ἀλλὰ
756 3222 990 3262 καταμείναντες
1007 3223 1225 3255 συναπέθανον·
1240 3224 1343 3265 ἐστρα-

308 3269 397 3309 τήγεε
418 3269 450 3300 δὲ
482 3268 597 3299 αὐτέων
620 3268 793 3308 Δημόφιλος
818 3269 1010 3309 Διαδρόμεω.
1025 3286 1065 3291 -
1079 3270 1164 3310 (184)
1186 3271 1342 3304 Diodorus

310 3319 435 3349 Siculus
446 3319 500 3350 lib.
511 3321 580 3357 XV,
592 3323 630 3351 22
643 3333 649 3350 :
662 3319 710 3350 ἐπ’
723 3319 868 3361 ἄρχοντος
882 3320 907 3351 δ’
921 3321 1060 3361 Ἀθήνῃσι
1076 3323 1252 3363 Δημοφίλου
1266 3324 1338 3355 Ῥω-

310 3368 395 3404 μαῖοι
413 3366 477 3396 ἀντὶ
496 3368 556 3397 τῶν
584 3365 708 3397 ὑπάτων
732 3366 906 3407 χιλιάρχους
922 3367 1115 3405 κατέστησαν
1134 3370 1342 3411 κτλ-(185)

311 3412 483 3443 Athenaeus
501 3412 554 3443 lib.
572 3414 624 3451 Vl,
642 3422 672 3453 p.
687 3415 745 3443 232
760 3414 787 3444 D
802 3422 810 3444 :
827 3413 956 3454 Ἔφορος
972 3414 1003 3445 δὲ
1021 3416 1040 3452 ἢ
1058 3417 1230 3455 Δημοφίλος
1247 3418 1263 3448 ὁ
1279 3419 1342 3455 υἱὸς

1141 211 1207 249 DE
1236 208 1551 248 PYTHAGORA

1383 298 1571 337 comicum
1590 296 1637 334 de
1657 308 1734 346 quo
1746 294 1837 332 vide
1847 293 2079 332 Meineltium
2098 300 2189 331 tom.
2208 293 2241 340 1,
2264 305 2304 343 p.
2325 297 2415 342 [⁰91-

1385 357 1453 395 His
1479 355 1624 394 accedit
1651 354 1811 404 quintus
1830 351 2084 403 Demophilus
2111 351 2178 401 qui
2204 350 2252 388 de
2279 349 2420 387 ritibus

1383 415 1648 466 AEgyptiorum
1669 411 1848 462 exposuit
1862 410 2038 448 laudatus
2058 409 2244 447 Kirchero
2264 408 2320 446 111
2348 408 2421 445 (E-

1385 474 1466 525 dipi
1501 487 1541 524 1).
1575 471 1664 508 358.
1700 469 1758 507 Ab
1791 469 1865 506 hoc
1903 468 2078 506 diversus
2112 467 2270 505 fortasse
2299 476 2355 505 est
2387 468 2421 505 is

1386 545 1498 582 quem
1531 539 1678 569 sextum
1710 539 1980 574 numeramus,
2003 527 2120 565 homo
2149 526 2346 573 eruditus,
2367 526 2422 564 ci·

1386 599 1484 629 tatus
1499 591 1533 627 ἐν
1550 591 1598 641 τῷ
1615 587 1693 638 περὶ
1714 590 1783 625 τῶν
1801 586 1884 638 παρ’
1902 585 2060 638 ἀρχαίοις
2075 587 2200 623 θυσιῶν
2219 584 2279 623 καὶ
2294 586 2423 638 ἑορτῶν

1386 662 1407 686 a
1434 649 1603 686 Maximo
1630 647 1672 683 in
1700 644 1860 683 scholiis
1891 644 1938 682 ad
1968 643 2149 694 Dionysii
2183 644 2425 694 Areopagitae

1387 707 1506 758 Epist,
1533 707 1570 752 8,
1604 705 1682 742 vol.
1704 703 1758 751 ΙΙ,
1781 716 1868 755 pag.
1891 716 1979 753 129.
2001 702 2188 741 Addimus
2219 703 2424 754 septimum

1387 764 1657 815 Demophilum
1668 762 1951 814 Apolloniaten,
1959 774 2072 813 quem
2083 760 2212 799 Golzii
2224 760 2425 800 thesaurus

1387 823 1429 861 in
1454 837 1612 862 nummo
1644 822 1813 861 exhibet.
1835 821 1961 859 Porro
1989 820 2211 872 Demophili
2244 821 2426 860 mensarii

1388 884 1621 921 mentionem
1644 882 1734 919 facit
1761 879 2035 918 Demosthenes
2063 879 2151 919 adv.
2173 878 2356 930 Spudiam
2377 879 2427 927 11,

1389 955 1474 993 pag.
1499 943 1595 979 1031
1630 941 1692 980 ed.
1726 940 1853 979 Reisk.
1875 939 2002 977 Alium
2038 937 2311 990 Demophilum
2336 939 2427 978 “Ari-

1389 1001 1536 1039 stotelis
1569 1008 1824 1038 accusatorem
1858 998 1975 1036 fuisse
2006 997 2060 1035 ait
2090 997 2296 1036 Athenaeus
2322 997 2426 1050 (186)

1390 1058 1462 1098 lib.
1474 1058 1539 1096 XV
1552 1072 1591 1110 p.
1603 1059 1679 1107 696
1692 1058 1739 1096 A.
1752 1056 1917 1108 Insuper
1933 1054 2204 1105 Demophilum
2220 1054 2427 1106 Bithynum

1393 1117 1560 1155 celebrat
1589 1116 1769 1155 Julianus
1800 1116 1842 1154 in
1863 1115 2119 1166 Misopogone
2152 1122 2190 1152 et
2223 1113 2362 1153 suidas
2391 1130 2430 1154 v.

1391 1176 1606 1229 Δαμόφιλος.
1655 1176 1846 1213 Praeterea
1905 1174 2181 1225 Damophilum
2239 1174 2430 1224 quendam

1394 1235 1632 1273 Rhodiorum
1674 1233 1838 1272 navibus
1882 1233 2010 1285 primo
2039 1232 2282 1284 Olympiadis
2313 1232 2432 1271 CXIX

1392 1307 1494 1332 anno
1533 1293 1734 1346 praefuisse
1767 1292 1883 1330 tradit
1914 1291 2109 1330 Diodorus
2137 1289 2291 1328 Siculus
2327 1291 2432 1342 (187)

1392 1353 1462 1391 lib.
1485 1353 1552 1391 XX
1575 1366 1658 1404 cap.
1679 1353 1742 1401 93.
1759 1350 1982 1402 Demophili
2002 1362 2143 1388 nomen
2162 1348 2299 1386 habuit
2317 1349 2430 1387 etiam

1392 1413 1599 1464 episcopus
1654 1410 2130 1460 Constantinopolitanus,
2189 1405 2431 1446 mirabilium

1393 1470 1632 1520 quorundam
1653 1468 1872 1518 dogmatum
1895 1475 2042 1513 auctor,
2053 1475 2146 1504 teste
2159 1465 2278 1503 Suida
2291 1479 2329 1506 v.
2345 1460 2430 1507 οἷον.

1392 1528 1574 1579 Superest
1597 1540 1699 1566 unus
1730 1526 1900 1577 ejusdem
1925 1525 2096 1563 nominis
2121 1524 2431 1574 mathematicus,

1393 1586 1504 1637 cujus
1517 1587 1665 1625 scholia
1683 1585 1856 1636 quaedam
1873 1584 2155 1635 Porphyrianae
2178 1583 2220 1621 in
2236 1583 2434 1622 Ptolemaei

1393 1644 1642 1683 teti-abiblum
1670 1645 1834 1694 isagogae
1863 1644 2008 1681 inserta
2029 1643 2223 1692 leguntur.
2243 1642 2319 1688 Qui
2344 1643 2436 1681 licet

1394 1704 1685 1742 mathematicus
1705 1703 1774 1750 sit,
1797 1715 1874 1740 non
1896 1700 2154 1753 philosophus
2166 1731 2177 1749 ‚
2199 1710 2325 1739 tamen
2343 1715 2436 1752 quo-

1395 1763 1499 1801 niam
1528 1763 1642 1800 multi
1667 1761 1881 1812 antiquitus
1907 1761 2049 1798 artium
2080 1759 2434 1799 mathematicarum

1395 1821 1565 1860 studium
1582 1834 1669 1859 cum
1692 1820 1890 1871 sapientiae
1925 1818 2106 1870 cupidine
2137 1827 2174 1856 et
2203 1819 2436 1871 optimarum

1395 1880 1608 1918 litterarum
1635 1880 1861 1918 tractatione
1893 1879 2145 1929 copularunt,
2173 1880 2278 1917 hunc
2309 1879 2437 1930 ipsum

1396 1940 1490 1977 olim
1511 1939 1771 1991 Pythagorica
1791 1939 1838 1976 de
1858 1938 2001 1988 quibus
2014 1939 2141 1987 agitur
2155 1946 2234 1976 tum
2249 1939 2436 1978 similium

1397 2013 1528 2038 rerum
1555 1999 1733 2050 exempla
1751 2007 1831 2036 tum
1855 1997 2063 2035 sententias
2082 1996 2284 2047 collegisse
2313 1997 2438 2036 Lucas

1398 2059 1620 2097 Holstenius
1656 2058 1804 2097 statuit.
1840 2057 1891 2094 At
1928 2070 2006 2094 non
2037 2056 2171 2106 liquet.
2202 2055 2248 2093 Id
2289 2063 2435 2093 tantum

1396 2118 1511 2155 video
1536 2118 1639 2155 hunc
1666 2117 1932 2168 Pythagoricae
1951 2115 2136 2153 doctrinae
2163 2113 2342 2152 heredem
2363 2114 2437 2152 sub

1398 2176 1702 2228 Imperatoribus
1727 2175 1909 2213 Romanis
1929 2173 2097 2212 secundo
2121 2173 2198 2210 fere
2224 2181 2312 2224 post
2338 2173 2434 2212 Chr.

1400 2250 1438 2274 n.
1459 2237 1597 2274 saeculo
1625 2236 1780 2274 vixisse.
1803 2233 1974 2284 Namque
2004 2233 2072 2270 illa
2106 2240 2327 2283 tempestate
2355 2245 2438 2270 mos

1398 2304 1479 2333 erat
1497 2295 1666 2332 Caesares
1684 2292 1881 2346 ἳερωτάτων
1910 2290 2080 2343 βασιλέων
2112 2290 2269 2327 nomine
2298 2290 2436 2338 affari,

1397 2363 1440 2392 ut
1470 2354 1676 2404 Polyaenus
1696 2353 1737 2390 in
1759 2352 1946 2389 librorum
1972 2349 2174 2401 prooemiis
2203 2348 2304 2386 fecit.
2325 2348 2440 2387 Simi-

1398 2413 1487 2461 liter
1522 2412 1586 2449 hic
1623 2411 1792 2462 scriptor
1828 2409 1994 2447 amicum
2024 2407 2087 2445 cui
2119 2407 2440 2459 apophthegmata

1398 2471 1593 2522 dedicavit
1625 2469 1780 2507 blandis
1816 2467 1967 2514 verbis,
2001 2466 2146 2519 φίλτατε
2176 2465 2234 2503 καὶ
2273 2465 2439 2518 ἱερώτατε

1398 2528 1658 2576 Ἀσκληπιάδη,
1702 2527 1921 2578 compellat.
1962 2525 2059 2563 Sunt
2096 2532 2221 2562 autem
2253 2534 2440 2575 praecepta

1398 2588 1467 2626 illa
1482 2586 1742 2637 Pythagorica
1761 2585 1853 2623 satis
1872 2597 1972 2635 puro
1993 2583 2235 2632 elegantique
2251 2583 2439 2622 orationis

1399 2659 1538 2696 genere
1565 2645 1723 2697 scripta.
1742 2644 1929 2681 Caeterum
1960 2642 2230 2692 Demophilum
2259 2654 2281 2679 e
2308 2642 2440 2680 codice

1398 2705 1582 2744 Vaticano
1627 2704 1821 2756 prolatum
1864 2702 2061 2751 latineque
2097 2713 2252 2738 versum
2288 2701 2438 2751 primus

1402 2765 1532 2802 Romae
1549 2764 1678 2801 emisit
1694 2762 1818 2800 Lucas
1832 2761 2057 2798 Holstenius
2075 2759 2178 2809 (188)
2198 2772 2298 2796 anno
2320 2761 2435 2800 1638.

1401 2823 1574 2861 Eundem
1605 2835 1691 2860 cum
1714 2820 1901 2858 Holstenii
1924 2819 2176 2857 translatione
2203 2818 2440 2869 repetierunt

1401 2881 1542 2919 Galeus
1572 2881 1702 2933 (189),
1729 2878 1924 2916 Schierius
1969 2875 2096 2928 (190),
2126 2885 2240 2927 atque
2271 2875 2439 2914 Orellius

1401 3003 1495 3034 αὐτοῦ
1511 3002 1542 3034 ἐν
1557 3005 1595 3042 τῇ
1612 3003 1779 3043 τριακοστῇ
1794 3002 1856 3031 τῶν
1869 3001 2012 3041 ἱστοριῶν
2026 3000 2092 3031 κτλ.
2105 3020 2144 3026 -
2158 2999 2245 3040 (186)
2266 2999 2440 3032 Athenaeus

1402 3050 1456 3081 lib.
1470 3051 1527 3081 XV
1546 3058 1576 3088 p.
1592 3051 1652 3080 696
1666 3050 1694 3080 A
1709 3060 1717 3079 ι
1733 3049 1774 3083 ὡς
1789 3049 1806 3078 ὁ
1817 3048 1872 3084 τὴν
1885 3050 1938 3084 τῆς
1953 3047 2094 3082 ἆσεὸείας
2108 3047 2190 3078 κατὰ
2203 3049 2258 3078 τοῦ
2271 3046 2438 3088 φιλοσόφου

1405 3097 1522 3136 γραφὴν
1538 3094 1781 3135 ἀπενεγκάμενος
1799 3093 2122 3134 Δημόφιλος.-(187)
2138 3093 2296 3125 Diodorus
2313 3093 2440 3126 Siculus

1402 3142 1457 3174 lib.
1473 3144 1532 3174 XX
1546 3151 1616 3182 cap.
1632 3144 1671 3173 93
1687 3150 1695 3172 τ
1718 3140 1890 3182 Δαμόφιλος
1911 3140 1964 3179 μὲν
1984 3140 2066 3180 ἔχων
2083 3143 2157 3177 ναῦς
2176 3140 2229 3177 τὰς
2248 3137 2440 3181 καλουμένας

1401 3188 1484 3230 παρὰ
1500 3189 1628 3224 Ῥοδίοις
1645 3187 1812 3228 φυλακίδας
1836 3187 1981 3218 ἔπλευσεν
2001 3188 2042 3222 εἰς
2059 3186 2223 3228 Κάρπαθον
2241 3188 2439 3229 κτλ-(188)

1402 3235 1581 3276 Demophili
1590 3259 1599 3275 ,
1612 3234 1809 3267 Democratis
1821 3235 1853 3265 et
1868 3233 2006 3265 Secundi
2021 3236 2161 3265 veterum
2177 3234 2437 3274 philosophorum

1402 3283 1566 3314 sententiae
1585 3282 1742 3320 morales,
1755 3289 1842 3313 nunc
1858 3281 1995 3319 primum
2015 3280 2110 3312 editae
2128 3289 2146 3311 a
2164 3282 2243 3312 Luc.
2261 3281 2438 3320 Holsteni03

1402 3330 1522 3368 Romae,
1541 3332 1628 3360 1638.
1640 3347 1680 3351 —
1691 3328 1778 3369 (189)
1793 3329 1825 3359 111
1841 3328 2006 3367 opusculis
2021 3326 2239 3367 mythologicis
2251 3351 2260 3366 ,
2274 3327 2387 3358 ethicis
2406 3329 2440 3359 et

1402 3375 1551 3413 physicis;
1567 3374 1748 3414 cantabrig.
1773 3377 1851 3406 1670
1865 3370 2044 3405 etss'Amstel.
2061 3377 2151 3405 1688.
2166 3373 2305 3413 -(190>
2324 3374 2439 3404 Demo·

1404 3419 1492 3459 phili,
1516 3421 1710 3454 Democratis
1725 3422 1757 3454 et
1777 3416 1921 3453 Secundi
1932 3415 2097 3454 sententiae
2120 3429 2188 3453 cur.
2202 3422 2240 3453 F.
2263 3421 2436 3453 A.Scl1ier.
