<?xml version="1.0" encoding="UTF-8"?>
<!DOCTYPE html PUBLIC "-//W3C//DTD XHTML 1.0 Transitional//EN"
    "http://www.w3.org/TR/xhtml1/DTD/xhtml1-transitional.dtd">
<html xmlns="http://www.w3.org/1999/xhtml" xml:lang="en" lang="en">
 <head>
  <title>
</title>
<meta http-equiv="Content-Type" content="text/html;charset=utf-8" />
  <meta name='ocr-system' content='tesseract 3.04.00' />
  <meta name='ocr-capabilities' content='ocr_page ocr_carea ocr_par ocr_line ocrx_word'/>
</head>
<body>
  <div class='ocr_page' id='page_1' title='image "./fragmentaphiloso02mulluoft_0460.png"; bbox 0 0 2606 3828; ppageno 0'>
   <div class='ocr_carea' id='block_1_1' title="bbox 337 263 412 296">
    <p class='ocr_par' dir='ltr' id='par_1_1' title="bbox 337 263 412 296">
     <span class='ocr_line' id='line_1_1' title="bbox 337 263 412 296; baseline 0 0"><span class='ocrx_word' id='word_1_1' title='bbox 337 263 412 296; x_wconf 82' lang='lat'><strong>352</strong></span> 
     </span>
    </p>
   </div>
   <div class='ocr_carea' id='block_1_2' title="bbox 329 343 1378 2045">
    <p class='ocr_par' dir='ltr' id='par_1_2' title="bbox 333 343 1375 517">
     <span class='ocr_line' id='line_1_2' title="bbox 390 343 1375 395; baseline -0.001 -11"><span class='ocrx_word' id='word_1_2' title='bbox 390 359 434 385; x_wconf 83' lang='grc' dir='ltr'><strong>ιι.</strong></span> <span class='ocrx_word' id='word_1_3' title='bbox 459 345 540 385; x_wconf 71' lang='grc' dir='ltr'>Εἰσί</span> <span class='ocrx_word' id='word_1_4' title='bbox 559 361 668 395; x_wconf 88' lang='grc' dir='ltr'>τινες,</span> <span class='ocrx_word' id='word_1_5' title='bbox 694 344 726 384; x_wconf 81' lang='grc' dir='ltr'><strong>οἳ</strong></span> <span class='ocrx_word' id='word_1_6' title='bbox 745 346 801 384; x_wconf 84' lang='grc' dir='ltr'><strong>τὸν</strong></span> <span class='ocrx_word' id='word_1_7' title='bbox 821 343 975 395; x_wconf 83' lang='grc' dir='ltr'>παρόντα</span> <span class='ocrx_word' id='word_1_8' title='bbox 998 343 1070 395; x_wconf 86' lang='grc' dir='ltr'>βίον</span> <span class='ocrx_word' id='word_1_9' title='bbox 1091 345 1129 381; x_wconf 82' lang='grc' dir='ltr'><strong>οὗ</strong></span> <span class='ocrx_word' id='word_1_10' title='bbox 1151 345 1266 391; x_wconf 81' lang='grc' dir='ltr'>ζῶσιν,</span> <span class='ocrx_word' id='word_1_11' title='bbox 1285 343 1375 383; x_wconf 76' lang='grc' dir='ltr'>ἀλλὰ</span> 
     </span>
     <span class='ocr_line' id='line_1_3' title="bbox 333 401 1373 457; baseline -0.002 -14"><span class='ocrx_word' id='word_1_12' title='bbox 333 405 655 457; x_wconf 80' lang='grc' dir='ltr'>παρασκευάζονται</span> <span class='ocrx_word' id='word_1_13' title='bbox 669 406 781 457; x_wconf 84' lang='grc' dir='ltr'>πολλῇ</span> <span class='ocrx_word' id='word_1_14' title='bbox 800 404 931 455; x_wconf 80' lang='grc' dir='ltr'>σπουδῇ</span> <span class='ocrx_word' id='word_1_15' title='bbox 946 404 990 445; x_wconf 83' lang='grc' dir='ltr'><strong>ὡς</strong></span> <span class='ocrx_word' id='word_1_16' title='bbox 1011 401 1124 454; x_wconf 76' lang='grc' dir='ltr'>ἕτερον</span> <span class='ocrx_word' id='word_1_17' title='bbox 1149 402 1222 454; x_wconf 85' lang='grc' dir='ltr'>βίον</span> <span class='ocrx_word' id='word_1_18' title='bbox 1246 402 1373 455; x_wconf 79' lang='grc' dir='ltr'>βιωσό·</span> 
     </span>
     <span class='ocr_line' id='line_1_4' title="bbox 334 464 771 517; baseline 0.005 -16"><span class='ocrx_word' id='word_1_19' title='bbox 334 479 450 515; x_wconf 84' lang='grc' dir='ltr'>μενοι,</span> <span class='ocrx_word' id='word_1_20' title='bbox 472 466 510 503; x_wconf 80' lang='grc' dir='ltr'><strong>οὐ</strong></span> <span class='ocrx_word' id='word_1_21' title='bbox 525 464 582 503; x_wconf 87' lang='grc' dir='ltr'><strong>τὸν</strong></span> <span class='ocrx_word' id='word_1_22' title='bbox 603 464 771 517; x_wconf 76' lang='grc' dir='ltr'>παρόντα.</span> 
     </span>
    </p>

    <p class='ocr_par' dir='ltr' id='par_1_3' title="bbox 333 520 1374 633">
     <span class='ocr_line' id='line_1_5' title="bbox 390 520 1374 572; baseline -0.003 -10"><span class='ocrx_word' id='word_1_23' title='bbox 390 524 602 572; x_wconf 77' lang='lat' dir='ltr'><strong>(Antonius</strong></span> <span class='ocrx_word' id='word_1_24' title='bbox 621 532 658 561; x_wconf 79' lang='lat' dir='ltr'><strong>et</strong></span> <span class='ocrx_word' id='word_1_25' title='bbox 676 523 866 560; x_wconf 84' lang='lat' dir='ltr'>Maximus</span> <span class='ocrx_word' id='word_1_26' title='bbox 884 521 1007 561; x_wconf 83' lang='lat' dir='ltr'><strong>Sel&#39;m.</strong></span> <span class='ocrx_word' id='word_1_27' title='bbox 1030 521 1077 558; x_wconf 86' lang='lat' dir='ltr'><strong>de</strong></span> <span class='ocrx_word' id='word_1_28' title='bbox 1098 520 1262 567; x_wconf 80' lang='lat' dir='ltr'><strong>divitiis,</strong></span> <span class='ocrx_word' id='word_1_29' title='bbox 1280 534 1374 572; x_wconf 91' lang='lat' dir='ltr'><strong>pau·</strong></span> 
     </span>
     <span class='ocr_line' id='line_1_6' title="bbox 333 582 914 633; baseline -0.003 -15"><span class='ocrx_word' id='word_1_30' title='bbox 333 591 478 633; x_wconf 82' lang='lat' dir='ltr'><strong>portate</strong></span> <span class='ocrx_word' id='word_1_31' title='bbox 499 591 537 620; x_wconf 87' lang='lat' dir='ltr'><strong>et</strong></span> <span class='ocrx_word' id='word_1_32' title='bbox 558 582 723 620; x_wconf 87' lang='lat' dir='ltr'><strong>avaritia</strong></span> <span class='ocrx_word' id='word_1_33' title='bbox 742 595 777 632; x_wconf 85' lang='lat' dir='ltr'><strong>p.</strong></span> <span class='ocrx_word' id='word_1_34' title='bbox 805 582 914 630; x_wconf 83' lang='lat'>760.)</span> 
     </span>
    </p>

    <p class='ocr_par' dir='ltr' id='par_1_4' title="bbox 332 638 1374 752">
     <span class='ocr_line' id='line_1_7' title="bbox 388 638 1374 691; baseline -0.001 -12"><span class='ocrx_word' id='word_1_35' title='bbox 388 654 432 680; x_wconf 75' lang='lat'><strong>15.</strong></span> <span class='ocrx_word' id='word_1_36' title='bbox 459 641 679 687; x_wconf 84' lang='grc' dir='ltr'>Δείκνυσινὴ</span> <span class='ocrx_word' id='word_1_37' title='bbox 708 639 770 691; x_wconf 82' lang='grc' dir='ltr'><strong>μὲν</strong></span> <span class='ocrx_word' id='word_1_38' title='bbox 788 638 900 690; x_wconf 83' lang='grc' dir='ltr'>τροπὴ</span> <span class='ocrx_word' id='word_1_39' title='bbox 929 638 985 677; x_wconf 84' lang='grc' dir='ltr'><strong>τὸν</strong></span> <span class='ocrx_word' id='word_1_40' title='bbox 1017 638 1094 677; x_wconf 82' lang='grc' dir='ltr'>κατ’</span> <span class='ocrx_word' id='word_1_41' title='bbox 1118 638 1284 686; x_wconf 77' lang='grc' dir='ltr'>ἀλήθειαν</span> <span class='ocrx_word' id='word_1_42' title='bbox 1313 641 1374 678; x_wconf 78' lang='grc' dir='ltr'><strong>ἄν·</strong></span> 
     </span>
     <span class='ocr_line' id='line_1_8' title="bbox 332 697 978 752; baseline -0.003 -15"><span class='ocrx_word' id='word_1_43' title='bbox 332 700 454 752; x_wconf 81' lang='grc' dir='ltr'>δρεῖον,</span> <span class='ocrx_word' id='word_1_44' title='bbox 475 702 496 745; x_wconf 81' lang='grc' dir='ltr'>ἡ</span> <span class='ocrx_word' id='word_1_45' title='bbox 517 700 553 738; x_wconf 82' lang='grc' dir='ltr'><strong>δὲ</strong></span> <span class='ocrx_word' id='word_1_46' title='bbox 574 698 702 750; x_wconf 77' lang='grc' dir='ltr'>ἀτυχία</span> <span class='ocrx_word' id='word_1_47' title='bbox 719 698 777 736; x_wconf 80' lang='grc' dir='ltr'><strong>τὸν</strong></span> <span class='ocrx_word' id='word_1_48' title='bbox 797 697 978 751; x_wconf 85' lang='grc' dir='ltr'>φρόνιμον.</span> 
     </span>
    </p>

    <p class='ocr_par' dir='ltr' id='par_1_5' title="bbox 331 754 1374 868">
     <span class='ocr_line' id='line_1_9' title="bbox 384 754 1374 806; baseline -0.001 -10"><span class='ocrx_word' id='word_1_49' title='bbox 384 759 597 806; x_wconf 84' lang='lat' dir='ltr'><strong>(Antonius</strong></span> <span class='ocrx_word' id='word_1_50' title='bbox 628 767 665 796; x_wconf 82' lang='lat' dir='ltr'><strong>et</strong></span> <span class='ocrx_word' id='word_1_51' title='bbox 694 754 887 796; x_wconf 85' lang='lat' dir='ltr'><strong>Maximus</strong></span> <span class='ocrx_word' id='word_1_52' title='bbox 919 756 1042 794; x_wconf 79' lang='lat' dir='ltr'><strong>Serm-</strong></span> <span class='ocrx_word' id='word_1_53' title='bbox 1061 757 1108 795; x_wconf 87' lang='lat' dir='ltr'><strong>de</strong></span> <span class='ocrx_word' id='word_1_54' title='bbox 1136 758 1293 796; x_wconf 71' lang='lat' dir='ltr'><strong>fortuna</strong></span> <span class='ocrx_word' id='word_1_55' title='bbox 1316 770 1374 796; x_wconf 85' lang='lat' dir='ltr'><strong>se·</strong></span> 
     </span>
     <span class='ocr_line' id='line_1_10' title="bbox 331 816 943 868; baseline 0.002 -14"><span class='ocrx_word' id='word_1_56' title='bbox 331 818 457 855; x_wconf 85' lang='lat' dir='ltr'><strong>cunda</strong></span> <span class='ocrx_word' id='word_1_57' title='bbox 471 826 508 855; x_wconf 92' lang='lat' dir='ltr'><strong>et</strong></span> <span class='ocrx_word' id='word_1_58' title='bbox 524 817 689 855; x_wconf 83' lang='lat' dir='ltr'><strong>adversa</strong></span> <span class='ocrx_word' id='word_1_59' title='bbox 711 830 800 868; x_wconf 85' lang='lat' dir='ltr'><strong>pag.</strong></span> <span class='ocrx_word' id='word_1_60' title='bbox 829 816 943 866; x_wconf 82' lang='lat'>820.)</span> 
     </span>
    </p>

    <p class='ocr_par' dir='ltr' id='par_1_6' title="bbox 331 873 1372 986">
     <span class='ocr_line' id='line_1_11' title="bbox 386 873 1372 927; baseline -0.002 -13"><span class='ocrx_word' id='word_1_61' title='bbox 386 890 431 915; x_wconf 80' lang='lat'><strong>16.</strong></span> <span class='ocrx_word' id='word_1_62' title='bbox 447 875 521 920; x_wconf 80' lang='grc' dir='ltr'><strong>Τὰς</strong></span> <span class='ocrx_word' id='word_1_63' title='bbox 540 875 602 926; x_wconf 76' lang='grc' dir='ltr'><strong>μὲν</strong></span> <span class='ocrx_word' id='word_1_64' title='bbox 629 875 747 919; x_wconf 84' lang='grc' dir='ltr'>πόλεις</span> <span class='ocrx_word' id='word_1_65' title='bbox 782 874 1007 926; x_wconf 78' lang='grc' dir='ltr'>ἀναθήμασι,</span> <span class='ocrx_word' id='word_1_66' title='bbox 1028 873 1088 918; x_wconf 83' lang='grc' dir='ltr'><strong>τὰς</strong></span> <span class='ocrx_word' id='word_1_67' title='bbox 1118 874 1151 913; x_wconf 78' lang='grc' dir='ltr'><strong>δὲ</strong></span> <span class='ocrx_word' id='word_1_68' title='bbox 1170 874 1283 927; x_wconf 72' lang='grc' dir='ltr'>ψυχὰς</span> <span class='ocrx_word' id='word_1_69' title='bbox 1304 890 1372 925; x_wconf 87' lang='grc' dir='ltr'><strong>μα-</strong></span> 
     </span>
     <span class='ocr_line' id='line_1_12' title="bbox 331 933 706 986; baseline 0.005 -14"><span class='ocrx_word' id='word_1_70' title='bbox 331 933 462 985; x_wconf 72' lang='grc' dir='ltr'>θήμασι</span> <span class='ocrx_word' id='word_1_71' title='bbox 479 936 620 986; x_wconf 81' lang='grc' dir='ltr'>κοσμεῖν</span> <span class='ocrx_word' id='word_1_72' title='bbox 642 936 706 975; x_wconf 87' lang='grc' dir='ltr'>δεῖ.</span> 
     </span>
    </p>

    <p class='ocr_par' dir='ltr' id='par_1_7' title="bbox 330 993 1375 1165">
     <span class='ocr_line' id='line_1_13' title="bbox 386 993 1375 1046; baseline -0.002 -13"><span class='ocrx_word' id='word_1_73' title='bbox 386 994 593 1046; x_wconf 80' lang='lat' dir='ltr'><strong>(Excerpta</strong></span> <span class='ocrx_word' id='word_1_74' title='bbox 628 1008 649 1033; x_wconf 90' lang='lat' dir='ltr'><strong>e</strong></span> <span class='ocrx_word' id='word_1_75' title='bbox 683 994 769 1034; x_wconf 86' lang='lat' dir='ltr'><strong>cod.</strong></span> <span class='ocrx_word' id='word_1_76' title='bbox 806 993 908 1034; x_wconf 83' lang='lat' dir='ltr'><strong>Flor.</strong></span> <span class='ocrx_word' id='word_1_77' title='bbox 945 994 1088 1033; x_wconf 88' lang='lat' dir='ltr'><strong>Joann.</strong></span> <span class='ocrx_word' id='word_1_78' title='bbox 1126 997 1301 1032; x_wconf 83' lang='lat' dir='ltr'><strong>Damaso.</strong></span> <span class='ocrx_word' id='word_1_79' title='bbox 1333 994 1375 1032; x_wconf 89' lang='lat' dir='ltr'><strong>in</strong></span> 
     </span>
     <span class='ocr_line' id='line_1_14' title="bbox 330 1051 1374 1105; baseline 0 -13"><span class='ocrx_word' id='word_1_80' title='bbox 330 1053 435 1092; x_wconf 80' lang='lat' dir='ltr'><strong>Stob.</strong></span> <span class='ocrx_word' id='word_1_81' title='bbox 469 1051 569 1092; x_wconf 85' lang='lat' dir='ltr'><strong>Flor.</strong></span> <span class='ocrx_word' id='word_1_82' title='bbox 608 1054 686 1093; x_wconf 90' lang='lat' dir='ltr'><strong>vol.</strong></span> <span class='ocrx_word' id='word_1_83' title='bbox 715 1052 768 1091; x_wconf 90' lang='lat' dir='ltr'><strong>1V</strong></span> <span class='ocrx_word' id='word_1_84' title='bbox 798 1067 836 1105; x_wconf 87' lang='lat' dir='ltr'><strong>p.</strong></span> <span class='ocrx_word' id='word_1_85' title='bbox 869 1054 942 1104; x_wconf 81' lang='lat'><strong>196</strong></span> <span class='ocrx_word' id='word_1_86' title='bbox 969 1053 1031 1092; x_wconf 88' lang='lat' dir='ltr'><strong>ed.</strong></span> <span class='ocrx_word' id='word_1_87' title='bbox 1054 1053 1255 1103; x_wconf 86' lang='lat' dir='ltr'><strong>Meineke‚</strong></span> <span class='ocrx_word' id='word_1_88' title='bbox 1288 1065 1374 1104; x_wconf 87' lang='lat' dir='ltr'><strong>cap.</strong></span> 
     </span>
     <span class='ocr_line' id='line_1_15' title="bbox 331 1110 1312 1165; baseline -0.001 -16"><span class='ocrx_word' id='word_1_89' title='bbox 331 1112 433 1159; x_wconf 85' lang='lat' dir='ltr'><strong>Xlll,</strong></span> <span class='ocrx_word' id='word_1_90' title='bbox 462 1113 509 1150; x_wconf 83' lang='lat'><strong>53</strong></span> <span class='ocrx_word' id='word_1_91' title='bbox 532 1112 791 1160; x_wconf 81' lang='grc' dir='ltr'>Δημώνακτος,</span> <span class='ocrx_word' id='word_1_92' title='bbox 811 1110 960 1165; x_wconf 60' lang='grc' dir='ltr'>’Ὑψαίου</span> <span class='ocrx_word' id='word_1_93' title='bbox 977 1111 1037 1150; x_wconf 79' lang='grc' dir='ltr'><strong>καὶ</strong></span> <span class='ocrx_word' id='word_1_94' title='bbox 1063 1110 1312 1163; x_wconf 82' lang='grc' dir='ltr'>Σωκράτους.)</span> 
     </span>
    </p>

    <p class='ocr_par' dir='ltr' id='par_1_8' title="bbox 329 1167 1378 1691">
     <span class='ocr_line' id='line_1_16' title="bbox 385 1167 1371 1222; baseline -0.003 -14"><span class='ocrx_word' id='word_1_95' title='bbox 385 1184 431 1210; x_wconf 84' lang='grc'><strong>17.</strong></span> <span class='ocrx_word' id='word_1_96' title='bbox 458 1170 560 1209; x_wconf 75' lang='grc' dir='ltr'>Ἐπεὶ</span> <span class='ocrx_word' id='word_1_97' title='bbox 591 1169 659 1222; x_wconf 78' lang='grc' dir='ltr'><strong>γὰρ</strong></span> <span class='ocrx_word' id='word_1_98' title='bbox 684 1172 702 1208; x_wconf 81' lang='grc' dir='ltr'>ὁ</span> <span class='ocrx_word' id='word_1_99' title='bbox 732 1168 943 1221; x_wconf 72' lang='grc' dir='ltr'>Φαὸωρῖνος</span> <span class='ocrx_word' id='word_1_100' title='bbox 965 1167 1117 1212; x_wconf 82' lang='grc' dir='ltr'>ἀκούσας</span> <span class='ocrx_word' id='word_1_101' title='bbox 1133 1167 1226 1211; x_wconf 80' lang='grc' dir='ltr'>τινὸς</span> <span class='ocrx_word' id='word_1_102' title='bbox 1253 1170 1299 1211; x_wconf 80' lang='grc' dir='ltr'><strong>ὡς</strong></span> <span class='ocrx_word' id='word_1_103' title='bbox 1337 1169 1371 1206; x_wconf 82' lang='grc' dir='ltr'><strong>ἐν</strong></span> 
     </span>
     <span class='ocr_line' id='line_1_17' title="bbox 331 1227 1375 1280; baseline -0.003 -14"><span class='ocrx_word' id='word_1_104' title='bbox 331 1228 455 1280; x_wconf 83' lang='grc' dir='ltr'>γέλωτι</span> <span class='ocrx_word' id='word_1_105' title='bbox 476 1235 608 1268; x_wconf 85' lang='grc' dir='ltr'>ποιοῖτο</span> <span class='ocrx_word' id='word_1_106' title='bbox 632 1229 693 1272; x_wconf 86' lang='grc' dir='ltr'><strong>τὰς</strong></span> <span class='ocrx_word' id='word_1_107' title='bbox 714 1227 851 1276; x_wconf 83' lang='grc' dir='ltr'>ὁμιλίας</span> <span class='ocrx_word' id='word_1_108' title='bbox 875 1229 979 1266; x_wconf 78' lang='grc' dir='ltr'>αὐτοῦ</span> <span class='ocrx_word' id='word_1_109' title='bbox 999 1227 1058 1266; x_wconf 81' lang='grc' dir='ltr'><strong>καὶ</strong></span> <span class='ocrx_word' id='word_1_110' title='bbox 1079 1227 1235 1277; x_wconf 74' lang='grc' dir='ltr'>μάλιστα</span> <span class='ocrx_word' id='word_1_111' title='bbox 1254 1228 1322 1264; x_wconf 81' lang='grc' dir='ltr'><strong>τῶν</strong></span> <span class='ocrx_word' id='word_1_112' title='bbox 1342 1228 1375 1264; x_wconf 83' lang='grc' dir='ltr'><strong>ἐν</strong></span> 
     </span>
     <span class='ocr_line' id='line_1_18' title="bbox 330 1285 1378 1359; baseline -0.003 -34"><span class='ocrx_word' id='word_1_113' title='bbox 330 1289 451 1332; x_wconf 78' lang='grc' dir='ltr'>αὐταῖς</span> <span class='ocrx_word' id='word_1_114' title='bbox 488 1290 602 1340; x_wconf 80' lang='grc' dir='ltr'>μελῶν</span> <span class='ocrx_word' id='word_1_115' title='bbox 630 1288 669 1327; x_wconf 86' lang='grc' dir='ltr'><strong>τὸ</strong></span> <span class='ocrx_word' id='word_1_116' title='bbox 691 1287 993 1338; x_wconf 81' lang='grc' dir='ltr'>ἐπικεκλασμένον</span> <span class='ocrx_word' id='word_1_117' title='bbox 1017 1286 1149 1359; x_wconf 85' lang='grc' dir='ltr'>σφόδρα</span> <span class='ocrx_word' id='word_1_118' title='bbox 1175 1288 1220 1329; x_wconf 81' lang='grc' dir='ltr'><strong>ὡς</strong></span> <span class='ocrx_word' id='word_1_119' title='bbox 1241 1285 1378 1337; x_wconf 78' lang='grc' dir='ltr'>ἀγεννὲς</span> 
     </span>
     <span class='ocr_line' id='line_1_19' title="bbox 331 1345 1374 1400; baseline -0.004 -14"><span class='ocrx_word' id='word_1_120' title='bbox 331 1363 390 1386; x_wconf 83' lang='grc' dir='ltr'><strong>και</strong></span> <span class='ocrx_word' id='word_1_121' title='bbox 406 1354 598 1399; x_wconf 83' lang='grc' dir='ltr'>γυναικεῖον</span> <span class='ocrx_word' id='word_1_122' title='bbox 616 1363 675 1387; x_wconf 85' lang='grc' dir='ltr'><strong>και</strong></span> <span class='ocrx_word' id='word_1_123' title='bbox 696 1346 881 1400; x_wconf 71' lang='grc' dir='ltr'>φιλοσοφία</span> <span class='ocrx_word' id='word_1_124' title='bbox 902 1346 1031 1394; x_wconf 78' lang='grc' dir='ltr'>ἣκιστα</span> <span class='ocrx_word' id='word_1_125' title='bbox 1052 1345 1200 1398; x_wconf 85' lang='grc' dir='ltr'>πρέπον,</span> <span class='ocrx_word' id='word_1_126' title='bbox 1223 1347 1374 1397; x_wconf 85' lang='grc' dir='ltr'>προσελ-</span> 
     </span>
     <span class='ocr_line' id='line_1_20' title="bbox 333 1402 1377 1462; baseline -0.004 -18"><span class='ocrx_word' id='word_1_127' title='bbox 333 1404 400 1443; x_wconf 84' lang='grc' dir='ltr'><strong>θὼν</strong></span> <span class='ocrx_word' id='word_1_128' title='bbox 421 1405 541 1458; x_wconf 81' lang='grc' dir='ltr'>ἠρώτα</span> <span class='ocrx_word' id='word_1_129' title='bbox 564 1405 621 1444; x_wconf 80' lang='grc' dir='ltr'><strong>τὸν</strong></span> <span class='ocrx_word' id='word_1_130' title='bbox 653 1404 895 1456; x_wconf 82' lang='grc' dir='ltr'>Δημώνακτα,</span> <span class='ocrx_word' id='word_1_131' title='bbox 915 1404 965 1448; x_wconf 90' lang='grc' dir='ltr'><strong>τίς</strong></span> <span class='ocrx_word' id='word_1_132' title='bbox 992 1421 1038 1443; x_wconf 90' lang='grc' dir='ltr'><strong>ων</strong></span> <span class='ocrx_word' id='word_1_133' title='bbox 1055 1404 1217 1456; x_wconf 83' lang='grc' dir='ltr'>χλευάζοι</span> <span class='ocrx_word' id='word_1_134' title='bbox 1242 1402 1286 1441; x_wconf 82' lang='grc' dir='ltr'><strong>τὰ</strong></span> <span class='ocrx_word' id='word_1_135' title='bbox 1294 1403 1377 1462; x_wconf 57' lang='lat' dir='ltr'><strong>m‹azb-</strong></span> 
     </span>
     <span class='ocr_line' id='line_1_21' title="bbox 329 1460 1375 1518; baseline -0.005 -15"><span class='ocrx_word' id='word_1_136' title='bbox 329 1469 405 1504; x_wconf 72' lang='grc' dir='ltr'>τού.</span> <span class='ocrx_word' id='word_1_137' title='bbox 426 1464 648 1518; x_wconf 81' lang='grc' dir='ltr'>Ἄνθρωπος,</span> <span class='ocrx_word' id='word_1_138' title='bbox 671 1464 752 1518; x_wconf 86' lang='grc' dir='ltr'>ἔφη,</span> <span class='ocrx_word' id='word_1_139' title='bbox 783 1465 846 1502; x_wconf 82' lang='grc' dir='ltr'><strong>οὐκ</strong></span> <span class='ocrx_word' id='word_1_140' title='bbox 881 1462 1089 1509; x_wconf 78' lang='grc' dir='ltr'>εὐαπάτητα</span> <span class='ocrx_word' id='word_1_141' title='bbox 1111 1461 1200 1514; x_wconf 75' lang='grc' dir='ltr'>ἔχων</span> <span class='ocrx_word' id='word_1_142' title='bbox 1220 1460 1264 1499; x_wconf 78' lang='grc' dir='ltr'><strong>τὰ</strong></span> <span class='ocrx_word' id='word_1_143' title='bbox 1290 1463 1375 1499; x_wconf 87' lang='grc' dir='ltr'>ὠτα.</span> 
     </span>
     <span class='ocr_line' id='line_1_22' title="bbox 331 1520 1377 1595; baseline -0.004 -32.938"><span class='ocrx_word' id='word_1_144' title='bbox 331 1523 437 1595; x_wconf 65' lang='grc' dir='ltr'>’[’γκε</span> <span class='ocrx_word' id='word_1_145' title='bbox 443 1523 561 1575; x_wconf 82' lang='grc' dir='ltr'>ιμένου</span> <span class='ocrx_word' id='word_1_146' title='bbox 582 1523 618 1562; x_wconf 84' lang='grc' dir='ltr'><strong>δὲ</strong></span> <span class='ocrx_word' id='word_1_147' title='bbox 645 1526 706 1561; x_wconf 80' lang='grc' dir='ltr'><strong>τοῦ</strong></span> <span class='ocrx_word' id='word_1_148' title='bbox 727 1526 891 1575; x_wconf 76' lang='grc' dir='ltr'>σοφιστοῦ</span> <span class='ocrx_word' id='word_1_149' title='bbox 917 1538 978 1560; x_wconf 88' lang='grc' dir='ltr'><strong>και</strong></span> <span class='ocrx_word' id='word_1_150' title='bbox 1004 1522 1199 1573; x_wconf 82' lang='grc' dir='ltr'>ἐρωτῶντος</span> <span class='ocrx_word' id='word_1_151' title='bbox 1212 1551 1222 1570; x_wconf 87' lang='grc'>,</span> <span class='ocrx_word' id='word_1_152' title='bbox 1243 1520 1321 1559; x_wconf 90' lang='grc' dir='ltr'>τίνα</span> <span class='ocrx_word' id='word_1_153' title='bbox 1341 1520 1377 1558; x_wconf 83' lang='grc' dir='ltr'><strong>δὲ</strong></span> 
     </span>
     <span class='ocr_line' id='line_1_23' title="bbox 331 1580 1377 1634; baseline -0.001 -16"><span class='ocrx_word' id='word_1_154' title='bbox 331 1596 390 1619; x_wconf 82' lang='grc' dir='ltr'><strong>και</strong></span> <span class='ocrx_word' id='word_1_155' title='bbox 406 1583 524 1634; x_wconf 81' lang='grc' dir='ltr'>εφόδια</span> <span class='ocrx_word' id='word_1_156' title='bbox 541 1583 645 1633; x_wconf 78' lang='grc' dir='ltr'>ἔχων,</span> <span class='ocrx_word' id='word_1_157' title='bbox 665 1582 694 1619; x_wconf 87' lang='grc' dir='ltr'>ὠ</span> <span class='ocrx_word' id='word_1_158' title='bbox 717 1580 918 1631; x_wconf 83' lang='grc' dir='ltr'>Δημῶναξ,</span> <span class='ocrx_word' id='word_1_159' title='bbox 947 1582 987 1619; x_wconf 82' lang='grc' dir='ltr'>ἐκ</span> <span class='ocrx_word' id='word_1_160' title='bbox 1009 1580 1148 1623; x_wconf 84' lang='grc' dir='ltr'>παιδιᾶς</span> <span class='ocrx_word' id='word_1_161' title='bbox 1166 1580 1212 1623; x_wconf 85' lang='grc' dir='ltr'><strong>εἷς</strong></span> <span class='ocrx_word' id='word_1_162' title='bbox 1232 1580 1377 1632; x_wconf 57' lang='grc' dir='ltr'>φιλοσοκ</span> 
     </span>
     <span class='ocr_line' id='line_1_24' title="bbox 333 1638 834 1691; baseline -0.002 -13"><span class='ocrx_word' id='word_1_163' title='bbox 333 1639 413 1678; x_wconf 74' lang='grc' dir='ltr'>ωίαν</span> <span class='ocrx_word' id='word_1_164' title='bbox 435 1640 550 1687; x_wconf 81' lang='grc' dir='ltr'>ἥκεις;</span> <span class='ocrx_word' id='word_1_165' title='bbox 575 1638 775 1691; x_wconf 78' lang='grc' dir='ltr'>”Ορχεις,”</span> <span class='ocrx_word' id='word_1_166' title='bbox 757 1654 834 1691; x_wconf 85' lang='grc' dir='ltr'>εφη.</span> 
     </span>
    </p>

    <p class='ocr_par' dir='ltr' id='par_1_9' title="bbox 389 1698 1093 1750">
     <span class='ocr_line' id='line_1_25' title="bbox 389 1698 1093 1750; baseline 0 -15"><span class='ocrx_word' id='word_1_167' title='bbox 389 1698 606 1750; x_wconf 85' lang='lat' dir='ltr'><strong>(Lucianus</strong></span> <span class='ocrx_word' id='word_1_168' title='bbox 622 1699 691 1735; x_wconf 89' lang='lat' dir='ltr'><strong>vit.</strong></span> <span class='ocrx_word' id='word_1_169' title='bbox 704 1699 928 1736; x_wconf 86' lang='lat' dir='ltr'><strong>Demonact.</strong></span> <span class='ocrx_word' id='word_1_170' title='bbox 947 1713 981 1738; x_wconf 90' lang='lat' dir='ltr'><strong>c.</strong></span> <span class='ocrx_word' id='word_1_171' title='bbox 1011 1699 1093 1748; x_wconf 83' lang='lat'>12.)</span> 
     </span>
    </p>

    <p class='ocr_par' dir='ltr' id='par_1_10' title="bbox 333 1754 1377 2045">
     <span class='ocr_line' id='line_1_26' title="bbox 389 1754 1376 1809; baseline -0.001 -14"><span class='ocrx_word' id='word_1_172' title='bbox 389 1771 433 1797; x_wconf 80' lang='grc' dir='ltr'><strong>ιε.</strong></span> <span class='ocrx_word' id='word_1_173' title='bbox 454 1754 597 1796; x_wconf 82' lang='grc' dir='ltr'>Ἄλλοτε</span> <span class='ocrx_word' id='word_1_174' title='bbox 617 1755 653 1794; x_wconf 82' lang='grc' dir='ltr'><strong>δέ</strong></span> <span class='ocrx_word' id='word_1_175' title='bbox 678 1773 762 1795; x_wconf 87' lang='grc' dir='ltr'>ποτε</span> <span class='ocrx_word' id='word_1_176' title='bbox 782 1759 800 1795; x_wconf 81' lang='grc' dir='ltr'><strong>ὁ</strong></span> <span class='ocrx_word' id='word_1_177' title='bbox 821 1757 923 1800; x_wconf 81' lang='grc' dir='ltr'>αὐτὸς</span> <span class='ocrx_word' id='word_1_178' title='bbox 945 1758 1147 1809; x_wconf 83' lang='grc' dir='ltr'>προσελθὼν</span> <span class='ocrx_word' id='word_1_179' title='bbox 1168 1755 1290 1808; x_wconf 77' lang='grc' dir='ltr'>ἠρώτα</span> <span class='ocrx_word' id='word_1_180' title='bbox 1320 1756 1376 1795; x_wconf 83' lang='grc' dir='ltr'><strong>τὸν</strong></span> 
     </span>
     <span class='ocr_line' id='line_1_27' title="bbox 333 1813 1376 1887; baseline -0.002 -33"><span class='ocrx_word' id='word_1_181' title='bbox 333 1815 581 1866; x_wconf 70' lang='grc' dir='ltr'>Δημώνακτα,</span> <span class='ocrx_word' id='word_1_182' title='bbox 603 1813 679 1852; x_wconf 87' lang='grc' dir='ltr'>τίνα</span> <span class='ocrx_word' id='word_1_183' title='bbox 698 1814 830 1876; x_wconf 79' lang='grc' dir='ltr'>αἵρεσιν</span> <span class='ocrx_word' id='word_1_184' title='bbox 849 1814 1043 1860; x_wconf 83' lang='grc' dir='ltr'>ἀσπάζεται</span> <span class='ocrx_word' id='word_1_185' title='bbox 1060 1815 1227 1864; x_wconf 85' lang='grc' dir='ltr'>μᾶλ’λον</span> <span class='ocrx_word' id='word_1_186' title='bbox 1212 1831 1246 1853; x_wconf 81' lang='grc' dir='ltr'><strong>εν</strong></span> <span class='ocrx_word' id='word_1_187' title='bbox 1269 1817 1376 1887; x_wconf 76' lang='grc' dir='ltr'>φιλο-</span> 
     </span>
     <span class='ocr_line' id='line_1_28' title="bbox 334 1872 1374 1927; baseline -0.001 -16"><span class='ocrx_word' id='word_1_188' title='bbox 334 1873 448 1927; x_wconf 75' lang='grc' dir='ltr'>σοφίᾳ·</span> <span class='ocrx_word' id='word_1_189' title='bbox 461 1875 510 1913; x_wconf 87' lang='grc' dir='ltr'><strong>ὁ</strong></span> <span class='ocrx_word' id='word_1_190' title='bbox 493 1874 527 1913; x_wconf 81' lang='grc' dir='ltr'><strong>οὲ</strong></span> <span class='ocrx_word' id='word_1_191' title='bbox 531 1873 615 1922; x_wconf 89' lang='grc' dir='ltr'>,Τίς</span> <span class='ocrx_word' id='word_1_192' title='bbox 633 1873 700 1926; x_wconf 84' lang='grc' dir='ltr'><strong>γάρ</strong></span> <span class='ocrx_word' id='word_1_193' title='bbox 717 1890 770 1912; x_wconf 89' lang='grc' dir='ltr'><strong>σοι</strong></span> <span class='ocrx_word' id='word_1_194' title='bbox 790 1877 884 1911; x_wconf 70' lang='grc' dir='ltr'>εἶπεν</span> <span class='ocrx_word' id='word_1_195' title='bbox 900 1872 954 1911; x_wconf 81' lang='grc' dir='ltr'><strong>ὅτι</strong></span> <span class='ocrx_word' id='word_1_196' title='bbox 968 1874 1167 1926; x_wconf 77' lang='grc' dir='ltr'>φιλοσοφῶ;</span> <span class='ocrx_word' id='word_1_197' title='bbox 1183 1888 1243 1911; x_wconf 88' lang='grc' dir='ltr'><strong>και</strong></span> <span class='ocrx_word' id='word_1_198' title='bbox 1263 1872 1374 1911; x_wconf 75' lang='grc' dir='ltr'>ἀπίων</span> 
     </span>
     <span class='ocr_line' id='line_1_29' title="bbox 333 1931 1372 1992; baseline -0.001 -22"><span class='ocrx_word' id='word_1_199' title='bbox 333 1933 400 1980; x_wconf 78' lang='grc' dir='ltr'><strong>ἤδη</strong></span> <span class='ocrx_word' id='word_1_200' title='bbox 421 1935 502 1986; x_wconf 89' lang='grc' dir='ltr'>παρ’</span> <span class='ocrx_word' id='word_1_201' title='bbox 523 1934 628 1971; x_wconf 83' lang='grc' dir='ltr'>αὐτου</span> <span class='ocrx_word' id='word_1_202' title='bbox 650 1932 746 1982; x_wconf 84' lang='grc' dir='ltr'>μάλα</span> <span class='ocrx_word' id='word_1_203' title='bbox 762 1932 827 1980; x_wconf 80' lang='grc' dir='ltr'>ἡδυ</span> <span class='ocrx_word' id='word_1_204' title='bbox 848 1932 1004 1982; x_wconf 81' lang='grc' dir='ltr'>ἐγέλασε·</span> <span class='ocrx_word' id='word_1_205' title='bbox 1027 1935 1086 1970; x_wconf 79' lang='grc' dir='ltr'><strong>τοῦ</strong></span> <span class='ocrx_word' id='word_1_206' title='bbox 1108 1931 1144 1970; x_wconf 79' lang='grc' dir='ltr'><strong>δὲ</strong></span> <span class='ocrx_word' id='word_1_207' title='bbox 1174 1931 1372 1992; x_wconf 80' lang='grc' dir='ltr'>ἐρωτήσαν-</span> 
     </span>
     <span class='ocr_line' id='line_1_30' title="bbox 333 1983 1377 2045; baseline -0.003 -15"><span class='ocrx_word' id='word_1_208' title='bbox 333 2007 408 2039; x_wconf 86' lang='grc' dir='ltr'>τος,</span> <span class='ocrx_word' id='word_1_209' title='bbox 426 1991 476 2045; x_wconf 82' lang='grc' dir='ltr'><strong>ἐφ’</strong></span> <span class='ocrx_word' id='word_1_210' title='bbox 494 1991 562 2030; x_wconf 78' lang='grc' dir='ltr'>ότι)</span> <span class='ocrx_word' id='word_1_211' title='bbox 578 1992 713 2043; x_wconf 81' lang='grc' dir='ltr'>γελᾶ,</span> <span class='ocrx_word' id='word_1_212' title='bbox 698 1996 825 2034; x_wconf 76' lang='grc' dir='ltr'>ἐκεῖνος</span> <span class='ocrx_word' id='word_1_213' title='bbox 847 1990 911 2042; x_wconf 84' lang='grc' dir='ltr'><strong>ἔφη</strong></span> <span class='ocrx_word' id='word_1_214' title='bbox 924 2021 934 2038; x_wconf 82' lang='lat'><strong>,</strong></span> <span class='ocrx_word' id='word_1_215' title='bbox 957 1989 1098 2029; x_wconf 89' lang='grc' dir='ltr'>Γελοῖόν</span> <span class='ocrx_word' id='word_1_216' title='bbox 1119 2005 1176 2040; x_wconf 83' lang='grc' dir='ltr'><strong>μοι</strong></span> <span class='ocrx_word' id='word_1_217' title='bbox 1195 1983 1283 2028; x_wconf 75' lang='grc' dir='ltr'>εἶναι</span> <span class='ocrx_word' id='word_1_218' title='bbox 1303 1990 1377 2028; x_wconf 81' lang='grc' dir='ltr'>ἔδο-</span> 
     </span>
    </p>
   </div>
   <div class='ocr_carea' id='block_1_3' title="bbox 335 2130 1388 3521">
    <p class='ocr_par' dir='ltr' id='par_1_11' title="bbox 335 2130 1381 2291">
     <span class='ocr_line' id='line_1_31' title="bbox 379 2130 1378 2174; baseline -0.005 -8"><span class='ocrx_word' id='word_1_219' title='bbox 379 2137 427 2167; x_wconf 71' lang='grc'><strong>14.</strong></span> <span class='ocrx_word' id='word_1_220' title='bbox 445 2136 527 2166; x_wconf 83' lang='lat' dir='ltr'>Sunt</span> <span class='ocrx_word' id='word_1_221' title='bbox 542 2133 672 2174; x_wconf 86' lang='lat' dir='ltr'><strong>quidam</strong></span> <span class='ocrx_word' id='word_1_222' title='bbox 682 2132 739 2173; x_wconf 89' lang='lat' dir='ltr'><strong>qui</strong></span> <span class='ocrx_word' id='word_1_223' title='bbox 753 2141 817 2164; x_wconf 91' lang='lat' dir='ltr'><strong>non</strong></span> <span class='ocrx_word' id='word_1_224' title='bbox 835 2132 918 2164; x_wconf 89' lang='lat' dir='ltr'><strong>hanc</strong></span> <span class='ocrx_word' id='word_1_225' title='bbox 935 2132 1125 2173; x_wconf 77' lang='lat' dir='ltr'><strong>praesentem</strong></span> <span class='ocrx_word' id='word_1_226' title='bbox 1137 2130 1237 2163; x_wconf 88' lang='lat' dir='ltr'><strong>vitam</strong></span> <span class='ocrx_word' id='word_1_227' title='bbox 1253 2130 1378 2170; x_wconf 86' lang='lat' dir='ltr'><strong>vivunt,</strong></span> 
     </span>
     <span class='ocr_line' id='line_1_32' title="bbox 335 2189 1381 2232; baseline -0.003 -7"><span class='ocrx_word' id='word_1_228' title='bbox 335 2193 389 2226; x_wconf 90' lang='lat' dir='ltr'><strong>sed</strong></span> <span class='ocrx_word' id='word_1_229' title='bbox 407 2201 519 2231; x_wconf 64' lang='lat' dir='ltr'><strong>magno</strong></span> <span class='ocrx_word' id='word_1_230' title='bbox 538 2191 643 2223; x_wconf 88' lang='lat' dir='ltr'><strong>studio</strong></span> <span class='ocrx_word' id='word_1_231' title='bbox 658 2193 811 2232; x_wconf 80' lang='lat' dir='ltr'><strong>tanquam</strong></span> <span class='ocrx_word' id='word_1_232' title='bbox 830 2190 873 2223; x_wconf 88' lang='lat' dir='ltr'><strong>ad</strong></span> <span class='ocrx_word' id='word_1_233' title='bbox 885 2190 1018 2223; x_wconf 89' lang='lat' dir='ltr'><strong>alteram</strong></span> <span class='ocrx_word' id='word_1_234' title='bbox 1035 2190 1146 2230; x_wconf 89' lang='lat' dir='ltr'><strong>vitam,</strong></span> <span class='ocrx_word' id='word_1_235' title='bbox 1160 2197 1223 2222; x_wconf 90' lang='lat' dir='ltr'><strong>non</strong></span> <span class='ocrx_word' id='word_1_236' title='bbox 1239 2189 1278 2222; x_wconf 91' lang='lat' dir='ltr'><strong>ad</strong></span> <span class='ocrx_word' id='word_1_237' title='bbox 1298 2190 1381 2222; x_wconf 86' lang='lat' dir='ltr'><strong>hanc</strong></span> 
     </span>
     <span class='ocr_line' id='line_1_33' title="bbox 336 2249 986 2291; baseline 0 -9"><span class='ocrx_word' id='word_1_238' title='bbox 336 2254 524 2291; x_wconf 76' lang='lat' dir='ltr'><strong>praesentem</strong></span> <span class='ocrx_word' id='word_1_239' title='bbox 540 2249 716 2290; x_wconf 83' lang='lat' dir='ltr'><strong>degendam</strong></span> <span class='ocrx_word' id='word_1_240' title='bbox 732 2259 767 2282; x_wconf 88' lang='lat' dir='ltr'><strong>sc</strong></span> <span class='ocrx_word' id='word_1_241' title='bbox 785 2252 986 2290; x_wconf 84' lang='lat' dir='ltr'><strong>comparant.</strong></span> 
     </span>
    </p>

    <p class='ocr_par' dir='ltr' id='par_1_12' title="bbox 337 2306 1378 2408">
     <span class='ocr_line' id='line_1_34' title="bbox 381 2306 1378 2349; baseline -0.004 -8"><span class='ocrx_word' id='word_1_242' title='bbox 381 2312 429 2341; x_wconf 84' lang='lat'><strong>15.</strong></span> <span class='ocrx_word' id='word_1_243' title='bbox 452 2309 585 2341; x_wconf 78' lang='lat' dir='ltr'><strong>Militum</strong></span> <span class='ocrx_word' id='word_1_244' title='bbox 602 2309 676 2349; x_wconf 80' lang='lat' dir='ltr'><strong>fuga</strong></span> <span class='ocrx_word' id='word_1_245' title='bbox 691 2308 725 2341; x_wconf 90' lang='lat' dir='ltr'><strong>in</strong></span> <span class='ocrx_word' id='word_1_246' title='bbox 742 2308 826 2341; x_wconf 87' lang='lat' dir='ltr'><strong>bello</strong></span> <span class='ocrx_word' id='word_1_247' title='bbox 843 2308 946 2340; x_wconf 86' lang='lat' dir='ltr'><strong>virum</strong></span> <span class='ocrx_word' id='word_1_248' title='bbox 967 2317 1001 2341; x_wconf 90' lang='lat' dir='ltr'><strong>re</strong></span> <span class='ocrx_word' id='word_1_249' title='bbox 1018 2316 1095 2340; x_wconf 89' lang='lat' dir='ltr'><strong>vera</strong></span> <span class='ocrx_word' id='word_1_250' title='bbox 1111 2307 1225 2339; x_wconf 79' lang='lat' dir='ltr'><strong>sortem</strong></span> <span class='ocrx_word' id='word_1_251' title='bbox 1245 2306 1378 2346; x_wconf 83' lang='lat' dir='ltr'><strong>indicat,</strong></span> 
     </span>
     <span class='ocr_line' id='line_1_35' title="bbox 337 2367 808 2408; baseline -0.002 -8"><span class='ocrx_word' id='word_1_252' title='bbox 337 2367 498 2400; x_wconf 82' lang='lat' dir='ltr'><strong>calamitas</strong></span> <span class='ocrx_word' id='word_1_253' title='bbox 516 2376 590 2400; x_wconf 87' lang='lat' dir='ltr'><strong>vero</strong></span> <span class='ocrx_word' id='word_1_254' title='bbox 610 2368 808 2408; x_wconf 81' lang='lat' dir='ltr'><strong>prudentem.</strong></span> 
     </span>
    </p>

    <p class='ocr_par' dir='ltr' id='par_1_13' title="bbox 340 2423 1379 2526">
     <span class='ocr_line' id='line_1_36' title="bbox 381 2423 1379 2468; baseline -0.003 -9"><span class='ocrx_word' id='word_1_255' title='bbox 381 2431 429 2459; x_wconf 83' lang='grc'><strong>16.</strong></span> <span class='ocrx_word' id='word_1_256' title='bbox 449 2427 547 2460; x_wconf 81' lang='lat' dir='ltr'><strong>Urbes</strong></span> <span class='ocrx_word' id='word_1_257' title='bbox 565 2427 696 2468; x_wconf 85' lang='lat' dir='ltr'><strong>quidem</strong></span> <span class='ocrx_word' id='word_1_258' title='bbox 714 2427 912 2459; x_wconf 82' lang='lat' dir='ltr'><strong>ornamentis</strong></span> <span class='ocrx_word' id='word_1_259' title='bbox 929 2426 1026 2466; x_wconf 84' lang='lat' dir='ltr'><strong>affici,</strong></span> <span class='ocrx_word' id='word_1_260' title='bbox 1047 2425 1102 2458; x_wconf 90' lang='lat' dir='ltr'><strong>sed</strong></span> <span class='ocrx_word' id='word_1_261' title='bbox 1116 2425 1240 2457; x_wconf 86' lang='lat' dir='ltr'><strong>animos</strong></span> <span class='ocrx_word' id='word_1_262' title='bbox 1256 2423 1379 2457; x_wconf 81' lang='lat' dir='ltr'><strong>artibus</strong></span> 
     </span>
     <span class='ocr_line' id='line_1_37' title="bbox 340 2487 611 2526; baseline 0 -8"><span class='ocrx_word' id='word_1_263' title='bbox 340 2487 457 2518; x_wconf 86' lang='lat' dir='ltr'><strong>erudiri</strong></span> <span class='ocrx_word' id='word_1_264' title='bbox 477 2488 611 2526; x_wconf 83' lang='lat' dir='ltr'><strong>oportet.</strong></span> 
     </span>
    </p>

    <p class='ocr_par' dir='ltr' id='par_1_14' title="bbox 338 2542 1385 3113">
     <span class='ocr_line' id='line_1_38' title="bbox 383 2542 1380 2586; baseline -0.003 -10"><span class='ocrx_word' id='word_1_265' title='bbox 383 2548 430 2577; x_wconf 87' lang='lat'><strong>17.</strong></span> <span class='ocrx_word' id='word_1_266' title='bbox 450 2547 558 2582; x_wconf 89' lang='lat' dir='ltr'><strong>Quum</strong></span> <span class='ocrx_word' id='word_1_267' title='bbox 575 2545 660 2577; x_wconf 91' lang='lat' dir='ltr'><strong>enim</strong></span> <span class='ocrx_word' id='word_1_268' title='bbox 674 2553 714 2577; x_wconf 89' lang='lat' dir='ltr'><strong>ex</strong></span> <span class='ocrx_word' id='word_1_269' title='bbox 725 2545 834 2586; x_wconf 88' lang='lat' dir='ltr'><strong>aliquo</strong></span> <span class='ocrx_word' id='word_1_270' title='bbox 854 2544 1055 2578; x_wconf 86' lang='lat' dir='ltr'><strong>Phavorinus</strong></span> <span class='ocrx_word' id='word_1_271' title='bbox 1070 2543 1266 2582; x_wconf 89' lang='lat' dir='ltr'><strong>audivisset,</strong></span> <span class='ocrx_word' id='word_1_272' title='bbox 1291 2542 1380 2574; x_wconf 89' lang='lat' dir='ltr'><strong>illum</strong></span> 
     </span>
     <span class='ocr_line' id='line_1_39' title="bbox 338 2603 1379 2645; baseline -0.003 -10"><span class='ocrx_word' id='word_1_273' title='bbox 338 2613 412 2636; x_wconf 86' lang='lat' dir='ltr'><strong>suas</strong></span> <span class='ocrx_word' id='word_1_274' title='bbox 422 2603 652 2644; x_wconf 87' lang='lat' dir='ltr'><strong>disputationes</strong></span> <span class='ocrx_word' id='word_1_275' title='bbox 666 2603 787 2635; x_wconf 79' lang='lat' dir='ltr'><strong>facetiis</strong></span> <span class='ocrx_word' id='word_1_276' title='bbox 798 2603 1018 2645; x_wconf 81' lang='lat' dir='ltr'><strong>perstringere,</strong></span> <span class='ocrx_word' id='word_1_277' title='bbox 1031 2603 1171 2635; x_wconf 86' lang='lat' dir='ltr'><strong>maxime</strong></span> <span class='ocrx_word' id='word_1_278' title='bbox 1183 2611 1261 2634; x_wconf 87' lang='lat' dir='ltr'><strong>vero</strong></span> <span class='ocrx_word' id='word_1_279' title='bbox 1277 2610 1379 2633; x_wconf 89' lang='lat' dir='ltr'><strong>mem-</strong></span> 
     </span>
     <span class='ocr_line' id='line_1_40' title="bbox 341 2661 1383 2702; baseline -0.001 -9"><span class='ocrx_word' id='word_1_280' title='bbox 341 2662 468 2694; x_wconf 88' lang='lat' dir='ltr'><strong>brorum</strong></span> <span class='ocrx_word' id='word_1_281' title='bbox 485 2662 515 2693; x_wconf 91' lang='lat' dir='ltr'><strong>in</strong></span> <span class='ocrx_word' id='word_1_282' title='bbox 530 2662 568 2693; x_wconf 92' lang='lat' dir='ltr'><strong>iis</strong></span> <span class='ocrx_word' id='word_1_283' title='bbox 582 2662 680 2693; x_wconf 85' lang='lat' dir='ltr'><strong>nimis</strong></span> <span class='ocrx_word' id='word_1_284' title='bbox 709 2662 826 2694; x_wconf 80' lang='lat' dir='ltr'><strong>fractas</strong></span> <span class='ocrx_word' id='word_1_285' title='bbox 840 2661 967 2694; x_wconf 78' lang='lat' dir='ltr'><strong>delicias</strong></span> <span class='ocrx_word' id='word_1_286' title='bbox 977 2686 986 2702; x_wconf 92' lang='lat'><strong>‚</strong></span> <span class='ocrx_word' id='word_1_287' title='bbox 1005 2663 1118 2694; x_wconf 88' lang='lat' dir='ltr'><strong>utnon</strong></span> <span class='ocrx_word' id='word_1_288' title='bbox 1128 2669 1327 2702; x_wconf 83' lang='lat' dir='ltr'><strong>generosam,</strong></span> <span class='ocrx_word' id='word_1_289' title='bbox 1351 2661 1383 2692; x_wconf 86' lang='lat' dir='ltr'><strong>at</strong></span> 
     </span>
     <span class='ocr_line' id='line_1_41' title="bbox 341 2721 1382 2762; baseline -0.002 -8"><span class='ocrx_word' id='word_1_290' title='bbox 341 2722 526 2754; x_wconf 82' lang='lat' dir='ltr'><strong>muliebrem</strong></span> <span class='ocrx_word' id='word_1_291' title='bbox 548 2721 711 2754; x_wconf 89' lang='lat' dir='ltr'><strong>mollitiem</strong></span> <span class='ocrx_word' id='word_1_292' title='bbox 738 2730 775 2754; x_wconf 92' lang='lat' dir='ltr'><strong>ac</strong></span> <span class='ocrx_word' id='word_1_293' title='bbox 802 2721 1011 2762; x_wconf 77' lang='lat' dir='ltr'><strong>philosophiae</strong></span> <span class='ocrx_word' id='word_1_294' title='bbox 1036 2722 1170 2754; x_wconf 88' lang='lat' dir='ltr'><strong>minime</strong></span> <span class='ocrx_word' id='word_1_295' title='bbox 1191 2721 1382 2753; x_wconf 78' lang='lat' dir='ltr'><strong>convenien-</strong></span> 
     </span>
     <span class='ocr_line' id='line_1_42' title="bbox 341 2778 1382 2820; baseline -0.001 -9"><span class='ocrx_word' id='word_1_296' title='bbox 341 2782 424 2819; x_wconf 91' lang='lat' dir='ltr'><strong>tem,</strong></span> <span class='ocrx_word' id='word_1_297' title='bbox 446 2781 676 2812; x_wconf 87' lang='lat' dir='ltr'><strong>Demonactem</strong></span> <span class='ocrx_word' id='word_1_298' title='bbox 693 2778 772 2811; x_wconf 86' lang='lat' dir='ltr'><strong>adiit</strong></span> <span class='ocrx_word' id='word_1_299' title='bbox 794 2779 835 2811; x_wconf 91' lang='lat' dir='ltr'><strong>ab</strong></span> <span class='ocrx_word' id='word_1_300' title='bbox 860 2787 962 2820; x_wconf 88' lang='lat' dir='ltr'><strong>eoque</strong></span> <span class='ocrx_word' id='word_1_301' title='bbox 980 2779 1146 2820; x_wconf 85' lang='lat' dir='ltr'><strong>quaesivit,</strong></span> <span class='ocrx_word' id='word_1_302' title='bbox 1167 2779 1314 2820; x_wconf 86' lang='lat' dir='ltr'><strong>quisnam</strong></span> <span class='ocrx_word' id='word_1_303' title='bbox 1332 2787 1382 2810; x_wconf 92' lang='lat' dir='ltr'><strong>es·</strong></span> 
     </span>
     <span class='ocr_line' id='line_1_43' title="bbox 341 2836 1383 2878; baseline -0.001 -9"><span class='ocrx_word' id='word_1_304' title='bbox 341 2840 401 2876; x_wconf 86' lang='lat' dir='ltr'><strong>set,</strong></span> <span class='ocrx_word' id='word_1_305' title='bbox 415 2846 434 2869; x_wconf 91' lang='lat' dir='ltr'><strong>a</strong></span> <span class='ocrx_word' id='word_1_306' title='bbox 452 2847 515 2878; x_wconf 91' lang='lat' dir='ltr'><strong>quo</strong></span> <span class='ocrx_word' id='word_1_307' title='bbox 531 2837 630 2878; x_wconf 89' lang='lat' dir='ltr'><strong>ipsius</strong></span> <span class='ocrx_word' id='word_1_308' title='bbox 646 2837 731 2869; x_wconf 89' lang='lat' dir='ltr'><strong>dicta</strong></span> <span class='ocrx_word' id='word_1_309' title='bbox 749 2836 992 2876; x_wconf 78' lang='lat' dir='ltr'><strong>sugillarentur:</strong></span> <span class='ocrx_word' id='word_1_310' title='bbox 1010 2840 1041 2870; x_wconf 82' lang='lat' dir='ltr'><strong>Is</strong></span> <span class='ocrx_word' id='word_1_311' title='bbox 1057 2838 1153 2870; x_wconf 88' lang='lat' dir='ltr'><strong>homo</strong></span> <span class='ocrx_word' id='word_1_312' title='bbox 1165 2861 1175 2877; x_wconf 92' lang='lat'><strong>,</strong></span> <span class='ocrx_word' id='word_1_313' title='bbox 1189 2838 1310 2878; x_wconf 89' lang='lat' dir='ltr'><strong>inquit,</strong></span> <span class='ocrx_word' id='word_1_314' title='bbox 1330 2836 1383 2869; x_wconf 90' lang='lat' dir='ltr'><strong>cui</strong></span> 
     </span>
     <span class='ocr_line' id='line_1_44' title="bbox 343 2897 1384 2937; baseline 0 -8"><span class='ocrx_word' id='word_1_315' title='bbox 343 2907 435 2929; x_wconf 84' lang='lat' dir='ltr'><strong>aures</strong></span> <span class='ocrx_word' id='word_1_316' title='bbox 452 2898 515 2930; x_wconf 87' lang='lat' dir='ltr'><strong>sint</strong></span> <span class='ocrx_word' id='word_1_317' title='bbox 539 2897 579 2928; x_wconf 90' lang='lat' dir='ltr'><strong>ad</strong></span> <span class='ocrx_word' id='word_1_318' title='bbox 596 2897 816 2937; x_wconf 89' lang='lat' dir='ltr'><strong>decipiendum</strong></span> <span class='ocrx_word' id='word_1_319' title='bbox 842 2906 906 2929; x_wconf 91' lang='lat' dir='ltr'><strong>non</strong></span> <span class='ocrx_word' id='word_1_320' title='bbox 927 2897 1047 2930; x_wconf 79' lang='lat' dir='ltr'><strong>faciles.</strong></span> <span class='ocrx_word' id='word_1_321' title='bbox 1073 2899 1215 2930; x_wconf 88' lang='lat' dir='ltr'><strong>Instante</strong></span> <span class='ocrx_word' id='word_1_322' title='bbox 1233 2906 1310 2930; x_wconf 89' lang='lat' dir='ltr'><strong>vero</strong></span> <span class='ocrx_word' id='word_1_323' title='bbox 1326 2906 1384 2929; x_wconf 91' lang='lat' dir='ltr'><strong>eo-</strong></span> 
     </span>
     <span class='ocr_line' id='line_1_45' title="bbox 343 2955 1383 2997; baseline 0.001 -10"><span class='ocrx_word' id='word_1_324' title='bbox 343 2957 416 2988; x_wconf 87' lang='lat' dir='ltr'><strong>dem</strong></span> <span class='ocrx_word' id='word_1_325' title='bbox 432 2956 572 2997; x_wconf 81' lang='lat' dir='ltr'><strong>sophista</strong></span> <span class='ocrx_word' id='word_1_326' title='bbox 593 2959 687 2996; x_wconf 87' lang='lat' dir='ltr'><strong>atque</strong></span> <span class='ocrx_word' id='word_1_327' title='bbox 700 2955 933 2996; x_wconf 76' lang='lat' dir='ltr'><strong>interrogante,</strong></span> <span class='ocrx_word' id='word_1_328' title='bbox 952 2956 1076 2995; x_wconf 86' lang='lat' dir='ltr'><strong>Quibus</strong></span> <span class='ocrx_word' id='word_1_329' title='bbox 1096 2956 1266 2996; x_wconf 85' lang='lat' dir='ltr'><strong>subsidiis,</strong></span> <span class='ocrx_word' id='word_1_330' title='bbox 1282 2965 1301 2987; x_wconf 93' lang='lat' dir='ltr'><strong>o</strong></span> <span class='ocrx_word' id='word_1_331' title='bbox 1319 2958 1383 2988; x_wconf 89' lang='lat' dir='ltr'><strong>De-</strong></span> 
     </span>
     <span class='ocr_line' id='line_1_46' title="bbox 348 3013 1385 3054; baseline 0.001 -8"><span class='ocrx_word' id='word_1_332' title='bbox 348 3023 479 3054; x_wconf 84' lang='lat' dir='ltr'><strong>monax,</strong></span> <span class='ocrx_word' id='word_1_333' title='bbox 493 3023 512 3046; x_wconf 91' lang='lat' dir='ltr'><strong>a</strong></span> <span class='ocrx_word' id='word_1_334' title='bbox 525 3013 607 3054; x_wconf 86' lang='lat' dir='ltr'><strong>jocis</strong></span> <span class='ocrx_word' id='word_1_335' title='bbox 624 3014 664 3046; x_wconf 93' lang='lat' dir='ltr'><strong>ad</strong></span> <span class='ocrx_word' id='word_1_336' title='bbox 679 3014 888 3054; x_wconf 83' lang='lat' dir='ltr'><strong>philosophiae</strong></span> <span class='ocrx_word' id='word_1_337' title='bbox 911 3014 1053 3046; x_wconf 89' lang='lat' dir='ltr'><strong>studium</strong></span> <span class='ocrx_word' id='word_1_338' title='bbox 1070 3016 1102 3047; x_wconf 87' lang='lat' dir='ltr'><strong>te</strong></span> <span class='ocrx_word' id='word_1_339' title='bbox 1123 3015 1309 3047; x_wconf 78' lang='lat' dir='ltr'><strong>contulisti?</strong></span> <span class='ocrx_word' id='word_1_340' title='bbox 1325 3015 1385 3047; x_wconf 86' lang='lat' dir='ltr'><strong>Te-</strong></span> 
     </span>
     <span class='ocr_line' id='line_1_47' title="bbox 346 3071 615 3113; baseline 0 -10"><span class='ocrx_word' id='word_1_341' title='bbox 346 3072 487 3112; x_wconf 71' lang='lat' dir='ltr'><strong>sssculis,</strong></span> <span class='ocrx_word' id='word_1_342' title='bbox 502 3071 615 3113; x_wconf 85' lang='lat' dir='ltr'><strong>inquit.</strong></span> 
     </span>
    </p>

    <p class='ocr_par' dir='ltr' id='par_1_15' title="bbox 347 3129 1388 3346">
     <span class='ocr_line' id='line_1_48' title="bbox 392 3129 1384 3170; baseline -0.001 -7"><span class='ocrx_word' id='word_1_343' title='bbox 392 3134 438 3163; x_wconf 82' lang='grc'><strong>18.</strong></span> <span class='ocrx_word' id='word_1_344' title='bbox 459 3131 549 3163; x_wconf 90' lang='lat' dir='ltr'><strong>Idem</strong></span> <span class='ocrx_word' id='word_1_345' title='bbox 569 3130 648 3162; x_wconf 82' lang='lat' dir='ltr'><strong>alias</strong></span> <span class='ocrx_word' id='word_1_346' title='bbox 663 3131 890 3163; x_wconf 87' lang='lat' dir='ltr'><strong>Demonactem</strong></span> <span class='ocrx_word' id='word_1_347' title='bbox 910 3129 1058 3162; x_wconf 87' lang='lat' dir='ltr'><strong>convenit</strong></span> <span class='ocrx_word' id='word_1_348' title='bbox 1074 3130 1114 3161; x_wconf 89' lang='lat' dir='ltr'><strong>ab</strong></span> <span class='ocrx_word' id='word_1_349' title='bbox 1125 3139 1227 3170; x_wconf 88' lang='lat' dir='ltr'><strong>eoque</strong></span> <span class='ocrx_word' id='word_1_350' title='bbox 1246 3130 1384 3162; x_wconf 82' lang='lat' dir='ltr'><strong>sciscita-</strong></span> 
     </span>
     <span class='ocr_line' id='line_1_49' title="bbox 347 3188 1385 3230; baseline -0.001 -9"><span class='ocrx_word' id='word_1_351' title='bbox 347 3190 398 3221; x_wconf 86' lang='lat' dir='ltr'><strong>tus</strong></span> <span class='ocrx_word' id='word_1_352' title='bbox 415 3190 475 3230; x_wconf 90' lang='lat' dir='ltr'><strong>est,</strong></span> <span class='ocrx_word' id='word_1_353' title='bbox 498 3197 594 3230; x_wconf 87' lang='lat' dir='ltr'><strong>quam</strong></span> <span class='ocrx_word' id='word_1_354' title='bbox 612 3188 877 3229; x_wconf 88' lang='lat' dir='ltr'><strong>philosophorum</strong></span> <span class='ocrx_word' id='word_1_355' title='bbox 895 3189 1015 3220; x_wconf 84' lang='lat' dir='ltr'><strong>sectam</strong></span> <span class='ocrx_word' id='word_1_356' title='bbox 1040 3188 1140 3228; x_wconf 83' lang='lat' dir='ltr'><strong>magis</strong></span> <span class='ocrx_word' id='word_1_357' title='bbox 1170 3191 1356 3228; x_wconf 86' lang='lat' dir='ltr'><strong>sequeretur</strong></span> <span class='ocrx_word' id='word_1_358' title='bbox 1377 3200 1385 3220; x_wconf 91' lang='lat'>:</span> 
     </span>
     <span class='ocr_line' id='line_1_50' title="bbox 349 3247 1387 3289; baseline 0.001 -10"><span class='ocrx_word' id='word_1_359' title='bbox 349 3247 428 3285; x_wconf 88' lang='lat' dir='ltr'><strong>Quis</strong></span> <span class='ocrx_word' id='word_1_360' title='bbox 446 3257 541 3287; x_wconf 84' lang='lat' dir='ltr'><strong>vero,</strong></span> <span class='ocrx_word' id='word_1_361' title='bbox 560 3247 681 3289; x_wconf 83' lang='lat' dir='ltr'><strong>inquit,</strong></span> <span class='ocrx_word' id='word_1_362' title='bbox 709 3247 766 3280; x_wconf 89' lang='lat' dir='ltr'><strong>tibi</strong></span> <span class='ocrx_word' id='word_1_363' title='bbox 794 3247 876 3280; x_wconf 87' lang='lat' dir='ltr'><strong>dixit</strong></span> <span class='ocrx_word' id='word_1_364' title='bbox 905 3256 959 3280; x_wconf 91' lang='lat' dir='ltr'><strong>me</strong></span> <span class='ocrx_word' id='word_1_365' title='bbox 986 3247 1228 3288; x_wconf 70' lang='lat' dir='ltr'><strong>philosophari?</strong></span> <span class='ocrx_word' id='word_1_366' title='bbox 1251 3249 1387 3286; x_wconf 80' lang='lat' dir='ltr'><strong>Jamque</strong></span> 
     </span>
     <span class='ocr_line' id='line_1_51' title="bbox 350 3305 1388 3346; baseline -0.002 -8"><span class='ocrx_word' id='word_1_367' title='bbox 350 3306 457 3338; x_wconf 84' lang='lat' dir='ltr'><strong>abiens</strong></span> <span class='ocrx_word' id='word_1_368' title='bbox 472 3306 512 3338; x_wconf 85' lang='lat' dir='ltr'><strong>ab</strong></span> <span class='ocrx_word' id='word_1_369' title='bbox 522 3315 560 3339; x_wconf 89' lang='lat' dir='ltr'><strong>eo</strong></span> <span class='ocrx_word' id='word_1_370' title='bbox 575 3306 711 3339; x_wconf 85' lang='lat' dir='ltr'><strong>dulciter</strong></span> <span class='ocrx_word' id='word_1_371' title='bbox 732 3306 906 3338; x_wconf 91' lang='lat' dir='ltr'><strong>admodum</strong></span> <span class='ocrx_word' id='word_1_372' title='bbox 935 3305 1013 3338; x_wconf 85' lang='lat' dir='ltr'><strong>risit.</strong></span> <span class='ocrx_word' id='word_1_373' title='bbox 1042 3305 1100 3338; x_wconf 91' lang='lat' dir='ltr'><strong>Illo</strong></span> <span class='ocrx_word' id='word_1_374' title='bbox 1123 3306 1230 3337; x_wconf 87' lang='lat' dir='ltr'><strong>autem</strong></span> <span class='ocrx_word' id='word_1_375' title='bbox 1257 3314 1388 3346; x_wconf 90' lang='lat' dir='ltr'><strong>percon-</strong></span> 
     </span>
    </p>

    <p class='ocr_par' dir='ltr' id='par_1_16' title="bbox 351 3363 1388 3521">
     <span class='ocr_line' id='line_1_52' title="bbox 351 3363 1388 3406; baseline 0.001 -11"><span class='ocrx_word' id='word_1_376' title='bbox 351 3366 448 3404; x_wconf 79' lang='lat' dir='ltr'><strong>tante,</strong></span> <span class='ocrx_word' id='word_1_377' title='bbox 459 3373 522 3405; x_wconf 90' lang='lat' dir='ltr'><strong>qua</strong></span> <span class='ocrx_word' id='word_1_378' title='bbox 536 3365 577 3397; x_wconf 85' lang='lat' dir='ltr'><strong>de</strong></span> <span class='ocrx_word' id='word_1_379' title='bbox 593 3373 627 3397; x_wconf 91' lang='lat' dir='ltr'><strong>re</strong></span> <span class='ocrx_word' id='word_1_380' title='bbox 639 3364 766 3406; x_wconf 88' lang='lat' dir='ltr'><strong>rideret,</strong></span> <span class='ocrx_word' id='word_1_381' title='bbox 780 3365 960 3404; x_wconf 86' lang='lat' dir='ltr'><strong>Demonax,</strong></span> <span class='ocrx_word' id='word_1_382' title='bbox 972 3363 1168 3402; x_wconf 83' lang='lat' dir='ltr'><strong>Ridiculum,</strong></span> <span class='ocrx_word' id='word_1_383' title='bbox 1181 3363 1293 3404; x_wconf 89' lang='lat' dir='ltr'><strong>inquit,</strong></span> <span class='ocrx_word' id='word_1_384' title='bbox 1312 3364 1388 3396; x_wconf 91' lang='lat' dir='ltr'><strong>mihi</strong></span> 
     </span>
     <span class='ocr_line' id='line_1_53' title="bbox 352 3420 1388 3463; baseline 0.001 -11"><span class='ocrx_word' id='word_1_385' title='bbox 352 3422 458 3453; x_wconf 88' lang='lat' dir='ltr'><strong>visum</strong></span> <span class='ocrx_word' id='word_1_386' title='bbox 476 3424 537 3463; x_wconf 85' lang='lat' dir='ltr'><strong>est,</strong></span> <span class='ocrx_word' id='word_1_387' title='bbox 557 3424 606 3461; x_wconf 87' lang='lat' dir='ltr'><strong>te,</strong></span> <span class='ocrx_word' id='word_1_388' title='bbox 626 3423 681 3463; x_wconf 85' lang='lat' dir='ltr'><strong>qui</strong></span> <span class='ocrx_word' id='word_1_389' title='bbox 702 3423 769 3463; x_wconf 89' lang='lat' dir='ltr'><strong>ipse</strong></span> <span class='ocrx_word' id='word_1_390' title='bbox 784 3422 918 3455; x_wconf 84' lang='lat' dir='ltr'><strong>barbam</strong></span> <span class='ocrx_word' id='word_1_391' title='bbox 932 3431 996 3455; x_wconf 91' lang='lat' dir='ltr'><strong>non</strong></span> <span class='ocrx_word' id='word_1_392' title='bbox 1014 3422 1124 3459; x_wconf 71' lang='lat' dir='ltr'><strong>habes,</strong></span> <span class='ocrx_word' id='word_1_393' title='bbox 1140 3430 1178 3454; x_wconf 87' lang='lat' dir='ltr'><strong>ex</strong></span> <span class='ocrx_word' id='word_1_394' title='bbox 1201 3420 1298 3454; x_wconf 87' lang='lat' dir='ltr'><strong>barba</strong></span> <span class='ocrx_word' id='word_1_395' title='bbox 1319 3422 1388 3463; x_wconf 89' lang='lat' dir='ltr'><strong>phi·</strong></span> 
     </span>
     <span class='ocr_line' id='line_1_54' title="bbox 353 3478 812 3521; baseline 0.009 -11"><span class='ocrx_word' id='word_1_396' title='bbox 353 3478 553 3520; x_wconf 78' lang='lat' dir='ltr'><strong>iosophantes</strong></span> <span class='ocrx_word' id='word_1_397' title='bbox 569 3480 700 3521; x_wconf 78' lang='lat' dir='ltr'><strong>iudicari</strong></span> <span class='ocrx_word' id='word_1_398' title='bbox 716 3480 812 3514; x_wconf 83' lang='lat' dir='ltr'><strong>velle.</strong></span> 
     </span>
    </p>
   </div>
   <div class='ocr_carea' id='block_1_4' title="bbox 1072 255 1743 316">
    <p class='ocr_par' dir='ltr' id='par_1_17' title="bbox 1072 255 1743 316">
     <span class='ocr_line' id='line_1_55' title="bbox 1072 255 1743 316; baseline 0.006 -22"><span class='ocrx_word' id='word_1_399' title='bbox 1072 255 1377 316; x_wconf 81' lang='lat' dir='ltr'><strong>CYNICORUM</strong></span> <span class='ocrx_word' id='word_1_400' title='bbox 1407 256 1743 298; x_wconf 80' lang='lat' dir='ltr'><strong>FRAGMENTA.</strong></span> 
     </span>
    </p>
   </div>
   <div class='ocr_carea' id='block_1_5' title="bbox 1435 344 2487 2047">
    <p class='ocr_par' dir='ltr' id='par_1_18' title="bbox 1437 344 2483 459">
     <span class='ocr_line' id='line_1_56' title="bbox 1438 344 2483 402; baseline 0.004 -18"><span class='ocrx_word' id='word_1_401' title='bbox 1438 344 1508 395; x_wconf 84' lang='grc' dir='ltr'>ξεν,</span> <span class='ocrx_word' id='word_1_402' title='bbox 1525 347 1555 385; x_wconf 87' lang='grc' dir='ltr'><strong>εἰ</strong></span> <span class='ocrx_word' id='word_1_403' title='bbox 1573 346 1615 386; x_wconf 81' lang='grc' dir='ltr'><strong>σὺ</strong></span> <span class='ocrx_word' id='word_1_404' title='bbox 1636 346 1706 385; x_wconf 81' lang='grc' dir='ltr'>ἀπὸ</span> <span class='ocrx_word' id='word_1_405' title='bbox 1733 349 1792 386; x_wconf 78' lang='grc' dir='ltr'><strong>τοῦ</strong></span> <span class='ocrx_word' id='word_1_406' title='bbox 1814 345 1977 398; x_wconf 82' lang='grc' dir='ltr'>πώγωνος</span> <span class='ocrx_word' id='word_1_407' title='bbox 1998 345 2102 391; x_wconf 79' lang='grc' dir='ltr'>ἀξιοῖς</span> <span class='ocrx_word' id='word_1_408' title='bbox 2126 344 2301 400; x_wconf 80' lang='grc' dir='ltr'>κρίνεσθαι</span> <span class='ocrx_word' id='word_1_409' title='bbox 2316 346 2396 393; x_wconf 63' lang='grc' dir='ltr'>τοὺς</span> <span class='ocrx_word' id='word_1_410' title='bbox 2416 363 2483 402; x_wconf 71' lang='grc' dir='ltr'>φι-</span> 
     </span>
     <span class='ocr_line' id='line_1_57' title="bbox 1437 404 2159 459; baseline 0.001 -17"><span class='ocrx_word' id='word_1_411' title='bbox 1437 404 1671 459; x_wconf 79' lang='grc' dir='ltr'>λοσοφοῦντας</span> <span class='ocrx_word' id='word_1_412' title='bbox 1691 406 1792 450; x_wconf 82' lang='grc' dir='ltr'>αὐτὸς</span> <span class='ocrx_word' id='word_1_413' title='bbox 1809 406 1962 457; x_wconf 87' lang='grc' dir='ltr'>πώγωνα</span> <span class='ocrx_word' id='word_1_414' title='bbox 1979 407 2040 444; x_wconf 82' lang='grc' dir='ltr'><strong>οὐκ</strong></span> <span class='ocrx_word' id='word_1_415' title='bbox 2053 405 2159 458; x_wconf 82' lang='grc' dir='ltr'>ἔχων.</span> 
     </span>
    </p>

    <p class='ocr_par' dir='ltr' id='par_1_19' title="bbox 1492 465 2207 518">
     <span class='ocr_line' id='line_1_58' title="bbox 1492 465 2207 518; baseline 0.001 -15"><span class='ocrx_word' id='word_1_416' title='bbox 1492 465 1711 516; x_wconf 86' lang='lat' dir='ltr'><strong>(Lucianus</strong></span> <span class='ocrx_word' id='word_1_417' title='bbox 1725 466 1795 505; x_wconf 81' lang='lat' dir='ltr'><strong>vit.</strong></span> <span class='ocrx_word' id='word_1_418' title='bbox 1821 466 2047 504; x_wconf 84' lang='lat' dir='ltr'><strong>Demonact.</strong></span> <span class='ocrx_word' id='word_1_419' title='bbox 2067 479 2103 505; x_wconf 86' lang='lat' dir='ltr'><strong>c.</strong></span> <span class='ocrx_word' id='word_1_420' title='bbox 2126 466 2207 518; x_wconf 84' lang='lat'>13.)</span> 
     </span>
    </p>

    <p class='ocr_par' dir='ltr' id='par_1_20' title="bbox 1435 522 2484 1046">
     <span class='ocr_line' id='line_1_59' title="bbox 1494 522 2481 576; baseline 0.003 -15"><span class='ocrx_word' id='word_1_421' title='bbox 1494 536 1540 562; x_wconf 75' lang='lat'><strong>19.</strong></span> <span class='ocrx_word' id='word_1_422' title='bbox 1562 524 1634 562; x_wconf 75' lang='grc' dir='ltr'><strong>Τοῦ</strong></span> <span class='ocrx_word' id='word_1_423' title='bbox 1660 522 1695 561; x_wconf 83' lang='grc' dir='ltr'><strong>δὲ</strong></span> <span class='ocrx_word' id='word_1_424' title='bbox 1722 523 1892 562; x_wconf 82' lang='grc' dir='ltr'>Σιδωνίου</span> <span class='ocrx_word' id='word_1_425' title='bbox 1913 523 1996 562; x_wconf 84' lang='grc' dir='ltr'>ποτὲ</span> <span class='ocrx_word' id='word_1_426' title='bbox 2020 526 2183 576; x_wconf 70' lang='grc' dir='ltr'>σοφιστοῦ</span> <span class='ocrx_word' id='word_1_427' title='bbox 2213 522 2398 572; x_wconf 75' lang='grc' dir='ltr'>Ἀθήνησιν</span> <span class='ocrx_word' id='word_1_428' title='bbox 2423 524 2481 564; x_wconf 65' lang='grc' dir='ltr'>εὖ·</span> 
     </span>
     <span class='ocr_line' id='line_1_60' title="bbox 1438 580 2480 635; baseline 0.004 -16"><span class='ocrx_word' id='word_1_429' title='bbox 1438 580 1659 631; x_wconf 82' lang='grc' dir='ltr'>δοκιμοῦντος</span> <span class='ocrx_word' id='word_1_430' title='bbox 1691 583 1751 621; x_wconf 86' lang='grc' dir='ltr'><strong>καὶ</strong></span> <span class='ocrx_word' id='word_1_431' title='bbox 1786 582 1945 634; x_wconf 78' lang='grc' dir='ltr'>λέγοντος</span> <span class='ocrx_word' id='word_1_432' title='bbox 1977 581 2064 635; x_wconf 78' lang='grc' dir='ltr'>ὑπὲρ</span> <span class='ocrx_word' id='word_1_433' title='bbox 2097 584 2204 621; x_wconf 75' lang='grc' dir='ltr'>αὑτοῦ</span> <span class='ocrx_word' id='word_1_434' title='bbox 2239 580 2383 622; x_wconf 77' lang='grc' dir='ltr'>ἔπαινόν</span> <span class='ocrx_word' id='word_1_435' title='bbox 2401 599 2480 623; x_wconf 82' lang='grc' dir='ltr'>τινα</span> 
     </span>
     <span class='ocr_line' id='line_1_61' title="bbox 1436 639 2484 694; baseline 0.004 -17"><span class='ocrx_word' id='word_1_436' title='bbox 1436 644 1611 691; x_wconf 79' lang='grc' dir='ltr'>τοιοῦτον,</span> <span class='ocrx_word' id='word_1_437' title='bbox 1635 640 1688 679; x_wconf 84' lang='grc' dir='ltr'><strong>ὅτι</strong></span> <span class='ocrx_word' id='word_1_438' title='bbox 1706 641 1821 690; x_wconf 78' lang='grc' dir='ltr'>πάσης</span> <span class='ocrx_word' id='word_1_439' title='bbox 1850 641 2053 694; x_wconf 82' lang='grc' dir='ltr'>φιλοσοφίας</span> <span class='ocrx_word' id='word_1_440' title='bbox 2076 639 2290 692; x_wconf 81' lang='grc' dir='ltr'>πεπείραται</span> <span class='ocrx_word' id='word_1_441' title='bbox 2318 642 2380 693; x_wconf 84' lang='grc' dir='ltr'><strong>(οὗ</strong></span> <span class='ocrx_word' id='word_1_442' title='bbox 2410 641 2484 694; x_wconf 83' lang='grc' dir='ltr'>χεῖ-</span> 
     </span>
     <span class='ocr_line' id='line_1_62' title="bbox 1439 698 2484 752; baseline 0.003 -16"><span class='ocrx_word' id='word_1_443' title='bbox 1439 714 1495 752; x_wconf 91' lang='grc' dir='ltr'><strong>ρον</strong></span> <span class='ocrx_word' id='word_1_444' title='bbox 1523 699 1559 737; x_wconf 90' lang='grc' dir='ltr'><strong>δὲ</strong></span> <span class='ocrx_word' id='word_1_445' title='bbox 1590 699 1679 738; x_wconf 77' lang='grc' dir='ltr'>αὐτὰ</span> <span class='ocrx_word' id='word_1_446' title='bbox 1720 702 1829 739; x_wconf 86' lang='grc' dir='ltr'>εἰπεῖν</span> <span class='ocrx_word' id='word_1_447' title='bbox 1853 701 1875 738; x_wconf 79' lang='grc' dir='ltr'>ἃ</span> <span class='ocrx_word' id='word_1_448' title='bbox 1900 700 2049 750; x_wconf 87' lang='grc' dir='ltr'>ἔλεγεν)·</span> <span class='ocrx_word' id='word_1_449' title='bbox 2072 698 2159 739; x_wconf 78' lang='grc' dir='ltr'><strong>Ἐὰν</strong></span> <span class='ocrx_word' id='word_1_450' title='bbox 2178 698 2420 752; x_wconf 76' lang='grc' dir='ltr'>Ἀριστοτέλης</span> <span class='ocrx_word' id='word_1_451' title='bbox 2438 714 2484 751; x_wconf 80' lang='grc' dir='ltr'><strong>με</strong></span> 
     </span>
     <span class='ocr_line' id='line_1_63' title="bbox 1437 756 2480 813; baseline 0.002 -20"><span class='ocrx_word' id='word_1_452' title='bbox 1437 757 1528 808; x_wconf 82' lang='grc' dir='ltr'>καλῇ</span> <span class='ocrx_word' id='word_1_453' title='bbox 1543 756 1600 795; x_wconf 79' lang='grc' dir='ltr'>ἐπὶ</span> <span class='ocrx_word' id='word_1_454' title='bbox 1616 757 1655 796; x_wconf 83' lang='grc' dir='ltr'><strong>τὸ</strong></span> <span class='ocrx_word' id='word_1_455' title='bbox 1670 757 1829 806; x_wconf 76' lang='grc' dir='ltr'>Λύκειον,</span> <span class='ocrx_word' id='word_1_456' title='bbox 1845 758 1986 813; x_wconf 75' lang='grc' dir='ltr'>ἕψομαι·</span> <span class='ocrx_word' id='word_1_457' title='bbox 2005 757 2046 796; x_wconf 82' lang='grc' dir='ltr'><strong>ἂν</strong></span> <span class='ocrx_word' id='word_1_458' title='bbox 2064 757 2214 796; x_wconf 76' lang='grc' dir='ltr'>Πλάτων</span> <span class='ocrx_word' id='word_1_459' title='bbox 2224 758 2282 798; x_wconf 79' lang='grc' dir='ltr'>ἐπὶ</span> <span class='ocrx_word' id='word_1_460' title='bbox 2299 758 2362 806; x_wconf 74' lang='grc' dir='ltr'><strong>τὴν</strong></span> <span class='ocrx_word' id='word_1_461' title='bbox 2375 757 2480 798; x_wconf 77' lang='grc' dir='ltr'>Ἀκα-</span> 
     </span>
     <span class='ocr_line' id='line_1_64' title="bbox 1441 815 2483 869; baseline 0.002 -16"><span class='ocrx_word' id='word_1_462' title='bbox 1441 815 1604 865; x_wconf 79' lang='grc' dir='ltr'>δήμειαν,</span> <span class='ocrx_word' id='word_1_463' title='bbox 1627 816 1808 869; x_wconf 72' lang='grc' dir='ltr'>ἀφίξομαι</span> <span class='ocrx_word' id='word_1_464' title='bbox 1828 817 1871 856; x_wconf 80' lang='grc' dir='ltr'><strong>ἂν</strong></span> <span class='ocrx_word' id='word_1_465' title='bbox 1891 817 2036 865; x_wconf 84' lang='grc' dir='ltr'>Ζήνων,</span> <span class='ocrx_word' id='word_1_466' title='bbox 2069 816 2126 855; x_wconf 73' lang='grc' dir='ltr'>ἐπὶ</span> <span class='ocrx_word' id='word_1_467' title='bbox 2155 819 2197 869; x_wconf 84' lang='grc' dir='ltr'><strong>τῇ</strong></span> <span class='ocrx_word' id='word_1_468' title='bbox 2223 817 2374 869; x_wconf 81' lang='grc' dir='ltr'>Ποικίλῃ</span> <span class='ocrx_word' id='word_1_469' title='bbox 2407 817 2483 855; x_wconf 78' lang='grc' dir='ltr'>δια-</span> 
     </span>
     <span class='ocr_line' id='line_1_65' title="bbox 1435 873 2481 942; baseline 0.004 -30"><span class='ocrx_word' id='word_1_470' title='bbox 1435 874 1561 942; x_wconf 78' lang='grc' dir='ltr'>τρίψω·</span> <span class='ocrx_word' id='word_1_471' title='bbox 1588 873 1628 912; x_wconf 80' lang='grc' dir='ltr'><strong>ἂν</strong></span> <span class='ocrx_word' id='word_1_472' title='bbox 1664 876 1871 929; x_wconf 81' lang='grc' dir='ltr'>Πυθαγόρας</span> <span class='ocrx_word' id='word_1_473' title='bbox 1901 878 1993 928; x_wconf 80' lang='grc' dir='ltr'>καλῃ</span> <span class='ocrx_word' id='word_1_474' title='bbox 2008 907 2018 925; x_wconf 90' lang='grc'>,</span> <span class='ocrx_word' id='word_1_475' title='bbox 2051 875 2290 927; x_wconf 83' lang='grc' dir='ltr'>σιωπήσομαι.</span> <span class='ocrx_word' id='word_1_476' title='bbox 2313 875 2481 922; x_wconf 83' lang='grc' dir='ltr'>Ἀναστὰς</span> 
     </span>
     <span class='ocr_line' id='line_1_66' title="bbox 1437 928 2483 989; baseline 0.002 -17"><span class='ocrx_word' id='word_1_477' title='bbox 1437 937 1495 972; x_wconf 78' lang='grc' dir='ltr'><strong>οὖν</strong></span> <span class='ocrx_word' id='word_1_478' title='bbox 1527 936 1565 973; x_wconf 84' lang='grc' dir='ltr'>ἐκ</span> <span class='ocrx_word' id='word_1_479' title='bbox 1587 933 1703 985; x_wconf 79' lang='grc' dir='ltr'>μέσων</span> <span class='ocrx_word' id='word_1_480' title='bbox 1729 938 1797 973; x_wconf 81' lang='grc' dir='ltr'><strong>τῶν</strong></span> <span class='ocrx_word' id='word_1_481' title='bbox 1818 935 2062 988; x_wconf 80' lang='grc' dir='ltr'>ἀκροωμένων,</span> <span class='ocrx_word' id='word_1_482' title='bbox 2083 928 2208 984; x_wconf 64' lang='grc' dir='ltr'>Οὗτος,</span> <span class='ocrx_word' id='word_1_483' title='bbox 2240 937 2305 988; x_wconf 82' lang='grc' dir='ltr'><strong>ἔφη</strong></span> <span class='ocrx_word' id='word_1_484' title='bbox 2337 951 2483 989; x_wconf 81' lang='grc' dir='ltr'>προσει-</span> 
     </span>
     <span class='ocr_line' id='line_1_67' title="bbox 1437 991 2138 1046; baseline -0.003 -14"><span class='ocrx_word' id='word_1_485' title='bbox 1437 991 1512 1032; x_wconf 89' lang='grc' dir='ltr'><strong>πὼν</strong></span> <span class='ocrx_word' id='word_1_486' title='bbox 1529 992 1569 1031; x_wconf 76' lang='grc' dir='ltr'><strong>τὸ</strong></span> <span class='ocrx_word' id='word_1_487' title='bbox 1593 993 1725 1043; x_wconf 84' lang='grc' dir='ltr'>ὄνομα,</span> <span class='ocrx_word' id='word_1_488' title='bbox 1744 995 1846 1032; x_wconf 84' lang='grc' dir='ltr'>καλεῖ</span> <span class='ocrx_word' id='word_1_489' title='bbox 1859 1010 1897 1032; x_wconf 89' lang='grc' dir='ltr'><strong>σε</strong></span> <span class='ocrx_word' id='word_1_490' title='bbox 1919 992 2138 1046; x_wconf 83' lang='grc' dir='ltr'>Πυθαγόρας.</span> 
     </span>
    </p>

    <p class='ocr_par' dir='ltr' id='par_1_21' title="bbox 1493 1052 2200 1105">
     <span class='ocr_line' id='line_1_68' title="bbox 1493 1052 2200 1105; baseline -0.001 -15"><span class='ocrx_word' id='word_1_491' title='bbox 1493 1052 1710 1104; x_wconf 86' lang='lat' dir='ltr'><strong>(Lucianus</strong></span> <span class='ocrx_word' id='word_1_492' title='bbox 1729 1053 1801 1093; x_wconf 90' lang='lat' dir='ltr'><strong>vit.</strong></span> <span class='ocrx_word' id='word_1_493' title='bbox 1824 1054 2046 1091; x_wconf 89' lang='lat' dir='ltr'><strong>Demonact.</strong></span> <span class='ocrx_word' id='word_1_494' title='bbox 2068 1066 2100 1090; x_wconf 92' lang='lat' dir='ltr'><strong>c.</strong></span> <span class='ocrx_word' id='word_1_495' title='bbox 2122 1052 2200 1105; x_wconf 76' lang='lat'><strong>14.)</strong></span> 
     </span>
    </p>

    <p class='ocr_par' dir='ltr' id='par_1_22' title="bbox 1437 1110 2486 1577">
     <span class='ocr_line' id='line_1_69' title="bbox 1492 1110 2482 1166; baseline 0.003 -17"><span class='ocrx_word' id='word_1_496' title='bbox 1492 1124 1541 1150; x_wconf 65' lang='grc' dir='ltr'><strong>πυ.</strong></span> <span class='ocrx_word' id='word_1_497' title='bbox 1566 1111 1728 1154; x_wconf 88' lang='grc' dir='ltr'>Πύθωνος</span> <span class='ocrx_word' id='word_1_498' title='bbox 1745 1112 1782 1151; x_wconf 87' lang='grc' dir='ltr'><strong>δέ</strong></span> <span class='ocrx_word' id='word_1_499' title='bbox 1801 1127 1890 1156; x_wconf 87' lang='grc' dir='ltr'>τινος</span> <span class='ocrx_word' id='word_1_500' title='bbox 1910 1114 1977 1150; x_wconf 85' lang='grc' dir='ltr'><strong>τῶν</strong></span> <span class='ocrx_word' id='word_1_501' title='bbox 1995 1114 2028 1150; x_wconf 81' lang='grc' dir='ltr'><strong>ἐν</strong></span> <span class='ocrx_word' id='word_1_502' title='bbox 2052 1110 2253 1164; x_wconf 77' lang='grc' dir='ltr'>Μακεδονίᾳ</span> <span class='ocrx_word' id='word_1_503' title='bbox 2276 1112 2482 1166; x_wconf 75' lang='grc' dir='ltr'>εὐπαρύφων</span> 
     </span>
     <span class='ocr_line' id='line_1_70' title="bbox 1437 1169 2479 1243; baseline 0.003 -36"><span class='ocrx_word' id='word_1_504' title='bbox 1437 1169 1616 1208; x_wconf 87' lang='grc' dir='ltr'>νεανίσκου</span> <span class='ocrx_word' id='word_1_505' title='bbox 1638 1169 1767 1243; x_wconf 82' lang='grc' dir='ltr'>ὡραίου</span> <span class='ocrx_word' id='word_1_506' title='bbox 1787 1171 2057 1223; x_wconf 71' lang='grc' dir='ltr'>ἐρεσχηλοῦντος</span> <span class='ocrx_word' id='word_1_507' title='bbox 2075 1169 2176 1207; x_wconf 82' lang='grc' dir='ltr'>αὐτὸν</span> <span class='ocrx_word' id='word_1_508' title='bbox 2192 1169 2254 1208; x_wconf 84' lang='grc' dir='ltr'><strong>καὶ</strong></span> <span class='ocrx_word' id='word_1_509' title='bbox 2277 1172 2479 1223; x_wconf 81' lang='grc' dir='ltr'>προτείνον-</span> 
     </span>
     <span class='ocr_line' id='line_1_71' title="bbox 1437 1227 2483 1282; baseline 0.004 -16"><span class='ocrx_word' id='word_1_510' title='bbox 1437 1244 1493 1262; x_wconf 66' lang='grc' dir='ltr'><strong>το</strong></span> <span class='ocrx_word' id='word_1_511' title='bbox 1513 1227 1679 1283; x_wconf 68' lang='grc' dir='ltr'>ἐρώτημά</span> <span class='ocrx_word' id='word_1_512' title='bbox 1699 1246 1733 1268; x_wconf 90' lang='grc' dir='ltr'><strong>τι</strong></span> <span class='ocrx_word' id='word_1_513' title='bbox 1766 1246 1963 1282; x_wconf 84' lang='grc' dir='ltr'>σοφιστικον</span> <span class='ocrx_word' id='word_1_514' title='bbox 1991 1228 2051 1267; x_wconf 79' lang='grc' dir='ltr'><strong>καὶ</strong></span> <span class='ocrx_word' id='word_1_515' title='bbox 2078 1228 2274 1274; x_wconf 83' lang='grc' dir='ltr'>κελεύοντος</span> <span class='ocrx_word' id='word_1_516' title='bbox 2294 1231 2402 1269; x_wconf 82' lang='grc' dir='ltr'>εἰπεῖν</span> <span class='ocrx_word' id='word_1_517' title='bbox 2422 1234 2483 1270; x_wconf 73' lang='grc' dir='ltr'><strong>τοῦ</strong></span> 
     </span>
     <span class='ocr_line' id='line_1_72' title="bbox 1438 1281 2484 1339; baseline 0.002 -13"><span class='ocrx_word' id='word_1_518' title='bbox 1438 1288 1673 1339; x_wconf 80' lang='grc' dir='ltr'>συλλογισμοῦ</span> <span class='ocrx_word' id='word_1_519' title='bbox 1694 1288 1756 1336; x_wconf 87' lang='grc' dir='ltr'><strong>τὴν</strong></span> <span class='ocrx_word' id='word_1_520' title='bbox 1777 1288 1876 1327; x_wconf 84' lang='grc' dir='ltr'>λύσιν</span> <span class='ocrx_word' id='word_1_521' title='bbox 1889 1319 1899 1339; x_wconf 85' lang='grc'>,</span> <span class='ocrx_word' id='word_1_522' title='bbox 1920 1286 2002 1334; x_wconf 78' lang='lat' dir='ltr'><strong>‘&#39;Ev,</strong></span> <span class='ocrx_word' id='word_1_523' title='bbox 2036 1286 2123 1339; x_wconf 87' lang='grc' dir='ltr'>ἔφη,</span> <span class='ocrx_word' id='word_1_524' title='bbox 2157 1281 2251 1335; x_wconf 72' lang='grc' dir='ltr'>οἶδα,</span> <span class='ocrx_word' id='word_1_525' title='bbox 2269 1287 2411 1337; x_wconf 82' lang='grc' dir='ltr'>τέκνον,</span> <span class='ocrx_word' id='word_1_526' title='bbox 2430 1289 2484 1328; x_wconf 77' lang='grc' dir='ltr'><strong>ὅτι</strong></span> 
     </span>
     <span class='ocr_line' id='line_1_73' title="bbox 1439 1345 2486 1399; baseline 0.001 -15"><span class='ocrx_word' id='word_1_527' title='bbox 1439 1347 1608 1399; x_wconf 84' lang='grc' dir='ltr'>περαίνει.</span> <span class='ocrx_word' id='word_1_528' title='bbox 1630 1347 1952 1397; x_wconf 72' lang='grc' dir='ltr'>Ἀγανακτήσαντος</span> <span class='ocrx_word' id='word_1_529' title='bbox 1979 1346 2015 1385; x_wconf 84' lang='grc' dir='ltr'><strong>δὲ</strong></span> <span class='ocrx_word' id='word_1_530' title='bbox 2033 1345 2199 1384; x_wconf 85' lang='grc' dir='ltr'>ἐκείνου</span> <span class='ocrx_word' id='word_1_531' title='bbox 2184 1361 2242 1384; x_wconf 81' lang='grc' dir='ltr'><strong>επι</strong></span> <span class='ocrx_word' id='word_1_532' title='bbox 2259 1349 2310 1399; x_wconf 83' lang='grc' dir='ltr'><strong>τῷ</strong></span> <span class='ocrx_word' id='word_1_533' title='bbox 2329 1350 2391 1395; x_wconf 82' lang='grc' dir='ltr'><strong>τῆς</strong></span> <span class='ocrx_word' id='word_1_534' title='bbox 2412 1350 2486 1398; x_wconf 81' lang='grc' dir='ltr'>ἀμ-</span> 
     </span>
     <span class='ocr_line' id='line_1_74' title="bbox 1439 1386 2484 1458; baseline 0.003 -14"><span class='ocrx_word' id='word_1_535' title='bbox 1439 1405 1599 1458; x_wconf 75' lang='grc' dir='ltr'>φιὸολίας</span> <span class='ocrx_word' id='word_1_536' title='bbox 1617 1406 1808 1458; x_wconf 80' lang='grc' dir='ltr'>σκώμματι</span> <span class='ocrx_word' id='word_1_537' title='bbox 1830 1406 1890 1446; x_wconf 86' lang='grc' dir='ltr'><strong>καὶ</strong></span> <span class='ocrx_word' id='word_1_538' title='bbox 1913 1403 2253 1454; x_wconf 83' lang='grc' dir='ltr'>συναπειλήσαντος,</span> <span class='ocrx_word' id='word_1_539' title='bbox 2272 1386 2409 1446; x_wconf 55' lang='lat' dir='ltr'><strong>Aeriam</strong></span> <span class='ocrx_word' id='word_1_540' title='bbox 2429 1423 2484 1447; x_wconf 89' lang='grc' dir='ltr'><strong>σοι</strong></span> 
     </span>
     <span class='ocr_line' id='line_1_75' title="bbox 1438 1463 2482 1517; baseline 0.004 -15"><span class='ocrx_word' id='word_1_541' title='bbox 1438 1464 1534 1514; x_wconf 75' lang='grc' dir='ltr'>μάλα</span> <span class='ocrx_word' id='word_1_542' title='bbox 1554 1466 1610 1503; x_wconf 73' lang='grc' dir='ltr'><strong>τὸν</strong></span> <span class='ocrx_word' id='word_1_543' title='bbox 1633 1465 1739 1517; x_wconf 79' lang='grc' dir='ltr'>ἄνδρα</span> <span class='ocrx_word' id='word_1_544' title='bbox 1757 1466 1868 1514; x_wconf 82' lang='grc' dir='ltr'>δείξω,</span> <span class='ocrx_word' id='word_1_545' title='bbox 1885 1468 1903 1504; x_wconf 83' lang='grc' dir='ltr'>ὁ</span> <span class='ocrx_word' id='word_1_546' title='bbox 1926 1465 1962 1504; x_wconf 83' lang='grc' dir='ltr'><strong>δὲ</strong></span> <span class='ocrx_word' id='word_1_547' title='bbox 1982 1463 2043 1502; x_wconf 78' lang='grc' dir='ltr'><strong>σὺν</strong></span> <span class='ocrx_word' id='word_1_548' title='bbox 2057 1464 2186 1515; x_wconf 82' lang='grc' dir='ltr'>γέλωτι</span> <span class='ocrx_word' id='word_1_549' title='bbox 2204 1463 2391 1517; x_wconf 84' lang='grc' dir='ltr'>ἠρώτησε,</span> <span class='ocrx_word' id='word_1_550' title='bbox 2409 1466 2482 1506; x_wconf 82' lang='grc' dir='ltr'><strong>Καὶ</strong></span> 
     </span>
     <span class='ocr_line' id='line_1_76' title="bbox 1440 1523 1772 1577; baseline 0.006 -17"><span class='ocrx_word' id='word_1_551' title='bbox 1440 1523 1506 1576; x_wconf 87' lang='grc' dir='ltr'><strong>γὰρ</strong></span> <span class='ocrx_word' id='word_1_552' title='bbox 1527 1523 1635 1577; x_wconf 83' lang='grc' dir='ltr'>ἄνδρα</span> <span class='ocrx_word' id='word_1_553' title='bbox 1655 1523 1772 1576; x_wconf 78' lang='grc' dir='ltr'>ἔχειςς</span> 
     </span>
    </p>

    <p class='ocr_par' dir='ltr' id='par_1_23' title="bbox 1491 1581 2202 1634">
     <span class='ocr_line' id='line_1_77' title="bbox 1491 1581 2202 1634; baseline 0.001 -15"><span class='ocrx_word' id='word_1_554' title='bbox 1491 1582 1704 1634; x_wconf 89' lang='lat' dir='ltr'><strong>(Lucianus</strong></span> <span class='ocrx_word' id='word_1_555' title='bbox 1726 1584 1795 1624; x_wconf 86' lang='lat' dir='ltr'><strong>vit.</strong></span> <span class='ocrx_word' id='word_1_556' title='bbox 1815 1584 2037 1622; x_wconf 87' lang='lat' dir='ltr'><strong>Demonact.</strong></span> <span class='ocrx_word' id='word_1_557' title='bbox 2059 1596 2091 1621; x_wconf 89' lang='lat' dir='ltr'><strong>e.</strong></span> <span class='ocrx_word' id='word_1_558' title='bbox 2119 1581 2202 1629; x_wconf 82' lang='lat'>15.)</span> 
     </span>
    </p>

    <p class='ocr_par' dir='ltr' id='par_1_24' title="bbox 1437 1641 2487 2047">
     <span class='ocr_line' id='line_1_78' title="bbox 1492 1641 2481 1696; baseline 0.004 -17"><span class='ocrx_word' id='word_1_559' title='bbox 1492 1655 1540 1681; x_wconf 86' lang='lat'><strong>21.</strong></span> <span class='ocrx_word' id='word_1_560' title='bbox 1563 1641 1666 1680; x_wconf 80' lang='grc' dir='ltr'>Ἐπεὶ</span> <span class='ocrx_word' id='word_1_561' title='bbox 1686 1642 1724 1680; x_wconf 84' lang='grc' dir='ltr'><strong>δέ</strong></span> <span class='ocrx_word' id='word_1_562' title='bbox 1739 1658 1788 1685; x_wconf 87' lang='grc' dir='ltr'><strong>τις</strong></span> <span class='ocrx_word' id='word_1_563' title='bbox 1805 1641 1957 1689; x_wconf 81' lang='grc' dir='ltr'>ἀθλητὴς</span> <span class='ocrx_word' id='word_1_564' title='bbox 1978 1641 2251 1694; x_wconf 84' lang='grc' dir='ltr'>καταγελασθεὶς</span> <span class='ocrx_word' id='word_1_565' title='bbox 2275 1642 2335 1682; x_wconf 79' lang='grc' dir='ltr'>ὑπ’</span> <span class='ocrx_word' id='word_1_566' title='bbox 2351 1645 2481 1696; x_wconf 79' lang='grc' dir='ltr'>αὐτου,</span> 
     </span>
     <span class='ocr_line' id='line_1_79' title="bbox 1438 1697 2484 1753; baseline 0.003 -16"><span class='ocrx_word' id='word_1_567' title='bbox 1438 1697 1492 1737; x_wconf 76' lang='grc' dir='ltr'><strong>ὅτι</strong></span> <span class='ocrx_word' id='word_1_568' title='bbox 1512 1701 1639 1746; x_wconf 81' lang='grc' dir='ltr'>ἐσθῆτα</span> <span class='ocrx_word' id='word_1_569' title='bbox 1656 1699 1754 1753; x_wconf 75' lang='grc' dir='ltr'>ὤφθη</span> <span class='ocrx_word' id='word_1_570' title='bbox 1776 1702 1911 1747; x_wconf 79' lang='grc' dir='ltr'>ἀνθινὴν</span> <span class='ocrx_word' id='word_1_571' title='bbox 1933 1697 2180 1751; x_wconf 71' lang='grc' dir='ltr'>ἀμπεχόμενος</span> <span class='ocrx_word' id='word_1_572' title='bbox 2207 1699 2484 1752; x_wconf 85' lang='grc' dir='ltr'>Ὀλυμπιονίκης</span> 
     </span>
     <span class='ocr_line' id='line_1_80' title="bbox 1438 1755 2483 1813; baseline 0.003 -18"><span class='ocrx_word' id='word_1_573' title='bbox 1438 1755 1504 1806; x_wconf 85' lang='grc' dir='ltr'><strong>ὤν,</strong></span> <span class='ocrx_word' id='word_1_574' title='bbox 1522 1757 1668 1803; x_wconf 82' lang='grc' dir='ltr'>ἐπαταξε</span> <span class='ocrx_word' id='word_1_575' title='bbox 1671 1774 1688 1795; x_wconf 95' lang='grc' dir='ltr'>ν</span> <span class='ocrx_word' id='word_1_576' title='bbox 1713 1758 1816 1797; x_wconf 78' lang='grc' dir='ltr'>αὐτὸν</span> <span class='ocrx_word' id='word_1_577' title='bbox 1848 1760 1895 1803; x_wconf 83' lang='grc' dir='ltr'><strong>εἷς</strong></span> <span class='ocrx_word' id='word_1_578' title='bbox 1925 1757 1988 1804; x_wconf 80' lang='grc' dir='ltr'><strong>τὴν</strong></span> <span class='ocrx_word' id='word_1_579' title='bbox 2018 1755 2173 1808; x_wconf 68' lang='grc' dir='ltr'>κεφαλὴν</span> <span class='ocrx_word' id='word_1_580' title='bbox 2201 1758 2287 1813; x_wconf 79' lang='grc' dir='ltr'>λίθῳ</span> <span class='ocrx_word' id='word_1_581' title='bbox 2312 1775 2373 1798; x_wconf 85' lang='grc' dir='ltr'><strong>και</strong></span> <span class='ocrx_word' id='word_1_582' title='bbox 2393 1763 2483 1811; x_wconf 81' lang='grc' dir='ltr'>αἷμα</span> 
     </span>
     <span class='ocr_line' id='line_1_81' title="bbox 1439 1814 2484 1870; baseline 0.006 -18"><span class='ocrx_word' id='word_1_583' title='bbox 1439 1814 1564 1868; x_wconf 77' lang='grc' dir='ltr'>ε’ῤῥύη,</span> <span class='ocrx_word' id='word_1_584' title='bbox 1583 1818 1614 1854; x_wconf 80' lang='grc' dir='ltr'><strong>οἳ</strong></span> <span class='ocrx_word' id='word_1_585' title='bbox 1637 1816 1699 1867; x_wconf 80' lang='grc' dir='ltr'><strong>μὲν</strong></span> <span class='ocrx_word' id='word_1_586' title='bbox 1720 1817 1888 1870; x_wconf 82' lang='grc' dir='ltr'>παρόντες</span> <span class='ocrx_word' id='word_1_587' title='bbox 1908 1816 2126 1869; x_wconf 82' lang='grc' dir='ltr'>ἠγανάκτουν</span> <span class='ocrx_word' id='word_1_588' title='bbox 2149 1817 2195 1860; x_wconf 85' lang='grc' dir='ltr'><strong>ὡς</strong></span> <span class='ocrx_word' id='word_1_589' title='bbox 2219 1817 2320 1862; x_wconf 81' lang='grc' dir='ltr'>αὐτὸς</span> <span class='ocrx_word' id='word_1_590' title='bbox 2336 1818 2484 1861; x_wconf 79' lang='grc' dir='ltr'>ἕκαστος</span> 
     </span>
     <span class='ocr_line' id='line_1_82' title="bbox 1437 1872 2487 1927; baseline 0.005 -16"><span class='ocrx_word' id='word_1_591' title='bbox 1437 1875 1694 1926; x_wconf 81' lang='grc' dir='ltr'>τετυπτημένος</span> <span class='ocrx_word' id='word_1_592' title='bbox 1723 1877 1783 1914; x_wconf 80' lang='grc' dir='ltr'><strong>καὶ</strong></span> <span class='ocrx_word' id='word_1_593' title='bbox 1806 1875 1914 1915; x_wconf 71' lang='grc' dir='ltr'>ἐὸόων</span> <span class='ocrx_word' id='word_1_594' title='bbox 1946 1875 2003 1914; x_wconf 83' lang='grc' dir='ltr'>ἐπὶ</span> <span class='ocrx_word' id='word_1_595' title='bbox 2034 1872 2093 1911; x_wconf 83' lang='grc' dir='ltr'><strong>τὸν</strong></span> <span class='ocrx_word' id='word_1_596' title='bbox 2115 1873 2311 1916; x_wconf 79' lang='grc' dir='ltr'>ἀνθύπατον</span> <span class='ocrx_word' id='word_1_597' title='bbox 2331 1877 2446 1927; x_wconf 83' lang='grc' dir='ltr'>ἰέναι,</span> <span class='ocrx_word' id='word_1_598' title='bbox 2466 1878 2487 1916; x_wconf 80' lang='grc' dir='ltr'><strong><em>ὃ</em></strong></span> 
     </span>
     <span class='ocr_line' id='line_1_83' title="bbox 1442 1931 2485 1988; baseline 0.003 -17"><span class='ocrx_word' id='word_1_599' title='bbox 1442 1932 1477 1971; x_wconf 76' lang='grc' dir='ltr'><strong>δὲ</strong></span> <span class='ocrx_word' id='word_1_600' title='bbox 1505 1934 1705 1984; x_wconf 87' lang='grc' dir='ltr'>Δημῶναξ,</span> <span class='ocrx_word' id='word_1_601' title='bbox 1730 1935 1933 1986; x_wconf 83' lang='grc' dir='ltr'>Μηδαμῶς,</span> <span class='ocrx_word' id='word_1_602' title='bbox 1955 1934 2044 1987; x_wconf 85' lang='grc' dir='ltr'>ἔφη,</span> <span class='ocrx_word' id='word_1_603' title='bbox 2078 1931 2107 1976; x_wconf 77' lang='grc' dir='ltr'><em>ὦ</em></span> <span class='ocrx_word' id='word_1_604' title='bbox 2140 1933 2284 1988; x_wconf 81' lang='grc' dir='ltr'>ἄνδρες,</span> <span class='ocrx_word' id='word_1_605' title='bbox 2317 1933 2402 1988; x_wconf 82' lang='grc' dir='ltr'>πρὸς</span> <span class='ocrx_word' id='word_1_606' title='bbox 2426 1934 2485 1974; x_wconf 80' lang='grc' dir='ltr'><strong>τὸν</strong></span> 
     </span>
     <span class='ocr_line' id='line_1_84' title="bbox 1441 1992 2079 2047; baseline 0.009 -19"><span class='ocrx_word' id='word_1_607' title='bbox 1441 1992 1640 2031; x_wconf 82' lang='grc' dir='ltr'>ἀνθύπατον</span> <span class='ocrx_word' id='word_1_608' title='bbox 1654 2021 1664 2039; x_wconf 93' lang='grc'>,</span> <span class='ocrx_word' id='word_1_609' title='bbox 1686 1994 1763 2031; x_wconf 83' lang='grc' dir='ltr'>ἀλλ’</span> <span class='ocrx_word' id='word_1_610' title='bbox 1792 1993 1850 2032; x_wconf 80' lang='grc' dir='ltr'>ἐπὶ</span> <span class='ocrx_word' id='word_1_611' title='bbox 1871 1993 1928 2031; x_wconf 82' lang='grc' dir='ltr'><strong>τὸν</strong></span> <span class='ocrx_word' id='word_1_612' title='bbox 1950 1995 2079 2047; x_wconf 81' lang='grc' dir='ltr'>ἰατρόν.</span> 
     </span>
    </p>
   </div>
   <div class='ocr_carea' id='block_1_6' title="bbox 1442 2133 2488 2583">
    <p class='ocr_par' dir='ltr' id='par_1_25' title="bbox 1442 2133 2488 2583">
     <span class='ocr_line' id='line_1_85' title="bbox 1487 2133 2485 2176; baseline 0.002 -12"><span class='ocrx_word' id='word_1_613' title='bbox 1487 2135 1536 2165; x_wconf 84' lang='grc'><strong>19.</strong></span> <span class='ocrx_word' id='word_1_614' title='bbox 1555 2133 1687 2165; x_wconf 89' lang='lat' dir='ltr'><strong>Sidonio</strong></span> <span class='ocrx_word' id='word_1_615' title='bbox 1703 2133 1799 2166; x_wconf 86' lang='lat' dir='ltr'><strong>etiam</strong></span> <span class='ocrx_word' id='word_1_616' title='bbox 1817 2135 1875 2175; x_wconf 91' lang='lat' dir='ltr'><strong>qui</strong></span> <span class='ocrx_word' id='word_1_617' title='bbox 1888 2135 2032 2176; x_wconf 82' lang='lat' dir='ltr'><strong>sophista</strong></span> <span class='ocrx_word' id='word_1_618' title='bbox 2050 2135 2183 2168; x_wconf 80' lang='lat' dir='ltr'><strong>Athenis</strong></span> <span class='ocrx_word' id='word_1_619' title='bbox 2199 2135 2276 2168; x_wconf 89' lang='lat' dir='ltr'><strong>olim</strong></span> <span class='ocrx_word' id='word_1_620' title='bbox 2294 2133 2398 2168; x_wconf 84' lang='lat' dir='ltr'><strong>clarus</strong></span> <span class='ocrx_word' id='word_1_621' title='bbox 2414 2133 2485 2174; x_wconf 78' lang='lat' dir='ltr'><strong>fuit,</strong></span> 
     </span>
     <span class='ocr_line' id='line_1_86' title="bbox 1444 2190 2486 2236; baseline 0.003 -14"><span class='ocrx_word' id='word_1_622' title='bbox 1444 2190 1571 2224; x_wconf 87' lang='lat' dir='ltr'><strong>dicente</strong></span> <span class='ocrx_word' id='word_1_623' title='bbox 1593 2192 1625 2223; x_wconf 89' lang='lat' dir='ltr'><strong>in</strong></span> <span class='ocrx_word' id='word_1_624' title='bbox 1647 2201 1738 2224; x_wconf 91' lang='lat' dir='ltr'><strong>suam</strong></span> <span class='ocrx_word' id='word_1_625' title='bbox 1769 2192 1919 2234; x_wconf 86' lang='lat' dir='ltr'><strong>laudem,</strong></span> <span class='ocrx_word' id='word_1_626' title='bbox 1938 2202 1973 2226; x_wconf 86' lang='lat' dir='ltr'><strong>se</strong></span> <span class='ocrx_word' id='word_1_627' title='bbox 1999 2203 2128 2226; x_wconf 90' lang='lat' dir='ltr'><strong>omnem</strong></span> <span class='ocrx_word' id='word_1_628' title='bbox 2156 2193 2389 2236; x_wconf 80' lang='lat' dir='ltr'><strong>philosophiam</strong></span> <span class='ocrx_word' id='word_1_629' title='bbox 2416 2201 2486 2225; x_wconf 80' lang='lat' dir='ltr'><strong>esse</strong></span> 
     </span>
     <span class='ocr_line' id='line_1_87' title="bbox 1443 2251 2485 2294; baseline 0.004 -13"><span class='ocrx_word' id='word_1_630' title='bbox 1443 2253 1611 2291; x_wconf 84' lang='lat' dir='ltr'><strong>expertum</strong></span> <span class='ocrx_word' id='word_1_631' title='bbox 1622 2269 1662 2274; x_wconf 88' lang='lat'><strong>—-</strong></span> <span class='ocrx_word' id='word_1_632' title='bbox 1673 2251 1814 2292; x_wconf 87' lang='lat' dir='ltr'><strong>(malum</strong></span> <span class='ocrx_word' id='word_1_633' title='bbox 1830 2255 1938 2285; x_wconf 88' lang='lat' dir='ltr'><strong>autem</strong></span> <span class='ocrx_word' id='word_1_634' title='bbox 1948 2261 2014 2285; x_wconf 91' lang='lat' dir='ltr'><strong>non</strong></span> <span class='ocrx_word' id='word_1_635' title='bbox 2026 2253 2086 2285; x_wconf 88' lang='lat' dir='ltr'><strong>erit</strong></span> <span class='ocrx_word' id='word_1_636' title='bbox 2095 2261 2132 2285; x_wconf 87' lang='lat' dir='ltr'><strong>ea</strong></span> <span class='ocrx_word' id='word_1_637' title='bbox 2146 2253 2262 2285; x_wconf 76' lang='lat' dir='ltr'><strong>referre</strong></span> <span class='ocrx_word' id='word_1_638' title='bbox 2273 2261 2344 2294; x_wconf 77' lang='lat' dir='ltr'><strong>quae</strong></span> <span class='ocrx_word' id='word_1_639' title='bbox 2357 2251 2461 2290; x_wconf 81' lang='lat' dir='ltr'><strong>dixit)</strong></span> <span class='ocrx_word' id='word_1_640' title='bbox 2476 2265 2485 2285; x_wconf 73' lang='grc' dir='ltr'>ε</span> 
     </span>
     <span class='ocr_line' id='line_1_88' title="bbox 1442 2308 2487 2353; baseline 0.004 -13"><span class='ocrx_word' id='word_1_641' title='bbox 1442 2308 1474 2341; x_wconf 90' lang='lat' dir='ltr'><strong>Si</strong></span> <span class='ocrx_word' id='word_1_642' title='bbox 1496 2318 1546 2342; x_wconf 90' lang='lat' dir='ltr'><strong>me</strong></span> <span class='ocrx_word' id='word_1_643' title='bbox 1563 2310 1595 2341; x_wconf 90' lang='lat' dir='ltr'><strong>in</strong></span> <span class='ocrx_word' id='word_1_644' title='bbox 1613 2312 1751 2351; x_wconf 85' lang='lat' dir='ltr'><strong>Lyceum</strong></span> <span class='ocrx_word' id='word_1_645' title='bbox 1763 2311 1886 2344; x_wconf 85' lang='lat' dir='ltr'><strong>vocarit</strong></span> <span class='ocrx_word' id='word_1_646' title='bbox 1895 2311 2093 2353; x_wconf 79' lang='lat' dir='ltr'><strong>Aristoteles,</strong></span> <span class='ocrx_word' id='word_1_647' title='bbox 2111 2321 2226 2353; x_wconf 86' lang='lat' dir='ltr'><strong>sequar</strong></span> <span class='ocrx_word' id='word_1_648' title='bbox 2245 2321 2254 2343; x_wconf 76' lang='grc' dir='ltr'>τ</span> <span class='ocrx_word' id='word_1_649' title='bbox 2269 2311 2297 2344; x_wconf 86' lang='lat' dir='ltr'><strong>si</strong></span> <span class='ocrx_word' id='word_1_650' title='bbox 2314 2311 2347 2343; x_wconf 88' lang='lat' dir='ltr'><strong>in</strong></span> <span class='ocrx_word' id='word_1_651' title='bbox 2364 2311 2487 2344; x_wconf 82' lang='lat' dir='ltr'><strong>Acade-</strong></span> 
     </span>
     <span class='ocr_line' id='line_1_89' title="bbox 1444 2367 2485 2410; baseline 0.003 -12"><span class='ocrx_word' id='word_1_652' title='bbox 1444 2367 1541 2398; x_wconf 88' lang='lat' dir='ltr'><strong>miam</strong></span> <span class='ocrx_word' id='word_1_653' title='bbox 1567 2367 1676 2407; x_wconf 84' lang='lat' dir='ltr'><strong>Plato,</strong></span> <span class='ocrx_word' id='word_1_654' title='bbox 1694 2367 1821 2401; x_wconf 83' lang='lat' dir='ltr'><strong>veniam</strong></span> <span class='ocrx_word' id='word_1_655' title='bbox 1841 2378 1850 2397; x_wconf 77' lang='lat' dir='ltr'><strong>t</strong></span> <span class='ocrx_word' id='word_1_656' title='bbox 1875 2369 1903 2401; x_wconf 88' lang='lat' dir='ltr'><strong>si</strong></span> <span class='ocrx_word' id='word_1_657' title='bbox 1921 2371 2031 2410; x_wconf 86' lang='lat' dir='ltr'><strong>Zeno,</strong></span> <span class='ocrx_word' id='word_1_658' title='bbox 2050 2370 2084 2402; x_wconf 88' lang='lat' dir='ltr'><strong>in</strong></span> <span class='ocrx_word' id='word_1_659' title='bbox 2103 2370 2219 2403; x_wconf 83' lang='lat' dir='ltr'><strong>Poecile</strong></span> <span class='ocrx_word' id='word_1_660' title='bbox 2235 2369 2485 2402; x_wconf 82' lang='lat' dir='ltr'><strong>commorabor:</strong></span> 
     </span>
     <span class='ocr_line' id='line_1_90' title="bbox 1443 2425 2484 2469; baseline 0.002 -12"><span class='ocrx_word' id='word_1_661' title='bbox 1443 2425 1468 2457; x_wconf 87' lang='lat' dir='ltr'><strong>si</strong></span> <span class='ocrx_word' id='word_1_662' title='bbox 1486 2426 1682 2467; x_wconf 83' lang='lat' dir='ltr'><strong>Pythagoras</strong></span> <span class='ocrx_word' id='word_1_663' title='bbox 1697 2427 1838 2468; x_wconf 81' lang='lat' dir='ltr'><strong>vocarit,</strong></span> <span class='ocrx_word' id='word_1_664' title='bbox 1857 2427 1981 2460; x_wconf 86' lang='lat' dir='ltr'><strong>tacebo.</strong></span> <span class='ocrx_word' id='word_1_665' title='bbox 2004 2428 2143 2469; x_wconf 85' lang='lat' dir='ltr'><strong>surgens</strong></span> <span class='ocrx_word' id='word_1_666' title='bbox 2160 2427 2257 2469; x_wconf 85' lang='lat' dir='ltr'><strong>igitur</strong></span> <span class='ocrx_word' id='word_1_667' title='bbox 2273 2436 2292 2460; x_wconf 87' lang='lat' dir='ltr'><strong>e</strong></span> <span class='ocrx_word' id='word_1_668' title='bbox 2308 2425 2415 2460; x_wconf 80' lang='lat' dir='ltr'><strong>medio</strong></span> <span class='ocrx_word' id='word_1_669' title='bbox 2427 2435 2484 2460; x_wconf 90' lang='lat' dir='ltr'><strong>au-</strong></span> 
     </span>
     <span class='ocr_line' id='line_1_91' title="bbox 1444 2482 2488 2527; baseline 0.006 -14"><span class='ocrx_word' id='word_1_670' title='bbox 1444 2482 1597 2523; x_wconf 88' lang='lat' dir='ltr'><strong>ditorum,</strong></span> <span class='ocrx_word' id='word_1_671' title='bbox 1619 2485 1704 2516; x_wconf 86' lang='lat' dir='ltr'><strong>Heus</strong></span> <span class='ocrx_word' id='word_1_672' title='bbox 1721 2485 1776 2525; x_wconf 74' lang='lat' dir='ltr'><strong>tu,</strong></span> <span class='ocrx_word' id='word_1_673' title='bbox 1794 2484 1917 2526; x_wconf 85' lang='lat' dir='ltr'><strong>inquit,</strong></span> <span class='ocrx_word' id='word_1_674' title='bbox 1937 2485 2066 2518; x_wconf 89' lang='lat' dir='ltr'><strong>nomine</strong></span> <span class='ocrx_word' id='word_1_675' title='bbox 2080 2493 2154 2518; x_wconf 89' lang='lat' dir='ltr'><strong>eum</strong></span> <span class='ocrx_word' id='word_1_676' title='bbox 2167 2485 2373 2527; x_wconf 82' lang='lat' dir='ltr'><strong>compellans,</strong></span> <span class='ocrx_word' id='word_1_677' title='bbox 2395 2487 2488 2519; x_wconf 66' lang='lat' dir='ltr'><strong>vocat</strong></span> 
     </span>
     <span class='ocr_line' id='line_1_92' title="bbox 1446 2541 1704 2583; baseline 0.004 -10"><span class='ocrx_word' id='word_1_678' title='bbox 1446 2545 1475 2573; x_wconf 88' lang='lat' dir='ltr'><strong>te</strong></span> <span class='ocrx_word' id='word_1_679' title='bbox 1498 2541 1704 2583; x_wconf 84' lang='lat' dir='ltr'><strong>Pythagoras.</strong></span> 
     </span>
    </p>
   </div>
   <div class='ocr_carea' id='block_1_7' title="bbox 1446 2654 2489 3048">
    <p class='ocr_par' dir='ltr' id='par_1_26' title="bbox 1446 2654 2489 3048">
     <span class='ocr_line' id='line_1_93' title="bbox 1487 2654 2486 2696; baseline 0.001 -10"><span class='ocrx_word' id='word_1_680' title='bbox 1487 2658 1539 2686; x_wconf 89' lang='lat'><strong>20.</strong></span> <span class='ocrx_word' id='word_1_681' title='bbox 1558 2655 1715 2687; x_wconf 84' lang='lat' dir='ltr'><strong>Praeterea</strong></span> <span class='ocrx_word' id='word_1_682' title='bbox 1734 2654 1880 2695; x_wconf 87' lang='lat' dir='ltr'><strong>Pythone</strong></span> <span class='ocrx_word' id='word_1_683' title='bbox 1896 2655 2034 2696; x_wconf 85' lang='lat' dir='ltr'><strong>quodam</strong></span> <span class='ocrx_word' id='word_1_684' title='bbox 2055 2664 2096 2688; x_wconf 89' lang='lat' dir='ltr'><strong>ex</strong></span> <span class='ocrx_word' id='word_1_685' title='bbox 2119 2654 2317 2695; x_wconf 75' lang='lat' dir='ltr'><strong>praetextatis</strong></span> <span class='ocrx_word' id='word_1_686' title='bbox 2334 2654 2486 2688; x_wconf 84' lang='lat' dir='ltr'><strong>Macedo·</strong></span> 
     </span>
     <span class='ocr_line' id='line_1_94' title="bbox 1446 2712 2487 2754; baseline 0.001 -10"><span class='ocrx_word' id='word_1_687' title='bbox 1446 2712 1687 2753; x_wconf 78' lang='lat' dir='ltr'><strong>nibus,1uvene</strong></span> <span class='ocrx_word' id='word_1_688' title='bbox 1710 2713 1851 2745; x_wconf 76' lang='lat' dir='ltr'><strong>formoso</strong></span> <span class='ocrx_word' id='word_1_689' title='bbox 1869 2722 1942 2746; x_wconf 88' lang='lat' dir='ltr'><strong>eum</strong></span> <span class='ocrx_word' id='word_1_690' title='bbox 1962 2713 2132 2746; x_wconf 86' lang='lat' dir='ltr'><strong>cavillante</strong></span> <span class='ocrx_word' id='word_1_691' title='bbox 2153 2715 2186 2745; x_wconf 88' lang='lat' dir='ltr'><strong>et</strong></span> <span class='ocrx_word' id='word_1_692' title='bbox 2207 2713 2419 2754; x_wconf 80' lang='lat' dir='ltr'><strong>quaestionem</strong></span> <span class='ocrx_word' id='word_1_693' title='bbox 2433 2722 2487 2745; x_wconf 90' lang='lat' dir='ltr'><strong>so-</strong></span> 
     </span>
     <span class='ocr_line' id='line_1_95' title="bbox 1446 2761 2489 2814; baseline 0 -11"><span class='ocrx_word' id='word_1_694' title='bbox 1446 2772 1615 2812; x_wconf 83' lang='lat' dir='ltr'><strong>phisticam</strong></span> <span class='ocrx_word' id='word_1_695' title='bbox 1641 2774 1839 2814; x_wconf 86' lang='lat' dir='ltr'><strong>proponente</strong></span> <span class='ocrx_word' id='word_1_696' title='bbox 1854 2781 1892 2805; x_wconf 91' lang='lat' dir='ltr'><strong>ac</strong></span> <span class='ocrx_word' id='word_1_697' title='bbox 1910 2772 2083 2813; x_wconf 87' lang='lat' dir='ltr'><strong>syllogismi</strong></span> <span class='ocrx_word' id='word_1_698' title='bbox 2107 2761 2306 2804; x_wconf 61' lang='lat' dir='ltr'><strong>solutionem&gt;</strong></span> <span class='ocrx_word' id='word_1_699' title='bbox 2317 2771 2424 2805; x_wconf 81' lang='lat' dir='ltr'><strong>dicere</strong></span> <span class='ocrx_word' id='word_1_700' title='bbox 2435 2773 2489 2812; x_wconf 85' lang='lat' dir='ltr'><strong>ju-</strong></span> 
     </span>
     <span class='ocr_line' id='line_1_96' title="bbox 1447 2829 2488 2871; baseline 0.001 -9"><span class='ocrx_word' id='word_1_701' title='bbox 1447 2830 1559 2869; x_wconf 86' lang='lat' dir='ltr'><strong>bente,</strong></span> <span class='ocrx_word' id='word_1_702' title='bbox 1573 2832 1699 2871; x_wconf 90' lang='lat' dir='ltr'><strong>Unum,</strong></span> <span class='ocrx_word' id='word_1_703' title='bbox 1712 2830 1836 2871; x_wconf 89' lang='lat' dir='ltr'><strong>inquit,</strong></span> <span class='ocrx_word' id='word_1_704' title='bbox 1858 2831 1941 2870; x_wconf 88' lang='lat' dir='ltr'><strong>scio,</strong></span> <span class='ocrx_word' id='word_1_705' title='bbox 1958 2830 2003 2862; x_wconf 88' lang='lat' dir='ltr'><strong>mi</strong></span> <span class='ocrx_word' id='word_1_706' title='bbox 2021 2830 2083 2869; x_wconf 84' lang='lat' dir='ltr'><strong>tili,</strong></span> <span class='ocrx_word' id='word_1_707' title='bbox 2099 2832 2131 2862; x_wconf 92' lang='lat' dir='ltr'><strong>te</strong></span> <span class='ocrx_word' id='word_1_708' title='bbox 2148 2829 2273 2862; x_wconf 78' lang='lat' dir='ltr'><strong>confici.</strong></span> <span class='ocrx_word' id='word_1_709' title='bbox 2315 2832 2488 2871; x_wconf 82' lang='lat' dir='ltr'><strong>Quumque</strong></span> 
     </span>
     <span class='ocr_line' id='line_1_97' title="bbox 1447 2887 2488 2930; baseline 0 -10"><span class='ocrx_word' id='word_1_710' title='bbox 1447 2888 1498 2921; x_wconf 89' lang='lat' dir='ltr'><strong>ille</strong></span> <span class='ocrx_word' id='word_1_711' title='bbox 1516 2889 1640 2922; x_wconf 82' lang='lat' dir='ltr'><strong>dicterii</strong></span> <span class='ocrx_word' id='word_1_712' title='bbox 1657 2889 1896 2930; x_wconf 83' lang='lat' dir='ltr'><strong>ambiguitatem</strong></span> <span class='ocrx_word' id='word_1_713' title='bbox 1917 2889 2136 2929; x_wconf 85' lang='lat' dir='ltr'><strong>indignaretur</strong></span> <span class='ocrx_word' id='word_1_714' title='bbox 2155 2897 2193 2920; x_wconf 88' lang='lat' dir='ltr'><strong>ac</strong></span> <span class='ocrx_word' id='word_1_715' title='bbox 2213 2887 2308 2920; x_wconf 87' lang='lat' dir='ltr'><strong>simul</strong></span> <span class='ocrx_word' id='word_1_716' title='bbox 2324 2888 2488 2921; x_wconf 80' lang='lat' dir='ltr'><strong>minaciter</strong></span> 
     </span>
     <span class='ocr_line' id='line_1_98' title="bbox 1447 2946 2489 2988; baseline 0 -10"><span class='ocrx_word' id='word_1_717' title='bbox 1447 2946 1586 2988; x_wconf 90' lang='lat' dir='ltr'><strong>diceret,</strong></span> <span class='ocrx_word' id='word_1_718' title='bbox 1602 2949 1730 2980; x_wconf 73' lang='lat' dir='ltr'><strong>statim</strong></span> <span class='ocrx_word' id='word_1_719' title='bbox 1747 2947 1810 2980; x_wconf 78' lang='lat' dir='ltr'><strong>tibi</strong></span> <span class='ocrx_word' id='word_1_720' title='bbox 1827 2949 1943 2980; x_wconf 75' lang='lat' dir='ltr'><strong>virum</strong></span> <span class='ocrx_word' id='word_1_721' title='bbox 1959 2947 2150 2987; x_wconf 73' lang='lat' dir='ltr'><strong>ostendam,</strong></span> <span class='ocrx_word' id='word_1_722' title='bbox 2168 2947 2218 2979; x_wconf 92' lang='lat' dir='ltr'><strong>hic</strong></span> <span class='ocrx_word' id='word_1_723' title='bbox 2238 2946 2343 2980; x_wconf 84' lang='lat' dir='ltr'><strong>ridens</strong></span> <span class='ocrx_word' id='word_1_724' title='bbox 2360 2947 2489 2979; x_wconf 86' lang='lat' dir='ltr'><strong>interro-</strong></span> 
     </span>
     <span class='ocr_line' id='line_1_99' title="bbox 1448 3006 1993 3048; baseline 0.002 -10"><span class='ocrx_word' id='word_1_725' title='bbox 1448 3007 1532 3047; x_wconf 88' lang='lat' dir='ltr'><strong>gavit</strong></span> <span class='ocrx_word' id='word_1_726' title='bbox 1553 3019 1561 3039; x_wconf 75' lang='lat' dir='ltr'><strong><em>z</em></strong></span> <span class='ocrx_word' id='word_1_727' title='bbox 1579 3009 1706 3048; x_wconf 86' lang='lat' dir='ltr'><strong>Nempe</strong></span> <span class='ocrx_word' id='word_1_728' title='bbox 1722 3008 1838 3040; x_wconf 80' lang='lat' dir='ltr'><strong>virum</strong></span> <span class='ocrx_word' id='word_1_729' title='bbox 1860 3006 1993 3040; x_wconf 66' lang='lat' dir='ltr'><strong>habeas³</strong></span> 
     </span>
    </p>
   </div>
   <div class='ocr_carea' id='block_1_8' title="bbox 1449 3118 2489 3513">
    <p class='ocr_par' dir='ltr' id='par_1_27' title="bbox 1449 3118 2489 3513">
     <span class='ocr_line' id='line_1_100' title="bbox 1490 3118 2487 3160; baseline 0 -10"><span class='ocrx_word' id='word_1_730' title='bbox 1490 3121 1539 3150; x_wconf 80' lang='lat'><strong>21.</strong></span> <span class='ocrx_word' id='word_1_731' title='bbox 1562 3119 1670 3155; x_wconf 87' lang='lat' dir='ltr'><strong>Quum</strong></span> <span class='ocrx_word' id='word_1_732' title='bbox 1696 3118 1791 3150; x_wconf 88' lang='lat' dir='ltr'><strong>eliam</strong></span> <span class='ocrx_word' id='word_1_733' title='bbox 1820 3118 1939 3151; x_wconf 84' lang='lat' dir='ltr'><strong>athleta</strong></span> <span class='ocrx_word' id='word_1_734' title='bbox 1969 3118 2100 3159; x_wconf 82' lang='lat' dir='ltr'><strong>quidam</strong></span> <span class='ocrx_word' id='word_1_735' title='bbox 2119 3118 2160 3151; x_wconf 87' lang='lat' dir='ltr'><strong>ab</strong></span> <span class='ocrx_word' id='word_1_736' title='bbox 2184 3127 2222 3151; x_wconf 90' lang='lat' dir='ltr'><strong>eo</strong></span> <span class='ocrx_word' id='word_1_737' title='bbox 2242 3118 2384 3158; x_wconf 88' lang='lat' dir='ltr'><strong>derisus,</strong></span> <span class='ocrx_word' id='word_1_738' title='bbox 2400 3119 2487 3160; x_wconf 88' lang='lat' dir='ltr'><strong>quod</strong></span> 
     </span>
     <span class='ocr_line' id='line_1_101' title="bbox 1449 3177 2488 3219; baseline 0.001 -10"><span class='ocrx_word' id='word_1_739' title='bbox 1449 3178 1594 3218; x_wconf 88' lang='lat' dir='ltr'><strong>quamvis</strong></span> <span class='ocrx_word' id='word_1_740' title='bbox 1611 3178 1847 3219; x_wconf 63' lang='lat' dir='ltr'><strong>Olympionices</strong></span> <span class='ocrx_word' id='word_1_741' title='bbox 1863 3179 1964 3217; x_wconf 77' lang='lat' dir='ltr'><strong>esset.</strong></span> <span class='ocrx_word' id='word_1_742' title='bbox 1987 3178 2070 3219; x_wconf 87' lang='lat' dir='ltr'><strong>picta</strong></span> <span class='ocrx_word' id='word_1_743' title='bbox 2091 3179 2181 3210; x_wconf 87' lang='lat' dir='ltr'><strong>veste</strong></span> <span class='ocrx_word' id='word_1_744' title='bbox 2195 3177 2328 3210; x_wconf 86' lang='lat' dir='ltr'><strong>indutus</strong></span> <span class='ocrx_word' id='word_1_745' title='bbox 2340 3185 2488 3210; x_wconf 76' lang='lat' dir='ltr'><strong>cernere·</strong></span> 
     </span>
     <span class='ocr_line' id='line_1_102' title="bbox 1449 3228 2489 3278; baseline -0.002 -10"><span class='ocrx_word' id='word_1_746' title='bbox 1449 3228 1520 3277; x_wconf 88' lang='lat' dir='ltr'><strong>tur,</strong></span> <span class='ocrx_word' id='word_1_747' title='bbox 1551 3237 1658 3278; x_wconf 85' lang='lat' dir='ltr'><strong>ipsum</strong></span> <span class='ocrx_word' id='word_1_748' title='bbox 1676 3237 1789 3278; x_wconf 85' lang='lat' dir='ltr'><strong>lapidis</strong></span> <span class='ocrx_word' id='word_1_749' title='bbox 1810 3237 1876 3270; x_wconf 91' lang='lat' dir='ltr'><strong>ictu</strong></span> <span class='ocrx_word' id='word_1_750' title='bbox 1895 3237 1926 3269; x_wconf 91' lang='lat' dir='ltr'><strong>iu</strong></span> <span class='ocrx_word' id='word_1_751' title='bbox 1944 3237 2048 3278; x_wconf 86' lang='lat' dir='ltr'><strong>capite</strong></span> <span class='ocrx_word' id='word_1_752' title='bbox 2074 3237 2270 3269; x_wconf 86' lang='lat' dir='ltr'><strong>vulnerasset</strong></span> <span class='ocrx_word' id='word_1_753' title='bbox 2295 3237 2390 3276; x_wconf 89' lang='lat' dir='ltr'><strong>atque</strong></span> <span class='ocrx_word' id='word_1_754' title='bbox 2413 3234 2489 3267; x_wconf 84' lang='lat' dir='ltr'><strong>inde</strong></span> 
     </span>
     <span class='ocr_line' id='line_1_103' title="bbox 1449 3293 2488 3337; baseline -0.001 -11"><span class='ocrx_word' id='word_1_755' title='bbox 1449 3295 1576 3336; x_wconf 87' lang='lat' dir='ltr'><strong>sanguis</strong></span> <span class='ocrx_word' id='word_1_756' title='bbox 1594 3298 1755 3336; x_wconf 88' lang='lat' dir='ltr'><strong>manaret,</strong></span> <span class='ocrx_word' id='word_1_757' title='bbox 1770 3296 1914 3328; x_wconf 88' lang='lat' dir='ltr'><strong>homines</strong></span> <span class='ocrx_word' id='word_1_758' title='bbox 1930 3295 2061 3337; x_wconf 90' lang='lat' dir='ltr'><strong>quidam</strong></span> <span class='ocrx_word' id='word_1_759' title='bbox 2077 3296 2132 3336; x_wconf 92' lang='lat' dir='ltr'><strong>qui</strong></span> <span class='ocrx_word' id='word_1_760' title='bbox 2152 3295 2233 3327; x_wconf 80' lang='lat' dir='ltr'><strong>sorte</strong></span> <span class='ocrx_word' id='word_1_761' title='bbox 2248 3294 2382 3326; x_wconf 89' lang='lat' dir='ltr'><strong>aderant</strong></span> <span class='ocrx_word' id='word_1_762' title='bbox 2396 3293 2488 3333; x_wconf 82' lang='lat' dir='ltr'><strong>quasi</strong></span> 
     </span>
     <span class='ocr_line' id='line_1_104' title="bbox 1450 3353 2485 3397; baseline -0.002 -10"><span class='ocrx_word' id='word_1_763' title='bbox 1450 3364 1509 3395; x_wconf 88' lang='lat' dir='ltr'><strong>pro</strong></span> <span class='ocrx_word' id='word_1_764' title='bbox 1527 3365 1562 3388; x_wconf 87' lang='lat' dir='ltr'><strong>se</strong></span> <span class='ocrx_word' id='word_1_765' title='bbox 1582 3357 1716 3397; x_wconf 86' lang='lat' dir='ltr'><strong>quisque</strong></span> <span class='ocrx_word' id='word_1_766' title='bbox 1736 3356 1879 3397; x_wconf 87' lang='lat' dir='ltr'><strong>percussi</strong></span> <span class='ocrx_word' id='word_1_767' title='bbox 1909 3355 2154 3396; x_wconf 82' lang='lat' dir='ltr'><strong>indignabantur</strong></span> <span class='ocrx_word' id='word_1_768' title='bbox 2166 3378 2175 3394; x_wconf 86' lang='lat'><strong>,</strong></span> <span class='ocrx_word' id='word_1_769' title='bbox 2198 3353 2236 3385; x_wconf 91' lang='lat' dir='ltr'><strong>ad</strong></span> <span class='ocrx_word' id='word_1_770' title='bbox 2257 3353 2485 3386; x_wconf 78' lang='lat' dir='ltr'><strong>proconsulem</strong></span> 
     </span>
     <span class='ocr_line' id='line_1_105' title="bbox 1450 3413 2488 3455; baseline -0.003 -9"><span class='ocrx_word' id='word_1_771' title='bbox 1450 3414 1645 3455; x_wconf 85' lang='lat' dir='ltr'><strong>pergendum</strong></span> <span class='ocrx_word' id='word_1_772' title='bbox 1666 3424 1735 3447; x_wconf 86' lang='lat' dir='ltr'><strong>esse</strong></span> <span class='ocrx_word' id='word_1_773' title='bbox 1753 3415 1977 3454; x_wconf 80' lang='lat' dir='ltr'><strong>vociferantes,</strong></span> <span class='ocrx_word' id='word_1_774' title='bbox 1991 3414 2045 3447; x_wconf 87' lang='lat' dir='ltr'><strong>sed</strong></span> <span class='ocrx_word' id='word_1_775' title='bbox 2066 3417 2228 3447; x_wconf 88' lang='lat' dir='ltr'><strong>Demonax</strong></span> <span class='ocrx_word' id='word_1_776' title='bbox 2242 3436 2252 3452; x_wconf 92' lang='lat'><strong><em>‚</em></strong></span> <span class='ocrx_word' id='word_1_777' title='bbox 2264 3413 2488 3453; x_wconf 82' lang='lat' dir='ltr'><strong>Nequaquam,</strong></span> 
     </span>
     <span class='ocr_line' id='line_1_106' title="bbox 1455 3471 2305 3513; baseline 0 -10"><span class='ocrx_word' id='word_1_778' title='bbox 1455 3471 1577 3512; x_wconf 90' lang='lat' dir='ltr'><strong>inquit,</strong></span> <span class='ocrx_word' id='word_1_779' title='bbox 1592 3473 1673 3512; x_wconf 85' lang='lat' dir='ltr'><strong>viri,</strong></span> <span class='ocrx_word' id='word_1_780' title='bbox 1692 3473 1732 3505; x_wconf 90' lang='lat' dir='ltr'><strong>ad</strong></span> <span class='ocrx_word' id='word_1_781' title='bbox 1751 3473 1992 3513; x_wconf 73' lang='lat' dir='ltr'><strong>proconsulem,</strong></span> <span class='ocrx_word' id='word_1_782' title='bbox 2006 3472 2060 3505; x_wconf 82' lang='lat' dir='ltr'><strong>sed</strong></span> <span class='ocrx_word' id='word_1_783' title='bbox 2080 3471 2118 3504; x_wconf 90' lang='lat' dir='ltr'><strong>ad</strong></span> <span class='ocrx_word' id='word_1_784' title='bbox 2134 3471 2305 3504; x_wconf 85' lang='lat' dir='ltr'><strong>medicum.</strong></span> 
     </span>
    </p>
   </div>
  </div>
 </body>
</html>
