2638 3840
327 3298 335 3305 ·
383 3282 484 3322 tangi,
505 3282 589 3323 quod
617 3284 722 3313 careat
746 3282 846 3314 solido

380 286 453 321 100
1310 275 1574 317 CHALCIDII

377 377 491 409 unum,
508 376 566 400 nec
583 367 729 409 simplex,
748 367 872 400 initium
890 369 1001 398 cuncta
1018 365 1201 404 continens,
1219 364 1274 396 sed
1295 364 1410 406 conju-

377 428 461 467 gatio
477 428 636 468 copulata.
684 429 725 459 Ut
742 426 834 466 igitur
850 425 1042 464 exemplari,
1062 424 1153 463 (ztijus
1174 422 1410 456 aemulationem

377 486 595 525 mutuabatur,
617 486 710 517 ctiam
744 486 773 516 iu
803 494 934 516 munero
954 483 1065 514 similis
1086 485 1186 522 esset;
1208 481 1324 514 idcirco
1353 491 1412 514 nec

377 545 619 578 innumerabiles
649 544 756 576 mundi
781 556 789 576 ι
811 543 863 574 sed
894 543 1004 573 unicus
1023 550 1039 572 a
1057 543 1122 572 Deo
1140 541 1240 572 factus
1261 542 1324 573 est.
1373 543 1410 574 Et

331 569 361 623 Β
376 605 450 647 quia
478 604 703 645 corpulentus,
722 601 934 640 visibilisque,
951 601 983 631 et
1002 599 1188 638 contiguus,
1213 598 1325 630 merito
1344 602 1411 630 erat

375 665 519 702 suturus;
550 662 617 694 sine
650 661 719 700 igne
755 668 847 701 porro
893 658 968 689 nibil
1004 657 1128 689 visibile
1167 658 1322 698 sentitur3
1354 666 1411 690 nec

376 730 452 754 vero
481 721 654 761 quidquam
687 719 772 758 tangi
811 718 914 759 potest
950 716 1018 747 sine
1052 715 1229 755 soliditate3
1265 716 1408 748 soliditas

375 789 469 821 porro
513 778 597 811 nulla
637 777 702 809 sine
748 780 829 808 terra
866 788 874 807 ε
912 775 1016 815 ignem
1057 777 1236 815 terramque
1268 775 1410 815 corporis

375 838 486 871 mundi
511 837 713 869 fundamenta
737 835 809 875 iecit
840 837 940 866 DeuS.
990 833 1212 874 Quoniamque
1238 833 1324 865 nulla
1346 833 1410 865 duo

314 879 355 931 f)
374 897 443 929 sine
478 895 677 936 adjunctione
708 893 790 925 tertii
836 892 925 924 lirme
955 893 986 924 et
1015 891 1272 923 indissolubiliter
1300 892 1409 924 coliae·

373 956 443 988 rent
469 967 477 987 :
510 963 593 986 nexu
623 953 708 985 enim
741 951 846 983 medio
877 953 1019 982 extrema
1050 952 1197 983 nectente
1225 959 1307 990 opus
1329 953 1408 983 est:

372 1023 472 1046 nexus
493 1022 569 1044 vero
589 1012 789 1044 firmissimus
811 1010 862 1042 ille
878 1013 963 1042 certe
978 1012 1037 1048 est,
1055 1009 1111 1050 qui
1135 1013 1167 1041 et
1195 1009 1357 1050 seipsum,
1378 1011 1411 1042 et

372 1082 407 1105 ea
425 1081 496 1114 quoe
519 1080 627 1103 secmn
654 1071 849 1109 vinciuntur,
870 1069 944 1100 facit
970 1077 1069 1100 unum
1089 1081 1097 1101 ε
1118 1068 1180 1100 boc
1199 1077 1293 1110 porro
1315 1068 1410 1100 eflicit

371 1132 500 1170 modus,
527 1132 558 1163 et
589 1138 726 1169 congrua
758 1137 906 1160 mensura
934 1127 1088 1168 partium.
1143 1129 1224 1160 Cum
1256 1127 1341 1159 enim
1369 1136 1407 1159 ex

308 1229 328 1248 e
372 1190 471 1222 tribus
492 1189 542 1221 vel
571 1188 724 1227 numeris,
749 1187 798 1220 vel
825 1187 980 1226 molibus,
998 1187 1047 1218 vel
1074 1186 1138 1219 ulla
1163 1186 1224 1218 alia
1247 1186 1408 1227 potentia,

372 1249 522 1282 medietas
549 1249 612 1280 imo
636 1247 763 1288 perinde
779 1247 930 1287 quadrat;
950 1249 984 1277 ut
1005 1246 1172 1277 summitas
1189 1245 1292 1277 medio
1311 1258 1318 1277 :
1341 1255 1409 1277 rur-

1470 374 1607 408 sumque
1624 369 1659 398 ut
1682 366 1783 398 imum
1805 365 1922 406 medio,
1943 365 1990 397 sic
2008 364 2162 399 medietas
2173 374 2322 407 summm
2336 369 2407 403 tum
2428 372 2515 404 certo

1472 424 1628 457 medietas
1645 434 1662 456 a
1679 434 1822 465 summo,
1840 428 1871 456 et
1891 424 1965 456 item
1983 424 2066 464 imo,
2081 424 2159 457 nibil
2172 425 2303 459 dissert:
2321 436 2514 470 rursumque

1471 482 1599 515 extimis
1632 483 1695 515 illis
1726 483 1766 515 ad
1799 482 1979 514 medietatis
2007 482 2222 515 conditionem
2243 486 2341 526 atque
2369 486 2512 526 ejusdem

1473 541 1663 582 parilitatem
1690 541 1826 573 redactis
1855 554 1863 573 ι
1891 550 1964 572 cum
1991 540 2145 573 medietas
2163 550 2294 583 quoque
2320 544 2515 578 extimarum

1471 599 1574 631 vicem
1596 599 1731 639 suscipit
1750 611 1758 631 ι
1778 599 1830 638 fit,
1844 598 1970 639 opinor,
1987 599 2022 630 ut
2042 599 2110 630 tota
2129 599 2262 632 materia
2278 610 2340 633 una
2355 603 2389 634 et
2402 601 2515 636 eadem

1472 658 1594 690 ratione
1622 657 1771 697 societur,
1787 665 1888 698 eoque
1914 658 2019 697 pacm,
2036 658 2147 701 eadem
2169 657 2230 690 sibi
2253 661 2348 693 erunt
2367 661 2516 694 universa

1472 716 1639 748 membra:
1662 716 1780 757 quippe
1808 724 1882 747 cum
1905 723 2015 746 eorum
2048 715 2090 748 sit
2126 724 2192 748 una
2229 716 2386 751 conditio.
2434 720 2516 752 unis

1472 781 1565 812 porro
1583 771 1708 803 effectis
1730 769 1900 810 membris,
1918 778 2021 802 unum
2043 770 2122 811 erit,
2143 772 2241 812 atque
2261 771 2370 815 idem,
2396 775 2515 808 totum.

1472 832 1579 868 Quare
1589 853 1598 870 ‚
1614 829 1640 861 si
1654 838 1770 870 corpus
1783 829 1940 861 universae
1956 828 2000 861 rei
2017 828 2249 870 longitudinem
2262 832 2296 864 et
2313 830 2516 866 latitudinem

1470 889 1565 928 solaS,
1582 888 1826 920 crassitudinem
1841 896 1916 919 vero
1935 887 2058 919 nullam
2075 887 2192 921 babere
2206 888 2338 923 deberet
2347 901 2358 931 ;
2370 892 2518 933 essetque

1471 947 1663 989 hujusmodi,
1676 947 1780 989 qualis
1793 949 1843 979 est
1854 946 2032 979 solidorum
2046 955 2217 989 corporum
2230 948 2413 993 superficies
2427 959 2436 982 ε
2451 958 2515 983 una

1470 1007 1623 1040 medietas
1645 1007 1806 1039 sufficeret
1821 1006 1860 1038 ad
1878 1006 2084 1047 semetipsam
2100 1006 2304 1041 vinciendam
2319 1009 2353 1041 et
2373 1009 2516 1042 extimas

1471 1068 1588 1108 partes.
1633 1068 1723 1098 Nunc
1748 1074 1825 1098 vero
1856 1066 2011 1107 quoniam
2032 1065 2193 1100 soliditate
2212 1075 2295 1108 opus
2324 1071 2394 1101 erat
2422 1077 2517 1101 mun·

1469 1124 1553 1156 dano
1575 1124 1723 1164 corpori;
1749 1122 1851 1155 solida
1878 1132 1974 1164 porro
2004 1133 2171 1166 uunquam
2199 1135 2284 1167 una,
2308 1126 2364 1160 sed
2391 1126 2518 1160 duabus

1470 1183 1697 1216 medietatibus
1739 1182 1923 1215 vinciuntur
1951 1196 1960 1216 ε
1994 1183 2113 1217 idcirco
2153 1185 2267 1218 mundi
2297 1185 2402 1227 opifex
2433 1186 2516 1219 inter

1470 1241 1574 1282 ignem
1601 1245 1633 1274 et
1660 1244 1778 1274 terram
1806 1251 1879 1274 aera
1898 1244 1930 1274 et
1949 1251 2065 1283 aquam
2084 1243 2238 1285 inseruit,
2255 1244 2376 1278 libratis
2402 1245 2515 1278 iisdem

378 1309 2516 1330 .——-—-——-———-—p—————————-—-——-·——-——————

373 1351 432 1390 καὶ
451 1354 514 1390 οὐκ.
534 1350 574 1389 ἂν
598 1350 648 1388 ἔτι
668 1349 808 1388 ἐκεινοιν
826 1348 902 1387 ἀλλ’
919 1348 1039 1400 ἐκείνῳ
1059 1364 1108 1385 τω
1127 1348 1323 1399 περιέχοντι
1341 1346 1411 1386 τόδ’

373 1411 414 1450 ἂν
435 1407 707 1483 ἀφωμοιωμένον
737 1407 872 1459 λέγοιτο
899 1407 1093 1481 ὀρθότερον.
1149 1404 1227 1446 Ἵνα
1253 1410 1310 1444 οὖν
1333 1405 1410 1443 τόδε

310 1466 335 1510 lo
372 1469 463 1508 κατὰ
491 1469 553 1515 τὴν
587 1467 735 1518 μόνωσιν
766 1466 881 1518 ὅμοιον
912 1469 934 1518 ᾖ
967 1482 1017 1517 τῳ
1045 1465 1210 1503 παντελεῖ
1236 1463 1332 1517 ζώω,
1354 1463 1410 1501 διὰ

373 1531 481 1566 ταῦτα
511 1526 591 1565 οὔτε
617 1525 676 1564 δύο
702 1524 771 1563 οὔτ’
798 1525 958 1578 ἀπείρους
983 1524 1144 1570 ἐποίησεν
1172 1526 1190 1562 ὂ
1216 1525 1323 1561 ποιῶν
1351 1522 1410 1560 κό-

374 1601 500 1636 σμους,
518 1585 593 1623 ἀλλ’
612 1578 659 1628 εἷς
678 1582 734 1622 ὅδε
752 1584 937 1636 μονογενὴς
956 1582 1097 1635 οὐρανὸς
1117 1582 1263 1634 γεγονὼς
1282 1580 1355 1620 ἔστι
1373 1596 1411 1618 τε

374 1643 433 1682 καὶ
454 1643 500 1681 ἔτ’
522 1643 636 1682 ἔσται.
694 1643 936 1692 Σωματοειδὲς
955 1643 990 1680 δὲ
1011 1641 1052 1690 δὴ
1077 1642 1137 1680 καὶ
1156 1639 1278 1693 ὁρατὸν
1301 1639 1411 1678 ἁπτόν

373 1718 411 1741 τε
432 1703 481 1740 δεῖ
500 1701 540 1740 τὸ
558 1701 738 1753 γενόμενον
760 1695 859 1738 εἶναι.
917 1700 1097 1751 Χωρισθὲν
1127 1699 1162 1738 δὲ
1182 1699 1287 1751 πυρὸς
1315 1698 1410 1737 οὐδὲν

376 1761 417 1799 ἄν
440 1776 524 1800 ποτε
557 1760 684 1833 ὁρριτὸν
702 1759 851 1812 γένοιτο,
873 1759 989 1798 οὐδεε
973 1758 1083 1798 απτὸν
1104 1759 1184 1798 ἄνευ
1216 1757 1307 1802 τινὸς
1335 1773 1411 1796 στε-

375 1823 473 1873 ρεοῧ,
494 1820 632 1872 στερεὸν
654 1819 688 1857 δὲ
709 1820 771 1858 οὐκ
789 1818 869 1857 ἄνευ
891 1821 970 1870 γῆς·
993 1818 1066 1857 ὅθεν
1087 1820 1126 1857 ἐκ
1145 1817 1252 1867 πυρὸς
1270 1817 1329 1855 καὶ
1349 1819 1412 1868 γῆς

374 1878 414 1917 τὸ
446 1883 506 1918 τοῦ
538 1879 665 1922 παντὸς
697 1877 887 1930 ἀρχόμενος
919 1876 1115 1922 ξυνιστάναι
1152 1879 1255 1927 σῶμα
1286 1879 1304 1914 ὃ
1341 1876 1413 1920 θεὸς

374 1935 499 1976 ἐποίει.
556 1936 626 1976 Δύο
642 1935 678 1973 δὲ
693 1935 787 1983 μόνω
801 1937 916 1979 καλῶς
938 1934 1160 1980 ξυνίστασθαι
1176 1933 1292 1986 τρίτου
1305 1949 1411 1986 χωρις

309 2006 335 2038 0
373 1996 411 2032 οὗ
432 1995 587 2033 δυνατόν·
607 1993 734 2045 δεσμὸν
753 1993 874 2047 γὰρ·ἐν
895 1995 991 2046 μέσῳ
1014 1995 1066 2032 δεῖ
1084 2009 1160 2032 τινα
1181 1995 1307 2046 ἀμφοῖν
1333 1994 1410 2039 ξυν-

375 2053 509 2104 αγωγον
528 2052 717 2105 γίγνεσθαι.
777 2054 924 2102 Δεσμῶν
939 2051 974 2090 δὲ
988 2052 1171 2095 κάλλιστος
1193 2051 1228 2095 ὃς
1249 2051 1289 2090 ἂν
1308 2053 1410 2092 αὑτὸν

374 2111 433 2150 καὶ
460 2112 505 2150 τὰ
538 2111 746 2162 ξυνδούμενα
766 2111 820 2149 ὅτι
845 2111 999 2160 μάλιστα
1023 2110 1058 2149 ἓν
1081 2113 1178 2162 ποιῇ.
1236 2113 1350 2151 Τοῦτο
1376 2111 1410 2150 δὲ

373 2171 522 2223 πέφυκεν
561 2171 728 2222 ἀναὶογιά
761 2170 931 2208 κάλλιστα
967 2171 1160 2208 ἀποτελεῖν·
1164 2164 1315 2228 (ὁπόταν
1342 2170 1410 2224 γὰρ

275 2234 358 2279 37⁹5.-
375 2231 528 2281 ἀριθμῶν
549 2245 632 2282 τριι·
623 2245 653 2267 ,-ν
683 2229 749 2267 εἴτε
770 2228 881 2280 ὄγκων
903 2229 972 2267 εἴτε
1000 2229 1217 2277 δυνοίμεωνζ
1199 2245 1408 2268 ωντινωνουν

375 2292 396 2341 ᾖ
418 2288 456 2327 τὸ
485 2288 601 2339 μέσον,
622 2290 652 2334 ὅ,
677 2305 709 2327 τι
727 2305 793 2341 περ
820 2288 859 2327 τὸ
884 2304 1021 2340 πρωτον
1049 2287 1136 2340 πρὸς
1174 2287 1280 2335 αυτό,
1310 2291 1411 2327 τοῦτο

379 2348 461 2386 αυτὸ
480 2348 565 2399 πρὸς
578 2347 617 2387 τὸ
631 2347 792 2400 ἔσχατον,
811 2363 870 2385 και
886 2347 992 2386 πάλιν
1005 2341 1133 2390 adet-:²¹
1113 2363 1144 2394 0,
1162 2363 1194 2385 τι
1209 2347 1248 2385 τὸ
1263 2346 1411 2399 ἔσχατον

374 2406 458 2458 πρὸς
477 2406 514 2444 τὸ
537 2406 654 2457 μέσον,
673 2410 774 2445 τοῦτο
793 2405 832 2444 τὸ
863 2406 967 2457 μέσον
999 2407 1082 2459 πρὸς
1100 2406 1140 2444 τὸ
1164 2408 1315 2457 πρῶτον,
1334 2406 1411 2444 τότε

375 2519 469 2559 igitur
482 2529 579 2551 unum
595 2520 749 2551 mundum
766 2518 926 2551 diximus?
942 2528 983 2551 an
998 2520 1102 2559 plures
1117 2521 1149 2552 et
1162 2519 1411 2552 innumerabiles

378 2578 465 2610 (lictu
486 2578 592 2610 verius
610 2582 641 2609 et
658 2578 794 2610 melius?
815 2579 905 2609 Unus
927 2578 1086 2618 profecto,
1102 2578 1128 2610 si
1151 2578 1281 2619 quidem
1309 2578 1409 2611 sactus

378 2638 425 2668 est
443 2636 484 2668 ad
506 2637 701 2677 exemplum.
746 2636 838 2674 Quod
865 2637 951 2668 enim
982 2645 1092 2669 omnes
1127 2637 1304 2669 animantes
1334 2646 1411 2677 eos,

377 2695 432 2736 qui
446 2695 566 2727 ratione
579 2695 809 2735 intelliguntur,
825 2695 1056 2736 complectitur,
1075 2695 1106 2728 id
1129 2705 1194 2727 non
1217 2697 1319 2737 potest
1340 2705 1410 2729 esse

379 2763 453 2786 cum
472 2754 583 2786 altero.
627 2755 749 2786 Rursus
765 2754 848 2786 enim
865 2754 945 2785 atius
965 2755 1107 2786 animans
1119 2780 1127 2795 ,
1143 2755 1197 2796 qui
1215 2765 1288 2787 eum
1310 2756 1413 2788 conti-

379 2814 470 2853 neat,
489 2813 529 2844 sit
550 2821 678 2844 necesse
699 2814 764 2852 est,
782 2813 873 2852 cujus
893 2814 998 2853 partes
1031 2813 1094 2846 sint
1118 2814 1295 2849 animantes
1316 2823 1413 2856 supe-

378 2873 491 2912 riores,
507 2872 686 2912 caelumque
710 2872 770 2904 hoc
798 2873 1009 2905 simulacrum
1038 2873 1122 2906 illius
1143 2875 1243 2907 ultimi
1266 2876 1324 2917 sit,
1349 2885 1413 2911 uon

381 2931 528 2973 proximi.
573 2934 717 2969 Quorum
730 2940 769 2963 ne
787 2931 863 2971 quid
879 2931 1035 2964 accideret
1047 2936 1142 2973 atque
1157 2936 1193 2965 ut
1207 2934 1258 2966 bic
1274 2935 1414 2968 mundus

381 2994 466 3025 esset
485 2991 638 3023 animanti
653 2990 799 3022 absoluto
820 2991 999 3024 simillimus
1012 3017 1021 3032 ,
1033 2993 1093 3024 boc
1114 2994 1182 3034 ipso
1194 3018 1202 3033 ‚
1216 2994 1301 3034 quod
1325 2995 1411 3028 sotus

379 3053 475 3092 atque
494 3059 578 3081 unus
602 3051 694 3088 esset,
717 3049 836 3081 idcirco
859 3050 1049 3090 singularem
1069 3052 1146 3084 deus
1160 3053 1246 3085 bunc
1259 3054 1414 3087 mundum

380 3109 476 3148 atque
491 3107 658 3146 unigenam
677 3107 863 3147 procreavit.
908 3102 1100 3148 Corporeum
1124 3112 1230 3142 autem
1262 3113 1294 3143 et
1322 3121 1414 3153 aspe-

383 3165 496 3198 ctabile
509 3165 648 3206 itemque
661 3165 824 3197 tractabile
837 3174 930 3197 omne
946 3175 1074 3199 necesse
1090 3170 1137 3200 est
1153 3170 1336 3209 essesquod
1357 3179 1414 3202 na-

382 3225 451 3256 tum
470 3225 528 3256 est.
573 3222 656 3256 Nihil
674 3232 766 3263 porro
782 3223 844 3262 igni
858 3232 994 3256 vacuum
1010 3225 1105 3256 videri
1123 3228 1226 3266 potest
1242 3238 1250 3258 ε
1269 3236 1326 3259 nec
1341 3237 1415 3260 vero

875 3292 883 3313 ι
910 3283 1044 3314 solidum
1078 3286 1186 3315 autem
1211 3285 1310 3325 nibil,
1330 3287 1415 3326 quod

383 3343 475 3373 terrae
493 3341 535 3372 sit
553 3349 676 3381 expers.
724 3341 939 3378 Quamobrem
963 3341 1117 3373 mundum
1142 3342 1264 3375 et'ticere
1282 3344 1416 3376 moliens

384 3400 460 3431 deus
473 3424 482 3438 ,
495 3401 612 3431 terram
633 3399 769 3439 primum
789 3399 957 3439 ignemque
972 3399 1135 3439 jungebat.
1178 3401 1293 3433 Omnia
1311 3404 1416 3435 aulem

385 3459 450 3489 duo
479 3458 518 3490 ad
543 3458 766 3490 colioerendum
793 3458 920 3490 tertium
945 3458 1064 3499 aliquid
1083 3460 1255 3500 anquirunt
1275 3462 1307 3492 et
1327 3463 1418 3502 quasi

386 3517 504 3548 nodum
524 3516 749 3558 vinculumque
770 3517 960 3549 desiderant.
1003 3517 1066 3550 Sed
1088 3518 1287 3551 vinculorum
1310 3519 1341 3551 id
1366 3524 1415 3553 est

1471 1346 1511 1384 τὸ
1533 1347 1638 1395 μέσον
1659 1344 1722 1395 μὲν
1742 1359 1881 1397 πρωτον
1913 1345 1974 1384 καὶ
2005 1346 2154 1420 ἔσχατον
2185 1347 2407 1421 γιγνόμενον,
2428 1347 2468 1386 τὸ
2487 1348 2518 1386 δ’

1473 1404 1623 1456 ἔσχατον
1656 1404 1716 1442 καὶ
1741 1403 1782 1443 τὸ
1822 1407 1960 1479 πρῶτρν
1988 1398 2033 1443 αυ
2057 1405 2151 1456 μέσα
2180 1405 2384 1459 ἀμφότερα,
2413 1405 2517 1445 πάνθ’

1472 1462 1582 1506 οὕτως
1602 1462 1635 1508 εξ
1657 1462 1812 1514 ἀνάγκης
1830 1462 1943 1502 ταῦτὰ
1972 1467 2060 1502 εἷναι
2080 1463 2317 1516 ξυμὸήσεται,
2335 1465 2447 1505 ταύτὰ
2478 1463 2516 1504 δὲ

1472 1522 1641 1574 γενόμενα
1661 1522 1825 1570 ἀλλήλοις
1848 1522 1884 1560 ἓν
1904 1523 2022 1562 πάντα
2043 1523 2159 1565 ἔσται.

1526 1582 1658 1621 XVII.
1690 1583 1736 1620 Εἰ
1766 1580 1828 1632 μὲν
1849 1575 1908 1620 οῧν
1928 1582 2092 1622 ἐπίπεδον
2114 1582 2190 1633 μέν,
2213 1582 2316 1636 βάθος
2342 1581 2379 1621 δὲ
2409 1581 2517 1634 μηδὲν

1474 1639 1553 1692 ἔχον
1573 1640 1642 1679 ἔδει
1658 1640 1835 1692 γίγνεσθαι
1854 1641 1894 1679 τὸ
1913 1646 1973 1681 τοῦ
1990 1641 2122 1686 παντὸς
2137 1645 2241 1695 σῶμα
2253 1672 2263 1690 ,
2282 1641 2346 1694 μία
2370 1641 2519 1694 μεσότης

1473 1697 1515 1736 ἂν
1539 1698 1676 1751 ἐξήρκει
1695 1699 1740 1737 τά
1760 1715 1797 1738 τε
1830 1702 1907 1751 μεθ’
1929 1702 2037 1748 αὑτῆς
2057 1700 2186 1746 ξυνδεῖν
2210 1700 2271 1740 καὶ
2298 1699 2439 1748 ἑαυτήν*
2457 1703 2518 1739 νῦν

1473 1757 1511 1795 δέ
1538 1779 1592 1787 --
1621 1759 1761 1811 στερεὸν
1804 1758 1872 1811 γὰρ
1908 1758 1994 1798 αὐτὸ
2033 1762 2209 1812 προσῆκεν
2240 1751 2357 1807 ἷῖναι,
2389 1758 2435 1797 τὰ
2480 1757 2518 1798 δὲ

1473 1816 1597 1869 στερεὰ
1620 1816 1683 1868 μία
1705 1815 1970 1868 μὲνλοῦδέποτε,
1987 1818 2047 1857 δύο
2063 1818 2100 1858 δὲ
2120 1818 2174 1858 ἀεὶ
2193 1817 2380 1870 μεσότητες
2399 1817 2520 1870 ξυναρ·

1474 1875 1669 1925 μόττουσιν·
1691 1875 1783 1914 ούτω
1805 1875 1848 1923 δὴ
1872 1877 1980 1930 πυρός
1998 1892 2036 1915 τε
2055 1876 2115 1915 καὶ
2136 1880 2202 1929 γῆς
2219 1876 2291 1915 ῧδω
2323 1875 2432 1935 ῥέος,
2443 1891 2483 1915 τε
2501 1877 2520 1914 δ

1473 1933 1582 1977 θεὸς
1567 1951 1602 1973 εν
1623 1934 1719 1987 μέσῳ
1740 1934 1808 1979 θείς
1821 1966 1832 1983 ,
1852 1937 1913 1974 καὶ
1931 1935 2018 1989 πρὸς
2037 1935 2176 1984 ἄλληλα
2191 1938 2270 1975 καθ’
2311 1950 2371 1975 σον
2393 1929 2438 1984 ἦν
2461 1935 2520 1974 δυ·-

1472 1993 1574 2032 νατὸν
1597 1993 1661 2032 ἀνὰ
1683 1995 1740 2032 τὸν
1762 1995 1864 2034 αὐτὸν
1885 1995 1987 2046 λόγον
2010 1995 2320 2048 ἀπεργασάμενος,
2341 1993 2372 2043 ὅ,
2394 2009 2431 2033 τι
2451 2009 2519 2047 περ

1473 2055 1544 2104 πῦρ
1564 2053 1649 2106 πρὸς
1669 2053 1778 2107 ἀέρα,
1794 2058 1895 2109 τοῦτο
1915 2055 2002 2107 ἀέρα
2025 2055 2111 2108 πρὸς
2129 2054 2244 2107 ὕδωρ,
2269 2054 2330 2094 καὶ
2348 2053 2380 2102 ὅ,
2395 2070 2431 2093 τι
2451 2052 2520 2108 ἀὴρ

1473 2113 1558 2163 πρὸς
1578 2112 1686 2166 ὕδωρ,
1714 2117 1815 2152 τοῦτο
1838 2113 1930 2167 ὕδωρ
1951 2114 2035 2166 πρὸς
2055 2117 2137 2165 γῆν,
2159 2113 2320 2162 ξυνέδησε
2342 2112 2404 2152 καὶ
2423 2111 2521 2158 ξυνε-

1473 2170 1627 2214 στήσατο
1646 2172 1789 2224 οὐρανὸν
1810 2173 1934 2225 ὁρατὸν
1959 2172 2020 2212 καὶ
2047 2173 2174 2214 ἁπτόν.
2235 2172 2308 2212 Καὶ
2328 2171 2387 2211 διὰ
2406 2175 2520 2211 ταῦτα

1473 2229 1513 2268 ἔκ
1533 2246 1571 2268 τε
1591 2229 1632 2277 δὴ
1655 2229 1785 2270 τούτων
1806 2231 1969 2270 τοιούτων
1996 2231 2057 2270 καὶ
2078 2232 2136 2271 τὸν
2168 2230 2314 2284 ἀριθμὸν
2343 2229 2520 2283 τεττάρων

1473 2289 1512 2327 τὸ
1537 2292 1596 2327 τοῦ
1623 2289 1756 2340 κόσμου
1788 2293 1892 2341 σῶμα
1915 2290 2080 2342 ἐγεννήθη
2109 2291 2153 2328 δι’
2173 2288 2361 2340 ἀναλογίας
2391 2290 2520 2338 ὁμολο-

1472 2350 1600 2397 γῆσαν,
1630 2349 1745 2402 φιλίαν
1774 2365 1813 2388 τε
1839 2348 1940 2401 ἔσχεν
1973 2351 2013 2388 ἐκ
2039 2347 2189 2398 τούτων,
2215 2347 2300 2386 ὥστ’
2319 2348 2367 2391 εἷς
2393 2346 2520 2386 ταῦτὸν
2571 2342 2584 2385 s

1473 2410 1566 2460 αὑτῷ
1598 2407 1755 2452 ξυνελθὸν
1777 2408 1902 2447 ἄλυτον
1933 2407 2002 2446 ὑπό
2030 2423 2091 2447 του
2117 2407 2224 2446 ἄλλου
2253 2405 2347 2452 πλὴν
2368 2404 2435 2444 ὑπὸ
2458 2409 2520 2444 τοῦ

1472 2521 1675 2562 aptissimum
1705 2524 1802 2564 atque
1832 2521 2106 2562 pulcherrimum,
2127 2521 2214 2562 quod
2241 2506 2340 2552 ex'se
2360 2503 2458 2560 atqtie
2480 2517 2523 2552 de
2575 2510 2578 2514 ¹

1470 2577 1507 2609 iis
1518 2602 1526 2617 ‚
1541 2587 1612 2619 qnoe
1626 2579 1784 2620 astringit,
1798 2588 1895 2621 quam
1910 2579 2053 2612 maxime
2073 2587 2176 2612 unum
2194 2577 2304 2611 eflicit.
2348 2577 2387 2610 Id
2399 2577 2521 2619 optime

1470 2639 1661 2679 assequitur,
1686 2647 1760 2679 quae
1786 2647 1888 2680 graece
1922 2638 2093 2680 ἀναλογία,
2126 2637 2226 2670 latine
2251 2635 2448 2678 (audendum
2470 2637 2526 2685 est
2562 2628 2564 2631 ’

1471 2697 1571 2737 enim,
1581 2698 1735 2738 quoniam
1751 2698 1820 2730 haec
1834 2699 1974 2740 primum
1987 2706 2006 2730 a
2021 2696 2115 2730 nobis
2131 2695 2305 2736 novantur)
2321 2693 2520 2738 comparatio
2550 2688 2554 2693 '

1473 2757 1675 2789 ornoortiove
1689 2757 1752 2789 dici
1773 2758 1890 2798 potest.

1513 2816 1650 2854 Quando
1690 2816 1776 2849 enim
1815 2816 1913 2848 trium
1950 2816 2000 2848 vel
2029 2823 2240 2848 numerorum
2266 2813 2319 2847 vel
2346 2811 2520 2864 figurarum

1472 2876 1523 2909 vel
1540 2885 1807 2918 quorumcunque
1820 2885 1973 2916 generum
1998 2874 2172 2916 contingit,
2190 2874 2248 2914 ut,
2267 2871 2357 2915 quod
2378 2859 2521 2905 metium

1472 2935 1525 2973 sit,
1540 2938 1574 2966 ut
1586 2935 1615 2967 ei
1634 2935 1775 2976 primum
1791 2934 2010 2976 proportione,
2022 2934 2068 2966 ita
2082 2933 2115 2965 id
2133 2934 2295 2975 postremo
2306 2930 2521 2973 ‘²⁰va
2556 2936 2567 2968 ς

1475 2995 1694 3035 vicissimque,
1709 2995 1745 3026 ut
1768 2995 1950 3026 extremum
1973 3002 2048 3025 cum
2071 2991 2194 3032 medio,
2211 2991 2259 3024 sie
2279 2989 2422 3024 medium
2443 2997 2522 3023 oum
2560 2986 2566 2989 ”

1474 3053 1577 3093 primo
1595 3053 1793 3092 eonteratur3
1813 3052 1846 3084 id
1865 3052 1950 3092 quod
1970 3051 2114 3084 medium
2129 3052 2196 3091 est,
2209 3050 2282 3083 tum
2303 3048 2447 3090 primum
2466 3045 2521 3087 tit,

1473 3113 1541 3143 tum
1562 3113 1779 3152 postremum
1796 3112 1957 3152 postrema
1974 3119 2052 3142 vero
2067 3112 2099 3143 et
2116 3110 2218 3151 prima
2235 3107 2339 3142 media
2355 3106 2447 3140 fiunt.
2471 3106 2524 3139 lta

1473 3171 1647 3202 necessitas
1661 3170 1765 3210 cogit,
1781 3172 1816 3202 ut
1833 3169 1948 3202 eadem
1965 3169 2030 3200 sint
2046 3177 2101 3205 ea.
2119 3177 2192 3208 quae
2204 3166 2366 3208 disjuncta
2383 3165 2520 3198 fuerant-⁴

1475 3228 1593 3259 Eadem
1626 3230 1736 3260 autem
1759 3237 1859 3269 quum
1883 3228 1966 3260 tacta
1987 3229 2069 3267 sint,
2090 3226 2236 3265 efficitur,
2258 3226 2294 3258 ut
2324 3223 2432 3261 omnia
2456 3221 2523 3257 sint

1475 3295 1586 3319 unum.
1631 3288 1725 3326 Quod
1746 3288 1771 3319 si
1796 3276 2011 3330 universitatis
2025 3295 2142 3326 corpus
2164 3284 2296 3326 planum
2319 3285 2352 3316 et
2365 3280 2522 3323 aequabile

1475 3345 1686 3384 explicaretur
1716 3355 1821 3387 neque
1855 3346 1887 3377 in
1918 3354 1956 3378 eo
1979 3344 2157 3385 quidquam
2185 3344 2270 3376 esset
2295 3341 2486 3383 requisitum
2509 3352 2519 3373 ε

1477 3412 1574 3435 unum
1598 3404 1802 3445 interjectum
1819 3404 1959 3437 medium
1975 3406 2053 3437 etse
2071 3403 2176 3445 ipsum
2195 3405 2228 3434 et
2240 3410 2295 3441 ea,
2311 3399 2428 3442 quibus
2438 3399 2522 3432 esset

1477 3460 1724 3505 interpositum,
1760 3465 1933 3505 colligaret.
1989 3462 2048 3496 Sed
2079 3470 2183 3503 quum
2218 3460 2363 3492 soliditas
2398 3456 2520 3495 mundo

1477 3524 1693 3562 qumi-eretum
1714 3522 1814 3556 solida
1831 3524 1939 3556 autem
1965 3521 2073 3555 omnia
2103 3528 2169 3553 uno
2201 3518 2307 3551 medio
2334 3524 2518 3563 nunquam,
