2638 3840
0 2723 13 2749 ς’
0 2672 11 2680 Ι

21 2804 24 2819 U
14 2725 22 2787 μω..

137 8 545 22 -„.-..-—-o-—a—a--—··u--'⁴⁹··⁰⁴⁹*
560 8 570 13 ¹
582 11 586 12 ⁷
597 10 600 13 ⁴
610 10 614 13 ·

308 298 378 333 172
1243 287 1503 328 CHALchll

300 381 426 421 llnoque
445 379 595 419 obligati,
628 386 731 418 neque
754 376 903 410 tenebant
923 383 1024 416 neque
1050 374 1262 416 tenebantur;
1281 376 1335 409 sed

298 439 339 471 ita
358 439 390 471 vi
404 438 556 478 serebant,
568 439 599 470 et
617 437 646 469 vi
663 436 841 469 serebantur
858 434 991 466 invicem
1009 443 1015 465 :
1033 437 1069 465 ut
1087 435 1190 466 totum
1205 434 1335 475 quidem

298 498 414 531 animal
447 499 643 536 moveretur,
663 495 816 538 praecipiti
845 495 949 525 tamen
971 494 1003 525 et
1031 493 1208 525 inordinata
1234 493 1337 534 jacta-

299 557 386 588 tione
409 568 417 588 z
439 555 555 597 quippe
571 563 644 585 cum
663 562 715 585 sex
738 553 804 584 sine
823 552 944 583 ratione
969 550 1110 583 motibus
1131 554 1308 592 raptaretur
1326 565 1335 586 ι

297 615 402 654 ultro,
425 615 520 652 citro,
544 613 768 651 dextrorsum,
794 611 1029 650 sinistrorsum,
1052 612 1084 643 et
1108 611 1185 643 item
1210 620 1335 645 sursum

296 674 509 714 deorsumque
540 680 669 712 pergens
702 674 797 710 atque
824 669 984 701 oberranS.
1031 671 1192 702 immenso
1217 671 1337 713 quippe

295 732 444 772 irrigante
456 756 464 771 ,
481 733 513 762 et
529 728 735 761 immoderate
755 727 903 759 effluente
916 750 925 766 ,
943 727 1084 768 gurgite3
1101 736 1142 760 ex
1162 737 1228 770 quo
1245 729 1336 762 cibus

295 792 326 823 et
361 789 509 827 alimenta
539 786 822 827 comparabantur,
852 786 954 817 mullo
994 786 1095 826 maior
1135 787 1336 820 exn-insecus

295 848 388 881 turba
402 847 654 887 conflictatioque
671 844 808 877 vexabat
830 857 837 876 ε
858 853 931 876 ουιιι
949 852 1066 887 corpus
1082 846 1209 887 aliquod
1227 845 1259 878 in
1288 855 1335 880 ra·

297 908 384 948 ptatu
413 906 598 938 incurrisset
625 903 706 944 ignis
734 902 963 943 offensionem,
979 904 1032 936 vel
1054 904 1150 937 etiam
1174 907 1335 939 terrenam

296 964 545 1005 complosionem
557 986 565 1001 ,
584 962 730 994 similiter
743 952 835 1003 aquae
849 962 1006 1004 lubricas,
1021 963 1246 1006 violentasque
1261 973 1335 998 ven-

295 1026 398 1055 torum
428 1021 602 1063 procellas,
633 1020 748 1062 hisque
775 1021 1086 1062 interpellationibus
1110 1023 1260 1056 omnibus
1280 1033 1335 1065 per

294 1090 411 1122 corpus
425 1080 463 1112 ad
487 1080 626 1112 animam
643 1079 919 1120 commeantibus,
931 1080 1095 1113 stimulata
1108 1090 1200 1114 mens
1218 1086 1335 1115 oestua-

292 1143 350 1173 ret.
394 1139 456 1178 Qui
480 1139 609 1180 quidem
630 1142 731 1171 aestus
755 1140 922 1180 propterea
943 1141 977 1172 et
991 1139 1100 1181 initio,
1123 1142 1156 1173 et
1180 1150 1266 1174 nunc
1284 1150 1335 1174 us-

291 1208 365 1241 que,
386 1207 499 1231 sensus
515 1199 789 1238 cognominantur,
814 1198 971 1231 maximos
986 1199 1208 1242 violentosque
1223 1203 1334 1234 motus

291 1259 424 1296 cientes;
444 1267 518 1290 cum
545 1257 681 1290 naturali
705 1257 903 1299 derivatione
928 1258 1057 1299 jugiter,
1080 1261 1112 1291 et
1137 1259 1205 1291 sine
1233 1259 1334 1292 inter-

292 1318 458 1358 missione,
494 1317 666 1357 effluente,
695 1317 849 1349 circuitus
875 1317 992 1350 animae
1019 1318 1112 1359 quasi
1141 1319 1334 1359 quibusdam

295 1376 477 1410 turbinibus
493 1376 588 1407 simul
614 1376 782 1417 quatiunt,
800 1376 890 1408 illum
919 1376 1050 1417 quidem
1072 1377 1244 1418 providum
1266 1379 1336 1419 ejus

289 1436 539 1476 consultumque
561 1436 683 1467 motum
696 1458 707 1475 ,
725 1434 843 1467 scilicet
863 1435 1007 1475 ejusdem
1025 1436 1156 1477 circuli,
1175 1437 1269 1478 quus
1288 1439 1337 1473 est

288 1496 464 1529 orbiculata
480 1494 778 1535 circumvolutatio,
801 1496 979 1527 statuentes
1001 1505 1009 1527 ε
1031 1499 1063 1528 et
1085 1499 1214 1537 contra,
1236 1506 1333 1539 quam

292 1554 345 1587 illa
371 1556 529 1593 movetur,
557 1557 748 1595 operanleS,
768 1554 1005 1596 imperiumque
1040 1555 1110 1595 ejus
1136 1558 1332 1598 respuentes.

291 1615 332 1648 At
348 1622 424 1646 vero
441 1613 557 1645 diversi
567 1611 686 1646 circuli
703 1613 837 1647 diversis
856 1614 999 1647 motibus
1011 1615 1205 1656 incertisque
1227 1616 1329 1648 famu-

256 1706 258 1708 ,
291 1673 412 1713 lantes,
433 1680 535 1714 usque
551 1672 630 1705 adeo
649 1675 702 1712 ut,
724 1673 799 1714 quia
818 1673 937 1706 limites
956 1674 1095 1715 duplicis
1113 1674 1198 1707 illius
1218 1679 1251 1708 et
1270 1675 1329 1708 tri-

291 1732 380 1773 plicis
396 1732 603 1773 quantitatis,
622 1733 655 1764 et
677 1733 753 1764 item
775 1732 943 1765 intervalla
958 1734 1071 1774 terna,
1089 1742 1146 1774 per
1161 1737 1334 1775 utrumque

295 1854 410 1890 θεῖσαι
436 1850 545 1891 πολὺν
575 1852 645 1891 οὔτ’
665 1851 831 1903 ἐκράτουν
865 1851 936 1891 οὔτ’
958 1854 1188 1905 ἐκρατοῦντο,
1222 1853 1281 1905 βίᾳ
1304 1854 1333 1892 δ’

252 1932 254 1936 v
295 1911 455 1964 ἐφέροντο
474 1910 534 1949 καὶ
548 1909 668 1962 ἔφερον
680 1940 690 1959 ,
711 1909 801 1950 ὥστε
817 1911 857 1950 τὸ
873 1911 934 1962 μὲν
950 1911 1028 1950 ὅλον
1049 1915 1218 1952 κινεῖσθαι
1231 1914 1333 1964 ζῷον,

295 1968 454 2012 ἀτάκτως
474 1967 543 2020 μὴν
569 1969 638 2021 ὅπῃ
657 1968 756 2021 τύχοι
772 1969 930 2022 προϊέναι
949 1969 1009 2008 καὶ
1036 1970 1190 2022 ἀλόγως,
1212 1970 1275 2015 τὰς
1319 1972 1333 2014 ξ

295 2027 435 2071 ἁπάσας
459 2027 609 2074 κινήσεις
629 2027 729 2080 ἔχον·
756 2027 803 2071 εἴς
824 2044 862 2067 τε
882 2028 949 2081 γὰρ
967 2028 1007 2067 τὸ
1026 2027 1155 2080 πρόσθε
1178 2029 1238 2068 καὶ
1257 2029 1334 2068 ὄπι-

294 2088 370 2125 σθεν
403 2085 463 2125 καὶ
494 2086 598 2124 πάλιν
619 2086 666 2130 εἷς
696 2085 791 2131 δεξιὰ
819 2086 880 2124 καὶ
905 2086 1072 2139 ἀριστερὰ
1093 2087 1191 2126 κάτω
1218 2103 1255 2125 τε
1275 2087 1334 2126 καὶ

294 2144 366 2182 ἄνω
403 2144 463 2182 καὶ
496 2144 613 2197 πάντῃ
648 2144 740 2184 κατὰ
779 2144 859 2189 τοὺς
897 2145 935 2190 ἓξ
970 2145 1095 2189 τόπους
1119 2145 1334 2196 πλανώμενα

293 2203 446 2257 προῄειν.
504 2204 644 2243 Πολλοῦ
671 2202 739 2255 γὰρ
765 2203 862 2247 ὄντος
890 2209 949 2243 τοῦ
975 2204 1251 2249 κατακλύζοντος
1276 2203 1335 2243 καὶ

294 2262 522 2315 ἀπορρέοντος
550 2261 727 2313 κύματος,
762 2261 781 2300 ὃ
810 2261 874 2309 τὴν
903 2262 1033 2315 τροφὴν
1063 2265 1254 2315 παρεῖχεν,
1284 2261 1335 2300 ἔτι

296 2320 402 2371 μείζω
432 2320 578 2373 θόρυὸον
613 2320 843 2372 ἀπειργάζετο
871 2320 915 2359 τὰ
943 2324 1012 2359 τῶν
1044 2321 1335 2374 προσπιπτόντων

243 2408 249 2411 «
296 2378 491 2429 παθήματα
514 2379 692 2427 ἑκάστοις,
714 2379 770 2418 ὅτε
791 2379 875 2431 πυρὶ
896 2380 1147 2434 προσκρούσειε
1167 2380 1206 2419 τὸ
1231 2381 1336 2431 σῶμά

295 2451 383 2480 τινος
418 2436 537 2481 ἔξωθεν
562 2437 733 2491 ἆλλοτρίῳ
759 2438 991 2492 περιτυχὸνῆ
1019 2439 1078 2478 καὶ
1111 2442 1241 2492 στερεῷ
1273 2442 1336 2490 γῆς

296 2496 410 2546 ὑγροῖς
428 2510 466 2533 τε
485 2495 717 2545 ὃλισθήμασιν
738 2497 870 2536 ὑδάτων
885 2528 895 2545 ,
921 2497 989 2536 εἴτε
1009 2498 1097 2551 ζάλῃ
1117 2498 1330 2549 πνευμάτων

295 2555 354 2591 ὑπ’
375 2554 471 2607 ἀέρος
490 2553 688 2606 φερομένων
721 2556 983 2609 καταληφθείη,
1009 2557 1069 2596 καὶ
1098 2558 1164 2596 ὑπὸ
1190 2558 1334 2596 πάντων

295 2611 423 2650 τούτων
444 2611 502 2650 διὰ
521 2615 581 2651 τοῦ
612 2612 771 2663 σώματος
800 2616 836 2652 αἱ
867 2614 1022 2660 κινήσεις
1047 2615 1105 2654 ἐπὶ
1135 2615 1196 2662 τὴν
1219 2617 1335 2669 ψυχὴν

296 2670 483 2722 φερόμεναι
511 2670 779 2723 προσπίπτοιεν·
800 2671 838 2711 αἲ
856 2674 897 2720 δὴ
919 2673 979 2712 καὶ
1001 2674 1123 2713 ἔπειτα
1143 2674 1198 2713 διὰ
1219 2679 1332 2713 ταῦτα

297 2728 492 2776 ἓκλήθησοίν
506 2744 542 2766 τε
557 2729 618 2768 καὶ
637 2733 698 2768 νῦν
716 2731 766 2769 ἔτι
786 2731 963 2778 αἰσθήσεις
980 2732 1175 2778 ξυνάπασαι
1191 2733 1336 2781 κέκλην-

296 2802 367 2826 ται.
423 2786 496 2827 Καὶ
518 2786 561 2834 δὴ
589 2787 650 2826 καὶ
677 2789 753 2826 τότε
774 2791 808 2828 ἐν
838 2792 886 2842 τῷ
908 2790 1053 2844 παρόντι
1082 2791 1250 2840 πλείστην
1276 2794 1336 2832 καὶ

298 2845 467 2896 μεγίστην
502 2846 742 2898 παρεχόμεναι
776 2848 911 2896 κίνησιν
927 2879 937 2896 ,
974 2850 1064 2900 μετὰ
1099 2855 1159 2889 τοῦ
1205 2853 1337 2905 ῥέοντος

297 2905 484 2955 ἐνδελεχῶς
502 2906 624 2956 ὀχετοῦ
654 2909 814 2944 κινοῦσαι
836 2907 896 2945 καὶ
917 2910 1072 2960 σφοδρῶς
1098 2910 1253 2948 σείουσαι
1275 2911 1337 2956 τὰς

297 2967 359 3011 τῆς
386 2965 502 3017 ψυχῆς
532 2964 735 3016 περιόδους,
764 2966 827 3013 τὴν
860 2967 922 3016 μὲν
952 2969 1076 3006 ταύτοῦ
1111 2970 1335 3008 παντάπασιν

299 3023 474 3070 ἐπέδησαν
494 3023 634 3061 ἐναντία
654 3026 741 3075 αὐτῇ
769 3024 930 3077 ῥέουσαι,
950 3026 1010 3064 καὶ
1030 3026 1177 3079 ἐπέσχον
1204 3028 1333 3080 ἄρχου-

300 3097 364 3119 σαν
385 3081 444 3120 acal
465 3084 607 3129 ἰοῦσαν,
626 3081 688 3128 τὴν
716 3084 745 3121 δ’
767 3078 809 3122 αῧ
839 3083 984 3135 θατέρου
1016 3084 1187 3125 διέσεισαν
1201 3116 1211 3133 ,
1242 3086 1331 3125 ὥστε

300 3212 432 3251 vissent‚
444 3212 528 3244 hunc
544 3212 770 3252 sequebantur.
814 3215 928 3254 Itaque
948 3223 1047 3254 quum
1064 3216 1260 3256 accepissent
1277 3217 1336 3249 im·

301 3270 433 3303 mortale
443 3270 632 3312 principium
646 3271 788 3303 mortalis
799 3271 980 3312 animantis,
992 3273 1153 3306 imitantes
1164 3275 1339 3315 genitorem

301 3328 522 3361 etessectorem
536 3329 598 3370 sui,
608 3330 778 3372 particulas
788 3329 871 3370 iguis
880 3333 912 3363 et
927 3331 1021 3363 terrm
1035 3332 1067 3364 et
1079 3341 1171 3372 aquae
1183 3334 1215 3365 et
1225 3333 1340 3365 animm

301 3396 320 3419 a
339 3388 459 3421 mundo
473 3413 482 3428 ‚
499 3396 580 3429 quas
599 3397 711 3421 rursus
735 3389 927 3430 redderent,
956 3390 1198 3431 mutuabantur,
1219 3400 1341 3432 easque

302 3446 384 3479 inter
412 3455 447 3480 se
461 3447 677 3489 copulabant,
704 3448 789 3480 baud
818 3448 933 3481 iisdem
954 3449 1110 3490 vinculis,
1130 3449 1251 3491 quibus
1276 3450 1338 3492 ipsi

303 3507 393 3538 erant
413 3506 569 3547 colligati,
592 3506 647 3540 sed
665 3507 803 3548 talibus,
819 3516 893 3549 quae
915 3507 1000 3540 oerni
1026 3517 1088 3540 non
1110 3510 1242 3549 possent
1263 3518 1336 3550 pro-

1396 377 1481 410 latus
1496 377 1716 420 epitritorum,
1734 378 2039 421 sescuplorumque,
2052 382 2084 412 et
2106 379 2182 412 item
2206 379 2442 421 epogdoorum,

1398 436 1623 470 medietatibus
1649 436 1858 478 continuata,
1876 437 2008 470 dissolvi
2028 446 2048 470 a
2079 437 2188 478 nullo,
2210 446 2307 478 quam
2332 437 2375 470 ab
2400 445 2442 472 eo

1396 496 1485 537 solo,
1501 497 1558 537 qui
1574 496 1745 537 junxerat,
1765 499 1913 538 poterant
1933 506 1942 529 :
1962 496 2052 529 omni
2066 498 2174 529 tamen
2188 496 2369 538 jactationis
2384 505 2440 538 ge·
2488 500 2490 544 J

1397 563 1474 587 nere
1492 554 1547 587 diu
1564 555 1891 595 vexarent‚adversis
1905 555 2047 587 motibus
2059 555 2118 588 sibi
2137 555 2275 587 invicem
2288 555 2440 595 animam,
2490 557 2491 560 ’

1395 614 1561 654 totamque
1578 614 1650 655 eius
1665 613 1877 647 substantiam
1888 638 1898 654 ,
1918 614 2043 646 diverse
2063 613 2277 647 distrahentes
2294 626 2303 647 z
2322 616 2360 647 ut
2375 622 2442 647 una

1395 672 1526 714 quidem
1547 672 1668 705 seratur
1692 681 1767 705 cum
1786 672 2038 705 confirmationis
2063 680 2132 704 suae
2156 672 2311 714 nexibus,
2330 680 2442 706 verum

1395 731 1462 764 sine
1496 731 1636 772 ratione,
1665 733 1776 773 utpote
1803 731 1944 764 motibus
1967 730 2244 772 discordantibus,
2276 734 2310 764 et
2329 730 2442 774 depra-

1395 791 1491 823 vante
1516 793 1641 823 rectum
1670 790 1730 822 iter
1754 799 1910 823 sensuum
1935 789 2097 823 illecebra.
2142 791 2315 832 Propterea
2338 790 2442 823 varias

1395 847 1620 882 inclinationes
1636 848 1753 880 animae
1775 847 1951 889 exsistere,
1967 849 2000 881 et
2015 847 2184 890 obliquas,
2202 850 2236 882 et
2251 848 2440 888 contrarias,

1395 910 1428 940 et
1445 907 1523 940 item
1544 907 1700 948 resupinis
1717 907 1844 939 casibus
1868 906 1990 940 similes
2005 919 2013 940 ε
2029 910 2066 940 ιιι
2091 908 2118 940 si
2143 906 2440 949 quis,·naturalem

1395 966 1548 999 membris
1566 966 1728 1007 regionem
1750 968 1879 998 mutans
1890 990 1900 1006 ,
1919 967 2016 1007 caput
2034 975 2092 1008 pro
2109 965 2243 1008 pedibus
2259 966 2329 999 solo
2348 966 2443 1007 ἣξεις

1396 1026 1492 1068 pedes
1508 1026 1540 1058 in
1555 1026 1655 1058 altum
1670 1034 1728 1067 pro
1744 1026 1848 1067 capite
1864 1026 2013 1058 sustollat
2030 1038 2038 1058 ι
2060 1027 2141 1059 tunc
2155 1026 2269 1068 opinor
2289 1028 2354 1059 tam
2371 1026 2441 1067 ejus

1395 1085 1450 1127 qui
1468 1086 1606 1127 patitur,
1628 1093 1725 1126 quam
1753 1093 1867 1117 eorum
1883 1084 1940 1126 qui
1964 1085 2132 1126 spectant,
2158 1084 2283 1118 dextroe
2310 1084 2442 1127 quidem

1399 1146 1504 1185 partes
1517 1168 1527 1183 ,
1549 1144 1710 1184 sinistrae;
1733 1143 1875 1176 sinistrae
1897 1152 1993 1184 vero,
2011 1143 2132 1176 dextroe
2152 1143 2316 1177 videntur.
2359 1143 2444 1176 luvi-

1396 1213 1467 1237 cem
1494 1205 1525 1237 id
1545 1205 1652 1246 ipsum
1673 1213 1803 1246 quoque
1826 1204 1945 1238 animae
1966 1205 2125 1238 circuitus
2147 1204 2323 1246 patiuntur.
2366 1206 2443 1237 Pro·

1394 1266 1568 1306 ptereaque
1579 1265 1688 1296 errant
1699 1262 1732 1295 in
1746 1263 1890 1303 ejusdem
1901 1262 2085 1306 diversique
2107 1263 2231 1304 generis
2243 1262 2440 1303 contempla-

1395 1323 1483 1356 tione
1511 1335 1518 1355 :
1550 1331 1624 1354 cum
1654 1321 1738 1364 quod
1761 1322 1946 1362 diversum,
1967 1321 2082 1354 idem:
2110 1324 2143 1355 et
2157 1320 2244 1363 quod
2260 1321 2346 1354 idem
2370 1324 2442 1361 est,

1395 1382 1574 1421 diversum,
1611 1380 1831 1413 imbecillitate
1862 1380 2063 1413 discernendi
2097 1381 2279 1412 autumant.
2323 1381 2444 1421 Estque

1397 1441 1466 1473 banc
1488 1449 1598 1472 earum
1621 1440 1713 1481 plena
1738 1439 1877 1480 erroris,
1895 1440 1930 1472 et
1953 1439 2122 1479 salsitatis,
2144 1438 2275 1480 opini03
2301 1439 2371 1470 orta
2398 1446 2440 1471 ex

1395 1499 1624 1540 depravatione
1643 1507 1799 1531 sensuum
1822 1510 1831 1530 ι
1860 1507 1920 1531 nec
1943 1497 2040 1530 babet
2057 1497 2158 1529 ullum
2181 1499 2307 1529 certum
2325 1497 2442 1529 ducem

1394 1557 1468 1590 talis
1502 1558 1689 1598 peragratio.
1737 1558 1887 1598 cumque
1916 1555 2105 1598 extrapositi
2137 1563 2252 1588 sensus
2285 1542 2489 1621 pulsarint‘]

1396 1616 1539 1648 animam
1558 1615 1782 1649 vehementius
1795 1639 1804 1656 ,
1821 1623 2016 1656 omnemque
2032 1623 2105 1647 eam
2130 1613 2346 1656 possederint;
2364 1616 2400 1646 tu

1396 1675 1451 1708 illa
1473 1674 1660 1716 subjugata,
1674 1675 1708 1707 et
1725 1673 1888 1715 serviens,
1909 1672 2109 1715 pontificium
2128 1671 2281 1714 aliquod,
2304 1672 2393 1713 potes

1394 1735 1544 1775 temque,
1570 1733 1709 1766 retinere
1738 1732 1816 1765 falso
1843 1733 1988 1775 putatur,
2017 1731 2195 1773 eademqne
2234 1729 2372 1772 passioni

1398 1853 1460 1896 τὰς
1494 1855 1554 1891 τοῦ
1589 1851 1775 1891 διπλασίου
1808 1850 1880 1890 ’καὶ
1913 1850 2124 1903 τριπλασίου
2151 1852 2241 1903 τρεῖς
2274 1849 2445 1903 ἑκατέρας

1397 1911 1607 1956 ἀποστάσεις
1633 1910 1694 1950 καὶ
1722 1910 1784 1955 τὰς
1808 1913 1877 1949 τῶν
1898 1909 2069 1960 ἡμιολίων
2088 1908 2149 1948 καὶ
2169 1907 2355 1962 ἐπιτρίτων
2381 1906 2443 1948 καὶ

1398 1970 1576 2022 ἐπογδόων
1597 1970 1793 2021 μεσότητας
1821 1968 1882 2008 καὶ
1911 1967 2108 2018 ξυνδέσειςς
2125 1966 2246 2015 ἐπειδὴ
2265 1967 2444 2010 παντελῶς

1397 2030 1498 2069 λυταὶ
1530 2032 1593 2069 οὐκ
1621 2025 1710 2078 ἦσαν
1737 2029 1829 2077 πλὴν
1860 2028 1928 2068 ὑπὸ
1959 2032 2020 2067 τοῦ
2051 2027 2299 2076 ξυνδήσαντος,
2325 2025 2444 2070 πάσας

1399 2089 1462 2138 μὲν
1484 2089 1632 2142 στρέψαι
1653 2087 1825 2142 στροφάς,
1844 2087 1962 2131 πάσας
1987 2085 2023 2126 δὲ
2042 2086 2184 2130 κλάσεις
2201 2085 2263 2125 καὶ
2278 2083 2443 2138 διαφορὰς

1398 2151 1466 2186 τῶν
1492 2148 1632 2186 κύκλων
1654 2148 1833 2199 ἐμποιεῖν,
1853 2149 1969 2199 ὃσαχῇ
2000 2162 2067 2198 περ
2090 2139 2132 2192 ἧν
2165 2143 2329 2193 δυνατόν,
2351 2142 2443 2182 ὥστε

1404 2209 1482 2258 μετ’
1501 2207 1665 2254 ἀλλήλων
1693 2206 1793 2259 μόγις
1813 2205 2043 2258 ξυνεχομένας
2061 2204 2224 2257 φέρεσθαι
2246 2202 2332 2253 μέν,
2359 2202 2443 2241 ἆλόο

1398 2282 1468 2318 γως
1490 2265 1526 2304 δὲ
1551 2265 1739 2319 φέρεσθαι,
1766 2264 1842 2304 τοτὲ
1863 2263 1926 2315 μὲν
1949 2263 2066 2307 ἀντίας
2079 2292 2091 2314 ,
2109 2262 2187 2301 τοτὲ
2204 2260 2242 2300 δὲ
2267 2259 2443 2313 πλαγίας,

1398 2324 1475 2363 τοτὲ
1493 2324 1523 2362 δ’
1541 2323 1666 2368 ὑπτίας
1677 2353 1688 2371 ,
1708 2317 1777 2362 οἷον
1794 2321 1877 2361 ὅταν
1897 2338 1950 2366 τις
1967 2320 2087 2364 ὕπτιος
2103 2319 2239 2372 ἐρείσας
2255 2318 2320 2366 τὴν
2332 2334 2443 2372 κεφα·

1398 2381 1463 2430 λὴν
1487 2381 1549 2433 μὲν
1571 2381 1630 2420 ἐπὶ
1649 2384 1735 2433 γ’ἥς,
1757 2379 1836 2424 τοὺς
1856 2379 1892 2418 δὲ
1918 2379 2028 2422 πόδας
2048 2378 2120 2417 ἄνω
2137 2376 2351 2430 προσὸαλὼν
2373 2376 2442 2430 ἔχῃ

1399 2440 1485 2493 πρός
1513 2456 1598 2490 τινι,
1618 2439 1696 2479 τότε
1723 2441 1757 2477 ἐν
1781 2438 1892 2491 τούτῳ
1910 2441 1962 2491 τῷ
1981 2438 2084 2476 πάθει
2103 2440 2163 2476 τοῦ
2182 2452 2220 2477 τε
2242 2436 2442 2489 πάσχοντος

1399 2499 1459 2538 καὶ
1471 2501 1540 2537 τῶν
1556 2498 1716 2552 ὁρώντων
1733 2497 1778 2535 τά
1795 2513 1834 2536 τε
1851 2496 1944 2542 δεξιὰ
1958 2495 2124 2549 ἀριστερὰ
2139 2494 2200 2534 καὶ
2215 2494 2261 2533 τὰ
2275 2492 2443 2548 ἀριστερὰ

1400 2557 1494 2602 δεξιὰ
1513 2557 1689 2610 ἑκατέροις
1703 2555 1747 2595 τὰ
1769 2555 1942 2608 ἑκατέρων
1965 2554 2190 2609 φαντάζεται.
2220 2569 2224 2572 ·
2245 2552 2385 2593 Ter-’arbro
2398 2551 2442 2600 δὴ

1399 2621 1502 2656 τοῦτο
1521 2616 1581 2655 καὶ
1598 2620 1744 2655 τοιαῦτα
1759 2614 1859 2668 ἔτερα
1879 2619 1916 2654 αἱ
1935 2612 2119 2668 περιφοραὶ
2138 2614 2339 2665 πάσχουσαι
2356 2626 2444 2664 σφο-

1402 2677 1508 2728 δρῶς,
1527 2674 1610 2714 ὅταν
1632 2672 1673 2725 γέ
1689 2689 1740 2726 τῳ
1752 2675 1821 2712 τῶν
1843 2672 1967 2718 ἔξωθεν
1984 2675 2047 2711 τοῦ
2066 2673 2193 2710 ταύτοῦ
2207 2670 2324 2722 γένους
2340 2667 2365 2715 ἢ
2381 2671 2443 2708 τοῦ

1397 2733 1542 2785 θατέρου
1560 2731 1800 2786 περιτύχωσι,
1827 2731 1905 2770 τότε
1923 2730 2049 2770 ταύτόν
2069 2746 2120 2783 τῳ
2139 2729 2199 2768 καὶ
2216 2726 2360 2786 θάτερόν
2379 2741 2443 2766 του

1397 2791 1565 2831 τάναντία
1590 2795 1659 2831 τῶν
1691 2793 1832 2838 ἀληθῶν
1864 2789 2186 2843 προσαγορεύουσαι
2216 2787 2353 2841 ψευδεῖς
2381 2784 2444 2824 καὶ

1401 2851 1540 2898 ἀνόητοι
1558 2850 1741 2902 γεγόνασιν
1753 2879 1764 2897 ,
1780 2849 1925 2900 οὐδεμία
1940 2864 1979 2888 τε
1999 2850 2033 2887 ἐν
2054 2850 2175 2891 αὐταῖς
2191 2846 2270 2886 τότε
2285 2843 2444 2898 περίοδος

1401 2911 1558 2963 ἄρχουσα
1573 2912 1645 2949 οὐδ’
1665 2908 1806 2961 ἡγεμών
1823 2911 1936 2948 ἐστιν·
1952 2908 1995 2947 ἂν
2016 2909 2045 2946 δ’
2063 2902 2106 2947 αὖ
2123 2906 2246 2952 ἔξωθεν
2265 2903 2443 2950 αἰσθήσεις

1399 2969 1485 3014 τινὲς
1513 2966 1710 3023 φερόμεναι
1734 2968 1795 3007 καὶ
1822 2970 2087 3020 προσπεσοῦσαι
2115 2963 2441 3011 ξυνεπισπάσωνται

1399 3029 1460 3068 καὶ
1483 3029 1521 3067 τὸ
1541 3032 1604 3076 τῆς
1623 3030 1738 3082 ψυχῆς
1769 3025 1863 3066 ἅπαν
1884 3025 2004 3074 κύτος,
2022 3024 2092 3063 τόθ’
2116 3018 2218 3063 αὗται
2241 3020 2371 3077 κρατοό

1398 3105 1453 3126 ναι
1481 3094 1622 3140 κρατεῖν
1655 3089 1807 3126 δοκοῦσι.
1870 3085 1941 3125 Καὶ
1968 3084 2024 3123 διὰ
2045 3084 2087 3131 δὴ
2115 3086 2227 3121 ταῦτα
2253 3077 2370 3120 πάντα

1400 3219 1469 3258 pter
1503 3218 1715 3258 parvitatem,
1746 3215 1869 3248 crebris
1911 3213 2002 3255 quasi
2039 3212 2182 3245 cuneolis
2215 3209 2443 3251 illiquel'aetis,

1399 3285 1498 3307 unum
1521 3275 1706 3308 efficiebant
1725 3283 1768 3307 ex
1787 3266 1938 3307 omnibus
1956 3280 2076 3313 corpus
2096 3284 2104 3304 z
2126 3271 2269 3310 itemque
2287 3268 2320 3300 in
2335 3276 2375 3300 eo
2391 3268 2442 3299 iu-

1400 3334 1515 3366 ssuente
1542 3336 1640 3374 atque
1667 3333 1821 3366 effluente
1849 3331 1950 3364 animi
1975 3328 2078 3362 divini
2101 3327 2242 3360 ambitus
2265 3324 2441 3366 illigabunt.

1401 3393 1513 3432 Itaque
1530 3392 1575 3425 illi
1596 3393 1629 3425 in
1650 3392 1769 3425 flumen
1795 3389 1955 3434 [ingens]
1983 3388 2146 3426 immersi,
2169 3392 2273 3426 neque
2293 3382 2444 3416 tenebant

1398 3459 1504 3491 neque
1521 3450 1724 3491 tenebantur,
1744 3450 1799 3483 sed
1817 3450 1849 3482 vi
1867 3448 2070 3490 magnatum
2097 3444 2240 3478 terebant
2263 3443 2333 3475 turn
2359 3441 2443 3474 tere-

1399 3509 1525 3540 bantur.
1569 3511 1619 3542 lta
1638 3510 1744 3541 totum
1759 3508 1878 3542 animal
1895 3506 2085 3540 movebatur
2108 3502 2188 3536 illud
2209 3501 2359 3543 quidem,
2381 3501 2442 3532 sed

2468 2661 2503 2712 ιι
