2606 3828
323 254 401 290 298

319 337 408 376 tiari
428 336 748 387 credentibusque
773 349 837 373 eos
867 334 934 385 qui
963 333 1031 372 illa
1053 341 1226 371 tenerent
1255 333 1357 384 apud

317 397 464 436 inferos
495 397 542 435 ad
571 396 829 449 principatum
862 394 1067 445 pervenire
1102 407 1111 429 :
1147 395 1357 431 Ridiculum

317 466 387 502 est,
407 457 560 508 inquit,
597 459 814 504 Agesilaum
834 463 874 491 et
895 454 1196 503 EpamInondam
1217 457 1257 490 in
1283 455 1359 491 luto

316 519 523 554 volutatum
542 520 604 561 iri,
630 516 789 552 humiles
801 522 927 551 autem
948 513 1114 549 homines
1132 516 1256 550 nescio
1270 527 1358 563 quos

317 578 481 612 initiatos
503 579 542 611 in
562 576 750 610 beatorum
768 574 900 609 insulis
904 571 1056 619 futuros
1068 585 1156 609 esse.

370 633 427 671 De
457 632 657 684 sepultura
680 632 784 669 idem
810 631 931 669 fertur
947 629 1138 678 sensisse,
1157 629 1262 680 quod
1283 628 1357 667 So-

316 700 439 730 crates
453 691 532 744 (13)
554 691 622 742 qui
638 703 679 729 se
690 690 858 728 ostendit
877 689 925 727 de
943 697 1026 727 toto
1044 689 1118 727 hoc
1138 701 1277 739 genere
1295 689 1356 728 ni-

314 751 370 790 hil
405 750 595 789 laborare.
625 749 765 788 Verum
786 748 923 787 durior
954 748 1026 786 fuit
1049 748 1266 798 Diogenes,
1288 750 1357 800 qui

314 818 357 848 ut
370 809 535 859 Cynicus
549 809 735 860 asperius,
749 821 790 846 se
804 807 947 859 projici
961 806 1081 858 jussit
1093 807 1351 846 inhumatum.

314 868 411 907 Tum
435 869 564 916 amici,
591 871 627 905 V
624 870 855 906 olucribusne
870 877 908 905 et
911 867 1042 915 feris?
1060 869 1223 905 Minime
1242 881 1353 915 vero,

312 928 452 979 inquit,
468 932 535 966 sed
549 931 721 966 bacillum
733 938 890 979 propter
901 942 960 966 me
971 956 983 974 ‚
1008 942 1081 977 quo
1097 929 1267 977 abigam,
1282 943 1355 978 po-

311 992 436 1026 nitote.
466 989 720 1037 Qut'poteris?
738 987 819 1035 illi3
849 1001 922 1024 non
949 991 1049 1025 enim
1078 991 1223 1027 semies.
1255 988 1360 1035 Quid

313 1050 428 1095 igitur
438 1045 709 1093 mihiferarum
726 1049 890 1083 laniatus
909 1045 1029 1083 oberit
1037 1047 1137 1082 nihil
1152 1049 1356 1085 sentienti?

310 1103 429 1142 Plura
447 1104 531 1155 ejus
552 1105 697 1156 scripta
717 1117 740 1143 a
754 1105 952 1144 veteribus
974 1114 1238 1143 memorantur
1255 1104 1351 1157 (14),

312 1163 478 1214 dialogi,
493 1164 723 1216 Cephalion,
740 1163 935 1215 Ichthyas‚
957 1164 1164 1213 Graculus,
1177 1165 1328 1204 Pardus
1341 1195 1353 1217 ,

310 1222 482 1275 Populus
502 1223 809 1272 Atheniensium,
830 1223 1081 1275 Respublica,
1107 1223 1259 1262 Morum
1279 1223 1353 1262 do-

310 1397 348 1404 —-
361 1380 428 1421 (13)
449 1381 559 1413 Cicero
571 1381 702 1414 Tuscul.
718 1383 746 1414 1.
766 1382 816 1412 43.
832 1399 875 1405 —
886 1380 953 1422 (14)
965 1381 1122 1420 Diogenes
1135 1380 1277 1412 Laertius
1296 1379 1349 1413 iib.

309 1429 366 1467 VI,
381 1432 444 1462 80:
463 1429 583 1470 φέρεται
606 1427 632 1460 δ’
655 1430 750 1461 αὐτοῦ
765 1429 870 1470 βιὸλία
888 1428 971 1460 τάδε·
994 1426 1151 1468 διάλογοι,
1169 1427 1350 1468 Κεφαλίων,

311 1477 445 1518 Ἰχθύας,
453 1475 595 1514 Κολοιός,
604 1477 768 1518 Πάρδαλις,
778 1479 882 1516 Δῆμος
895 1475 1076 1514 Ἀθηναίων,
1083 1475 1243 1516 Πολιτεία,
1251 1476 1352 1515 Τέχνη

309 1525 413 1564 ἠθική,
428 1524 503 1565 Περὶ
515 1524 662 1563 πλούτου,
677 1522 856 1565 Ἐρωτικός,
873 1523 1045 1565 Θεόδωρος,
1059 1523 1182 1565 Ὑψίας,
1195 1523 1353 1565 Ἀρίσταρ-

310 1583 376 1613 χος,
386 1572 462 1612 Περὶ
478 1571 626 1604 θανάτου.
639 1571 837 1609 Ἐπιστολαί,
848 1572 1018 1614 τραγῳδίαι
1032 1571 1123 1611 ἑπτά,
1136 1571 1258 1609 Ἑλένη,
1269 1571 1350 1604 Θυέ-

310 1630 403 1659 στης,
427 1619 599 1661 Ἡρακλῆς,
617 1620 788 1660 Ἀχιλλεύς,
809 1619 950 1658 Μήδεια,
967 1620 1151 1661 Χρύσιππος
1164 1643 1174 1659 ,
1187 1619 1349 1655 Οἰδίπους.

310 1666 509 1706 Σωσικράτης
521 1666 548 1699 δ’
563 1668 595 1700 ἐν
609 1671 654 1710 τῷ
671 1667 786 1709 πρώτῳ
804 1670 859 1705 τῆς
872 1667 1021 1708 διαδοχῆς
1041 1667 1093 1699 καὶ
1111 1665 1243 1708 Σάτυρος
1265 1666 1352 1706 ἐντῷ

1116 243 1184 284 DE
1212 242 1442 284 DIOGENE
1471 244 1673 286 CYNICO.

1418 334 1566 383 ctrina,
1588 335 1636 374 de
1654 335 1817 381 divitiis,
1839 336 2083 388 Amatorius,
2103 337 2355 388 Theodorus,
2379 339 2464 394 Hy-

1418 394 1540 445 psias,
1561 394 1822 445 Aristarchus,
1835 395 1883 433 de
1896 403 2040 444 morte;
2052 395 2255 449 Epistolae;
2268 398 2467 449 tragoediae

1418 462 1564 505 septem
1582 454 1680 505 (15),
1703 454 1868 502 Helena,
1891 453 2094 506 Thyestes,
2116 456 2321 506 Hercules,
2338 456 2469 497 Achil-

1417 511 1494 562 les,
1517 513 1672 561 Medea,
1695 514 1955 566 Chrysippus,
1977 514 2158 566 OEdipus.
2175 519 2226 555 At
2250 516 2463 557 Sosicratos

1417 571 1460 610 in
1488 573 1618 624 primo
1639 573 1907 613 Successionis
1922 582 1961 612 et
1990 573 2154 626 Satyrus
2185 575 2227 614 in
2247 585 2385 627 quarto
2415 577 2464 617 de

1415 631 1516 672 Vitis
1549 634 1649 673 nihil
1669 647 1806 672 eorum
1840 634 2029 686 Diogenis
2057 648 2138 675 esse
2183 636 2426 678 affirmabant
2451 651 2462 677 :

1417 694 1626 744 tragoedias
1644 702 1770 732 autem
1785 692 1912 744 ajebat
1927 693 2088 746 Satyrus
2098 694 2261 734 Philisci
2279 695 2464 746 AEginetae

1416 765 1521 800 esse,
1539 753 1728 803 Diogenis
1747 752 1947 804 discipuli.
1975 751 2113 792 Sotion
2137 754 2307 807 denique
2334 755 2377 794 in
2404 767 2464 796 se-

1415 812 1539 863 ptimo
1550 812 1630 850 haec
1641 811 1725 850 sola
1735 811 1922 861 Diogenis
1931 824 2015 851 esse
2028 813 2303 852 contendebat:
2318 813 2368 852 de
2378 815 2465 854 vir-

1416 879 1517 921 tute,
1545 870 1594 908 de
1623 869 1753 917 bono,
1782 869 2053 919 Amatorium,
2088 870 2330 919 Mendicum,
2363 873 2463 912 ‘1¹01-

1417 943 1553 968 maeum
1569 959 1579 978 ,
1601 929 1772 967 Pardum
1788 957 1800 975 ‚
1837 927 2097 968 Cassandrum
2111 960 2123 981 ,
2158 926 2434 982 Cephalionem
2448 961 2460 981 ‚

1414 990 1642 1035 Philiscum,
1655 987 1934 1036 Aristarchum,
1944 989 2174 1041 Sisyphum,
2182 989 2461 1043 Ganymedem,

1414 1048 1652 1096 Sententias,
1668 1047 1873 1100 Epistolas.
1895 1047 2084 1087 Caeterum
2101 1062 2188 1101 quae
2206 1058 2358 1089 exstant
2377 1050 2463 1102 ejus
2519 1052 2521 1054 ’

1415 1107 1625 1157 fragmenta
1644 1116 1729 1158 post
1743 1106 1932 1146 Orellium
1952 1108 2098 1160 Opusc.
2122 1117 2201 1149 vet.
2217 1110 2461 1153 Graec-’sena

1412 1174 1451 1203 et
1469 1179 1568 1206 mor.
1588 1174 1680 1204 tom.
1702 1165 1741 1203 11
1772 1165 1980 1216 diligenter
2008 1167 2138 1206 studio
2155 1180 2244 1207 meo
2277 1167 2462 1221 collecta,

1412 1225 1601 1263 recensita
1617 1233 1655 1263 et
1672 1225 1793 1263 latine
1813 1238 1927 1264 versu
1939 1224 2023 1276 jam
2045 1225 2268 1278 subjiciam.

1414 1380 1550 1422 τετάρτῳ
1560 1383 1621 1412 τῶν
1642 1380 1719 1421 βίων
1740 1379 1828 1412 οὐδὲν
1847 1380 1925 1412 εἶναι
1943 1380 2110 1420 Διογένους
2126 1380 2215 1420 φασί·
2238 1380 2278 1413 τά
2294 1392 2330 1414 τι
2343 1382 2462 1424 τραγῳὶ

1413 1428 1505 1470 δάριά
1516 1439 1608 1469 φησιν
1626 1430 1643 1460 ὁ
1659 1427 1794 1469 Σάτυρος
1809 1427 1963 1460 Φιλίσκου
1983 1427 2063 1460 εἶναι
2081 1431 2138 1460 τοῦ
2153 1428 2336 1469 Αἰγινήτου,
2347 1429 2463 1471 γνωρί-

1416 1486 1476 1516 μου
1488 1478 1544 1507 τοῦ
1562 1475 1738 1515 Διογένους.
1760 1473 1888 1506 Σωτίων
1899 1473 1927 1506 δ’
1941 1473 1974 1506 ἐν
1986 1477 2032 1515 τῷ
2046 1473 2170 1516 ἑὸδόμῳ
2183 1477 2282 1506 ταῦτα
2294 1475 2374 1516 μόνα
2385 1475 2462 1516 φησὶ

1414 1522 1577 1561 Διογένους
1591 1522 1680 1559 εἶναι,
1703 1523 1777 1564 Περὶ
1791 1523 1912 1564 ἀρετῆς,
1922 1523 1999 1564 Περὶ
2021 1522 2152 1563 ἀγαθοῦ,
2173 1522 2356 1564 Ἐρωτικόν,
2370 1523 2461 1556 Iltu-

1414 1570 1483 1611 χόν,
1493 1570 1661 1611 Τολμαῖον,
1670 1570 1841 1610 Πάρόαλιν,
1849 1569 2066 1611 Κάωανδρω,
2076 1569 2276 1611 Κεφαλίωνα,
2291 1570 2459 1611 Φιλίσκον,

1412 1617 1611 1659 Ἀρίσταρχον
1623 1643 1631 1657 ,
1647 1618 1801 1659 Σίσυφον,
1818 1618 2019 1658 Γανυμήδην,
2042 1617 2175 1659 Χρείας,
2195 1616 2395 1654 Ἐπιστολάς.
2417 1633 2460 1640 -

1415 1663 1482 1707 (15)
1499 1664 1574 1698 Vid.
1594 1666 1685 1698 Poet.
1701 1666 1811 1708 tragic.
1831 1667 1938 1701 Graec.
1966 1666 2157 1707 Fragmenta
2172 1674 2206 1708 p.
2224 1667 2283 1699 103
2301 1665 2411 1700 Didot.
