2638 3840
343 277 434 305 xmt

339 352 471 390 eodem
489 347 681 403 prooemio
698 346 817 385 verba
834 344 1010 396 quaedam
1028 340 1074 377 de
1091 340 1252 376 deorum
1269 337 1374 375 cultu

341 409 487 463 profert
501 409 673 458 aliasque
685 407 790 454 leges
809 418 830 442 e
849 402 1001 440 Zaleuci
1020 411 1133 450 opere
1148 397 1286 448 petitas
1307 395 1374 433 ad-

335 468 437 519 jicit.
458 468 579 505 Porro
610 465 797 502 dialectus
822 476 843 500 e
864 461 994 499 dorica
1026 460 1065 495 in
1087 467 1328 493 communem
1354 467 1377 492 a

341 526 514 565 librariis
548 533 691 562 mutata
706 551 715 569 ,
737 522 804 572 qui
842 523 1064 557 innumeros
1096 513 1238 552 Stobaei
1269 514 1376 552 locos

341 593 621 636 corruperunt,
638 581 733 619 nihil
750 579 900 631 probat.
921 577 1046 621 Quare
1065 587 1143 611 non
1159 571 1376 610 audiendus
1404 599 1406 609 ι

342 652 399 681 est
425 641 621 692 Bentlejus
652 640 727 690 (52)
751 638 818 688 qui
844 645 918 673 tam
942 633 991 671 ob
1018 632 1272 670 recentiorem
1295 630 1375 668 dia·

342 702 431 740 lecti
452 702 611 738 formam
633 711 745 748 quam
767 695 817 733 ol)
838 706 966 732 rerum
987 690 1229 742 quarundam
1244 718 1254 737 ,
1271 689 1379 727 velut

342 760 476 809 κόσμου
498 768 535 797 et
562 755 753 810 τραγῳδίας
780 750 1204 802 commemorationem,
1235 761 1378 799 corpus

339 819 439 870 juris
452 817 652 856 Locrensis
671 812 869 858 Ciceroni,
889 810 1062 848 Diodoro
1082 818 1120 847 et
1135 809 1223 846 aliis
1245 808 1379 857 cogni-

344 886 422 915 tum
450 885 537 928 post
559 872 695 911 'rimaei
721 869 895 908 historici
915 877 1090 920 tempora
1109 866 1267 906 insertis
1287 866 1378 915 qui-

344 936 505 973 busdam
530 932 680 981 legibus
705 942 798 967 vere
820 928 990 979 antiquis
1011 926 1177 964 Zaleuco
1198 925 1379 976 supposi-

344 1003 420 1031 tum
443 1005 523 1030 esse
552 988 760 1027 contendit.
789 987 962 1037 Namque
985 985 1136 1024 etiamsi
1160 984 1227 1022 ille
1258 984 1380 1021 codex

344 1053 466 1100 legum
488 1047 742 1099 interpolatus
761 1045 899 1096 fuerit,
921 1045 1129 1095 plerasque
1148 1052 1275 1081 tamen
1295 1042 1379 1092 ejus

342 1117 467 1161 partes
492 1107 660 1146 sinceras
680 1113 717 1143 et
735 1103 881 1156 probas
914 1103 1032 1141 fuisse
1060 1115 1175 1140 nemo
1206 1099 1376 1150 negabit.

395 1167 485 1204 Erat
500 1166 623 1215 igitur
640 1167 681 1202 in
695 1163 847 1203 Zaleuci
864 1160 1013 1211 legibus
1033 1169 1185 1198 cautum
1199 1189 1210 1208 ,
1229 1171 1277 1196 ne
1291 1159 1380 1208 quis

341 1233 507 1274 aegrotus
542 1223 696 1274 injussu
718 1221 860 1259 medici
889 1233 1037 1258 merum
1070 1217 1237 1257 biberet.
1266 1216 1380 1262 Quod

342 1285 409 1334 qui
431 1283 601 1329 fecisset,
621 1282 657 1320 ei
679 1282 741 1319 vel
762 1294 783 1318 e
800 1278 938 1318 morbo
952 1286 1124 1317 recreato
1145 1289 1251 1315 mors
1264 1289 1382 1328 poena

341 1339 645 1379 constituebatur
673 1337 763 1391 (53).
803 1337 995 1375 Praeterea
1024 1335 1219 1374 adulteros
1257 1334 1381 1372 oculis
1409 1336 1411 1352 ³

342 1399 553 1451 privandos
573 1411 655 1436 esse
675 1397 839 1435 censuit.
868 1395 996 1442 Quum
1024 1394 1106 1446 (54)
1129 1395 1251 1444 igitur
1277 1394 1382 1432 filius

343 1459 427 1510 ejus
455 1457 636 1496 adulterii
655 1456 817 1495 crimine
841 1455 1044 1494 damnatus
1075 1454 1287 1492 secundum
1315 1451 1382 1503 jus
1410 1472 1411 1476 =

343 1517 392 1555 ab
417 1517 503 1568 ipso
523 1516 772 1554 constitutum
794 1523 958 1565 utroque
978 1513 1092 1550 oculo
1113 1525 1244 1550 carere
1266 1510 1382 1550 debe-

342 1585 422 1624 ret,
437 1589 480 1614 ac
498 1584 576 1613 tota
594 1575 729 1613 civitas
750 1575 791 1612 in
813 1573 1002 1612 honorem
1021 1572 1145 1624 patris
1175 1584 1301 1623 poenae
1315 1583 1384 1608 ne-

347 1635 559 1672 cessitatem
579 1633 867 1671 adolescentulo
887 1633 1122 1678 remitteret,
1141 1629 1383 1681 aliquamdiu

343 1693 586 1744 repugnavit.
603 1691 660 1730 Ad
673 1692 850 1730 ultimum
866 1689 1049 1742 precibus
1064 1690 1201 1741 populi
1216 1689 1380 1739 evictus,

344 1798 375 1829 ἐν
389 1800 433 1838 τῷ
446 1795 599 1838 προοιμίῳ
613 1800 665 1835 τῆς
682 1797 752 1834 ὅλης
766 1794 947 1835 νομοθεσίας
965 1794 1021 1834 ἔφη
1038 1794 1102 1826 δεῖν
1121 1792 1192 1829 τοὺς
1205 1794 1385 1824 κατοικοῦν-

343 1856 396 1880 τας
423 1844 454 1876 ἐν
472 1847 510 1885 τῇ
539 1843 626 1875 πόλει
656 1843 779 1875 πάντων
805 1845 927 1883 πρῶτον
955 1841 1120 1873 ὑπολαὸεῖν
1143 1840 1197 1872 καὶ
1216 1840 1382 1872 πεπεῖσθαι

344 1890 428 1926 θεοὺς
449 1890 546 1929 εἶναι,
568 1891 621 1921 καὶ
648 1893 716 1926 ταῖς
734 1889 882 1925 διανοίαις
909 1888 1156 1925 ἐπισκοποῦντας
1179 1886 1232 1918 τὸν
1257 1885 1385 1927 οὐρανὸν

344 1938 396 1969 καὶ
412 1937 467 1975 τὴν
489 1937 697 1978 διακόσμησιν
720 1937 773 1968 καὶ
790 1936 873 1973 τάξιν
890 1935 1003 1978 κρίνειν
1028 1935 1065 1967 οὗ
1080 1935 1176 1976 τύχης
1196 1933 1261 1966 οὐδ’
1274 1933 1387 1974 ἀνθρώ-

344 1994 411 2015 πων
425 1984 501 2015 εἶναι
514 1987 612 2015 ταῦτα
626 1984 666 2016 τὰ
680 1983 967 2023 κατασκευάσματα
978 2007 986 2020 ,
1002 1982 1112 2014 σέὸεσθ
1118 1981 1149 2013 αί
1165 1992 1198 2012 τε
1214 1981 1285 2017 τοὺς
1299 1978 1386 2017 θεοὺς

345 2031 387 2067 ὡς
400 2029 525 2062 πάντων
545 2033 608 2063 τῶν
627 2031 719 2072 ἐντῷ
738 2029 797 2071 βίῳ
817 2030 922 2062 καλῶν
941 2029 995 2061 καὶ
1011 2028 1136 2066 ἀγαθῶν
1158 2026 1275 2063 αἰτίους
1297 2026 1386 2063 ὄντας

345 2080 408 2114 τοῖς
425 2078 595 2119 ἀνθρώποις
607 2102 616 2117 ,
630 2077 712 2119 ἔχειν
731 2077 764 2109 δὲ
785 2077 838 2109 καὶ
851 2078 906 2114 τὴν
924 2076 1027 2117 ψυχὴν
1044 2073 1182 2116 καθαρὰν
1202 2075 1307 2112 πάσης
1325 2085 1386 2106 κα·

344 2123 412 2160 κίας
434 2125 475 2160 ὡς
487 2127 548 2155 τῶν
563 2125 638 2155 θεῶν
658 2125 694 2155 οὐ
709 2124 878 2165 χαιρόντων
896 2125 963 2159 ταῖς
977 2125 1035 2154 τῶ*
1053 2123 1196 2163 πονηρῶν
1213 2121 1331 2157 θυσίαις
1352 2132 1387 2153 τε
1414 2140 1416 2152 ι

1414 2189 1416 2198 .
1447 2169 1521 2199 tem
1552 2161 1821 2199 incitarentur.
1870 2160 2003 2210 Neque
2041 2160 2144 2197 enim
2186 2159 2392 2210 quisquam
2425 2159 2492 2198 tali

346 2171 398 2201 καὶ
422 2171 571 2207 δαπάναις
586 2170 665 2202 ἀλλὰ
676 2173 742 2207 ταῖς
761 2174 823 2202 τῶν
842 2170 966 2210 ἀγαθῶν
991 2169 1108 2210 ἀνδρῶν
1126 2168 1260 2205 δικαίαις
1275 2179 1309 2200 τε
1331 2169 1384 2200 καὶ

346 2218 453 2254 καλαῖς
475 2217 702 2255 ἐπιτηδεύσεσι.
727 2217 786 2249 Διὰ
805 2217 838 2249 δὲ
859 2220 914 2248 τοῦ
936 2217 1099 2257 προοιμίου
1113 2215 1387 2257 προκαλεσάμενος

344 2265 414 2301 τοὺς
426 2264 552 2301 πολίτας
567 2265 608 2300 εἰς
620 2265 776 2297 εὐσέὸειαν
785 2266 838 2297 καὶ
852 2264 1049 2302 δικαιοσύνην
1058 2289 1066 2302 ,
1082 2264 1221 2301 ἐπέζευξε
1232 2264 1388 2305 προστάτ-

346 2323 407 2343 των
433 2312 548 2352 μηδένα
563 2315 625 2343 τῶν
650 2313 785 2344 πολιτῶν
809 2312 916 2354 ἐχθρὸν
947 2311 1179 2343 ἀκατάλλακτον
1199 2311 1301 2352 ἔχειν,
1322 2310 1390 2342 ἀλλ’

348 2359 429 2390 οὕτω
446 2360 496 2396 τὴν
517 2358 625 2400 ἔχθραν
638 2358 863 2399 ἀναλαμὸάνειν
878 2360 919 2403 ὡς
931 2358 1045 2396 ἥξοντα
1062 2358 1152 2389 πάλιν
1167 2359 1208 2393 εἰς
1229 2358 1377 2390 σύλλυσιν

349 2407 400 2437 καὶ
416 2406 532 2447 φιλίαν·
549 2407 603 2439 τὸν
619 2407 651 2439 δὲ
671 2407 744 2448 παρ’
764 2406 843 2438 αὐτὰ
860 2407 1010 2438 ποιοῦντα
1024 2405 1285 2446 διαλαμὸάνεσθαι
1302 2406 1387 2448 παρὰ

349 2456 410 2488 τοῖς
434 2452 573 2489 πολίταις
592 2453 743 2495 ἀνήμερον
760 2454 812 2485 καὶ
832 2454 938 2495 ἄγριον
961 2453 1017 2491 τὴν
1034 2452 1150 2494 ψυχήν.
1174 2453 1253 2488 Τοὺς
1274 2452 1306 2484 δὲ
1331 2452 1388 2494 ἄρ-

348 2509 460 2539 χοντας
478 2500 699 2541 παρεκελεύετο
725 2500 768 2540 μή
790 2501 869 2532 εἶναι
894 2500 1032 2536 αὐθάδεις
1061 2500 1137 2540 μηδὲ
1156 2498 1386 2540 ὑπερηφάνους,

349 2546 425 2585 μηδὲ
440 2546 552 2587 κρίνειν
575 2547 650 2589 πρὸς
671 2547 782 2588 ἔχθραν
802 2548 822 2586 ἢ
851 2547 964 2587 φιλίαν.
983 2546 1036 2579 Ἑν
1052 2547 1085 2578 δὲ
1105 2549 1168 2582 τοῖς
1196 2547 1277 2578 κατὰ
1299 2547 1389 2587 μέρος

348 2594 575 2634 νομοθετήμασι
594 2594 692 2625 πολλὰ
704 2593 776 2633 παρ’
796 2594 907 2625 ἑαυτοῦ
921 2594 1102 2634 προσεξεῦρε
1120 2593 1204 2633 μάλα
1216 2597 1319 2634 σοφῶς
1336 2595 1388 2625 καὶ

350 2643 510 2680 περιττῶς.
550 2653 591 2660 -
625 2641 691 2680 (52)
726 2640 889 2680 Bentlejus
916 2641 947 2671 in
985 2641 1158 2681 opusculis
1193 2641 1390 2681 philologieis

350 2695 419 2726 pag.
439 2688 586 2719 336·351.

392 2733 455 2772 (53)
471 2733 612 2765 AEiianus
625 2742 694 2765 var.
709 2733 784 2765 hist.
799 2733 854 2766 lib.
867 2735 910 2772 11,
925 2743 992 2775 cap.
1010 2737 1048 2766 37
1065 2747 1072 2766 ε
1088 2735 1243 2767 Ζαλεύκου
1254 2729 1309 2768 τὸῠ
1326 2738 1390 2767 Λο-

351 2782 426 2820 κροῦ
441 2780 548 2811 πολλοὶ
573 2779 628 2819 μέν
648 2780 708 2811 εἰσι
727 2781 781 2811 καὶ
806 2780 892 2812 ἄλλοι
908 2781 998 2821 νόμοι
1019 2782 1169 2813 κάλλιστα
1184 2783 1236 2813 καὶ
1262 2783 1304 2819 εἰς
1322 2783 1390 2814 δέον

350 2826 504 2867 κείμενοι,
519 2827 572 2857 καὶ
592 2825 680 2862 οὗτος
693 2826 726 2858 δὲ
741 2827 800 2867 οὐχ
812 2828 937 2865 ἥκιστα.
961 2827 997 2858 Et
1011 2839 1056 2864 τις
1075 2830 1205 2868 Λοκρῶν
1224 2833 1286 2861 τῶν
1302 2829 1390 2861 Ἐπι-

351 2871 496 2913 ζεφυρίων
516 2875 617 2903 νοσῶν
643 2872 726 2903 ἔπιεν
750 2873 832 2903 οἶνον
853 2872 1003 2913 ἄκρατον,
1025 2874 1066 2914 μή
1090 2874 1317 2914 προστάξαντος
1335 2879 1391 2907 τοῦ

353 2921 570 2962 θεραπεῦοντος
581 2946 589 2960 ,
608 2922 634 2953 εἰ
661 2923 714 2953 καὶ
738 2923 910 2962 περιεσώθη
921 2947 929 2960 ,
945 2923 1072 2958 Θάνατος
1085 2925 1104 2959 ἡ
1125 2924 1219 2964 ζημία
1233 2924 1271 2963 ἧν
1286 2925 1389 2966 αὐτῷ,

353 2968 399 2999 ὅτι
409 2992 418 3008 ,
439 2969 481 3009 μὴ
494 2968 686 3009 προσταχθὲν
705 2968 791 3008 αὐτῷ
803 2994 810 3007 ,
826 2969 877 3000 ὅδε
889 2968 985 3000 ἔπιεν.
999 2969 1099 3000 Paulo
1113 2969 1203 3001 aliter
1216 2971 1390 3003 Athenaeus

353 3015 408 3047 lib.
423 3017 463 3053 X,
482 3024 513 3054 p.
533 3017 593 3046 429
611 3018 636 3046 A
655 3027 663 3045 2
677 3015 761 3055 παρὰ
777 3015 809 3046 δὲ
825 3017 958 3056 Λοκροῖς
973 3018 1039 3051 τοῖς
1055 3015 1290 3057 Ἐπιζεφυρίοις,
1306 3017 1390 3054 εἴτις

354 3062 486 3101 ἄκρατον
500 3061 566 3093 ἔπιε
585 3061 626 3101 μὴ
638 3061 861 3101 προστάξαντος
877 3062 983 3102 ἰατροῦ
999 3062 1158 3102 θεραπείας
1171 3064 1278 3102 ἕνεκα,
1301 3063 1389 3095 θάνα-

353 3119 405 3144 τος
419 3108 457 3148 ἦν
470 3110 490 3146 ἡ
501 3107 593 3145 ζημία
604 3131 613 3146 ,
629 3108 784 3138 Ζαλεύκου
796 3109 848 3139 τὸν
867 3108 960 3148 νόμον
981 3109 1090 3144 θέντος.
1107 3126 1148 3132 -
1163 3110 1229 3150 (54)
1242 3111 1391 3142 Valerius

354 3156 516 3186 Maximus
531 3154 586 3186 lib.
606 3156 658 3192 VI,
681 3163 748 3195 cap.
767 3158 796 3186 5.
822 3155 973 3186 Similiter
994 3156 1137 3187 AElianus
1155 3165 1222 3189 var.
1239 3157 1314 3189 hist.
1335 3157 1389 3189 lib.

354 3203 446 3242 xm,
461 3210 531 3241 cap.
551 3204 588 3233 24
605 3213 611 3232 :
633 3202 783 3236 Ζαλευκος
797 3202 814 3231 ὁ
826 3203 956 3241 Λοκρῶν
973 3203 1136 3242 νομοθέτης
1153 3204 1319 3244 προσέταξε
1340 3204 1392 3235 τὸν

356 3248 466 3289 μοιχὸν
485 3248 599 3279 ἁλόντα
619 3247 824 3279 ἐκκόπτεσθαι
852 3248 922 3283 τοὺς
939 3248 1122 3288 ὀφθαλμούς.
1140 3249 1173 3280 Ἃ
1195 3249 1298 3281 τοίνυν
1316 3250 1395 3290 μηδὲ

356 3293 587 3334 προσεδόκησε,
601 3296 701 3325 ταῦτα
718 3295 735 3325 ὁ
752 3292 875 3339 δαίμων
892 3294 978 3334 αὐτῷ
993 3294 1077 3334 παρὰ
1089 3295 1144 3332 τήν
1164 3295 1252 3331 δόξαν
1267 3297 1320 3327 καὶ
1337 3298 1391 3334 τήν

359 3340 466 3371 ἐλπίδα
486 3341 650 3380 ἐπήγαγεν.
669 3341 706 3372 ‘0
730 3340 789 3380 γάρ
810 3351 858 3371 τοι
887 3344 959 3376 παῖς
979 3341 1070 3376 ἁλοὺς
1095 3341 1144 3372 ἐπὶ
1170 3343 1310 3383 μοιχείᾳ,
1326 3342 1393 3374 εἶτα

357 3387 461 3426 ἔμελλε
474 3387 634 3419 πείσεσθαι
646 3387 685 3418 τὰ
700 3388 735 3418 ἐκ
747 3391 802 3418 τοῦ
816 3388 962 3428 πατρῴου
974 3387 1082 3426 νόμου.
1097 3387 1249 3420 Ἐνταῦθα
1259 3413 1267 3428 ,
1281 3390 1330 3420 ἵνα
1346 3391 1388 3429 μὴ

358 3434 505 3474 διαφθαρῇ
517 3436 553 3465 τὸ
567 3433 649 3470 ἅπαξ
659 3434 874 3476 κεκυρωμένον
884 3457 895 3473 ,
907 3434 1067 3474 ὑπέμεινεν
1081 3435 1171 3471 αὐτὸς
1191 3436 1207 3466 ὁ
1222 3435 1392 3474 εἰσηγησά-

359 3491 446 3520 μενος
457 3481 532 3521 ὺπὲρ
546 3484 602 3512 τοῦ
624 3481 729 3521 ἑτέρου
748 3483 810 3512 τῶν
826 3483 881 3511 τοῦ
902 3481 1011 3517 παιδὸς
1037 3481 1201 3522 ὀφθαλμῶν
1220 3483 1392 3514 ἀντιδοῦναι

1188 252 1256 290 DE
1285 248 1598 290 PYTHAGORA

1435 350 1506 374 suo
1519 335 1629 387 prius
1641 363 1651 382 ,
1664 332 1803 371 deinde
1822 331 1896 370 filii
1909 331 2022 370 oculo
2037 339 2147 370 eruto
2162 359 2174 382 ,
2185 345 2297 370 usum
2314 332 2474 371 videndi

1435 394 1592 444 utrique
1618 391 1789 442 reliquit.
1815 390 1875 428 Ita
1901 389 2075 428 debitum
2099 391 2284 441 supplicii
2316 391 2476 429 modum

1435 451 1511 501 legi
1550 450 1720 488 reddidit
1732 478 1743 497 ,
1785 448 1977 499 aequitatis
2021 447 2246 487 admirabili
2289 457 2476 502 tempera·

1436 518 1587 559 mento,
1609 522 1649 547 se
1670 509 1773 546 inter
1798 506 2090 546 misericordem
2109 515 2256 558 patrem
2272 516 2311 546 et
2327 507 2475 559 justum

1437 569 1534 618 legis
1550 569 1708 606 latorem
1726 567 1905 619 partitus.
1924 565 2022 604 Sunt
2034 566 2195 617 quinon
2210 566 2396 606 adulteris
2410 568 2478 606 sed

1441 628 1593 666 furibus
1632 628 1711 679 (55)
1742 640 1824 665 eam
1854 638 2010 678 poenam
2044 638 2067 663 a
2085 625 2250 664 Zaleuco
2270 627 2478 676 irrogatam

1438 700 1518 726 esse
1536 686 1727 738 prodant,
1750 685 1790 723 id
1812 686 1918 736 quod
1939 698 1961 723 a
1975 684 2320 723 verisimilitudine
2339 685 2479 724 abhor-

1439 755 1511 785 ret.
1534 745 1702 796 Insuper
1721 745 1804 794 lege
1827 744 1956 782 sanxit
1973 744 2036 782 vir
2061 743 2189 782 omnis
2208 743 2334 782 divini
2365 753 2480 795 atque

1437 805 1598 844 humani
1608 804 1711 855 juris
1727 803 2037 842 consultissimus
2058 800 2154 855 (56),
2169 810 2212 841 ut
2230 815 2310 841 rem
2330 812 2482 842 contro-

1439 877 1589 902 versam
1611 863 1802 914 pendente
1822 862 1948 900 adhuc
1966 862 2034 900 lite
2052 861 2270 913 possideret
2284 861 2341 910 is,
2361 875 2482 914 penes

1441 935 1555 973 quem
1577 930 1659 960 erat
1680 934 1798 972 quum
1820 934 1934 959 causa
1951 921 1994 958 in
2010 919 2206 971 judicium
2226 920 2390 960 deducta
2407 930 2479 963 est.

1440 979 1546 1017 Idem
1568 979 1647 1030 (57)
1669 979 1880 1017 dissolutos
1902 978 2134 1016 feminarum
2159 991 2290 1017 mores
2309 991 2390 1018 non
2409 992 2484 1018 su-

1439 1039 1523 1077 bita
1542 1040 1583 1078 vi
1610 1051 1875 1090 compescere,
1891 1037 1958 1076 sed
1973 1038 2159 1089 paulatim
2178 1037 2384 1076 emendare
2401 1047 2484 1078 stu·

1441 1098 1539 1146 duit,
1557 1107 1750 1136 matronas
1764 1097 1965 1147 dignitatis
1977 1109 2056 1135 suae
2070 1096 2212 1135 oblitas
2227 1109 2307 1135 non
2319 1098 2485 1150 pecunia

1442 1157 1661 1196 multandas
1675 1187 1685 1205 ‚
1715 1156 1781 1195 sed
1807 1156 2027 1206 ignominia
2051 1157 2238 1195 notandas
2257 1155 2485 1198 arbitratus.

1440 1217 1686 1269 Quapropter
1721 1215 2011 1254 ambulantibus
2037 1214 2269 1254 mulieribus
2294 1216 2481 1266 'ingenuis

1441 1276 1615 1325 singulas
1652 1284 1800 1313 tantum
1828 1275 1990 1314 ancillas
2023 1274 2183 1313 comites
2216 1274 2307 1314 addi
2332 1275 2484 1324 voluit,

1442 1335 1519 1373 nisi
1552 1335 1650 1372 forte
1678 1334 1797 1372 ebriae
1819 1343 1960 1374 essent.
1991 1333 2186 1372 Nimirum
2217 1333 2437 1374 temulentae
2463 1347 2488 1373 a

1442 1393 1624 1445 pluribus
1643 1392 1785 1431 deduci
1802 1401 1840 1430 et
1852 1401 2033 1444 poterant
2045 1400 2083 1430 et
2101 1391 2307 1432 debebant.
2331 1392 2391 1431 Ad
2405 1391 2487 1431 haec

1443 1453 1568 1492 vetuit
1586 1461 1703 1491 noctu
1719 1465 1767 1490 ex
1783 1451 1881 1490 urbe
1897 1453 2008 1490 exire
2026 1451 2207 1490 mulieres
2222 1459 2364 1503 praeter
2381 1451 2488 1490 adul-

1444 1521 1555 1550 teras.
1586 1511 1743 1550 Accedit
1763 1510 1870 1562 quod
1903 1510 2059 1548 feminis
2086 1511 2201 1548 castis
2234 1519 2272 1548 et
2299 1510 2487 1550 modestis

1443 1585 1552 1610 usum
1580 1571 1745 1609 vestium
1766 1571 1941 1622 purpura
1965 1578 2238 1621 praetextarum
2261 1570 2488 1609 monilium-

1447 1644 1524 1682 que
1546 1636 1584 1670 et
1607 1637 1927 1669 ornamentorum
1947 1642 1996 1667 ex
2023 1642 2118 1667 auro
2145 1629 2371 1680 interdixit,
2393 1630 2489 1669 solis

1447 1688 1720 1729 meretricibus
1755 1688 1848 1726 talia
1892 1701 2099 1740 corporum
2138 1687 2336 1727 lenocinia
2369 1689 2490 1727 relin-

1446 1761 1583 1799 quens.
1612 1748 1790 1798 Denique
1808 1748 2016 1799 praecepit,
2039 1759 2088 1785 ne
2107 1747 2197 1798 quis
2221 1747 2284 1785 vir
2302 1746 2489 1785 annulum

1446 1807 1696 1846 subauratum
1727 1807 1770 1844 in
1795 1806 1918 1856 digito
1937 1806 2097 1845 haberet
2115 1819 2213 1844 neve
2232 1806 2354 1858 pallio
2376 1805 2491 1844 Mile·

1449 1867 1519 1905 siis
1535 1866 1654 1905 simili
1674 1874 1864 1913 uteretur,
1881 1866 1958 1904 nisi
1984 1865 2162 1904 mercede
2177 1878 2218 1904 se
2236 1864 2491 1917 prostitueret

1447 1939 1491 1964 ac
1510 1925 1738 1977 pudicitiam
1762 1933 2039 1976 prosterneret.
2062 1924 2190 1970 Quum
2209 1924 2331 1974 igitur
2352 1923 2490 1964 Zaleu-

1451 1998 1518 2023 cus
1547 1997 1675 2022 acrem
1705 1997 1746 2023 se
1771 1984 1958 2023 vitiorum
1974 1984 2147 2035 judicem
2168 1983 2379 2036 praeberet,
2406 1985 2493 2036 ipsa

1448 2045 1518 2082 illa
1537 2057 1652 2094 quam
1672 2042 1899 2081 hominibus
1919 2042 2146 2094 imponebat
2164 2042 2382 2092 ignominia
2397 2042 2492 2081 effe-

1447 2103 1499 2140 cit
1512 2133 1523 2153 ,
1543 2111 1586 2140 ut
1604 2115 1626 2140 a
1644 2101 1753 2140 vitiis
1773 2100 2012 2139 abstinerent
2029 2109 2067 2138 et
2080 2100 2129 2138 ad
2147 2100 2350 2139 colendam
2366 2100 2492 2139 virtu-

1450 2232 1566 2271 poena
1585 2220 1785 2271 proposita
1803 2218 1962 2257 irrideri
1981 2231 2004 2255 a
2023 2217 2179 2256 civibus
2195 2216 2365 2258 volebat.
2386 2217 2493 2257 Adde

1447 2355 1500 2387 τὸν
1519 2356 1632 2387 ἑαυτοῦ
1641 2379 1651 2394 ,
1671 2355 1723 2387 ἶνα
1737 2354 1780 2393 μὴ
1793 2355 1810 2386 ὁ
1822 2352 1982 2389 νεανίσκος
2001 2353 2144 2394 τυφλωθῇ
2154 2352 2279 2389 τελέως.
2290 2369 2333 2376 -
2349 2352 2416 2394 (55)
2433 2355 2494 2386 Ηθι

1448 2401 1586 2433 raclides
1598 2401 1628 2432 in
1645 2401 1779 2433 Politiis.
1794 2420 1836 2428 —
1850 2401 1915 2440 (56)
1939 2398 2093 2439 Polybius
2114 2399 2170 2430 lib.
2188 2400 2263 2438 ΧΠ,
2280 2401 2318 2431 16
2335 2411 2343 2431 :
2357 2399 2492 2433 κελεύειν

1447 2450 1506 2491 γὰρ
1524 2450 1577 2482 τὸν
1591 2449 1747 2481 Ζαλεύκου
1760 2447 1854 2488 νόμον
1871 2449 1980 2478 τοῦτον
1990 2446 2052 2478 δεῖν
2065 2448 2186 2488 κρατεῖν
2202 2449 2265 2478 τῶν
2280 2445 2492 2486 ἀμφισὸητου-

1449 2500 1548 2538 μένων
1568 2499 1657 2538 μέχρι
1670 2501 1724 2536 τῆς
1740 2496 1872 2538 κρίσεως
1885 2494 1958 2536 παρ’
1975 2493 2012 2526 οὗ
2036 2494 2092 2532 τήν
2109 2494 2237 2534 ἀγωγὴν
2256 2493 2422 2535 evasae-m
2444 2495 2493 2534 γί-

1447 2544 1713 2585 γνεσθαι....παρὰ
1733 2546 1853 2575 τούτων
1875 2542 1908 2574 δὲ
1933 2542 1988 2580 τὴν
2004 2541 2132 2582 ἆγωῨὴν
2157 2542 2204 2573 ἀεὶ
2224 2541 2383 2583 γίγνεσθαι
2395 2566 2404 2579 .
2417 2543 2492 2584 παρ’

1448 2592 1493 2628 οἷς
1505 2592 1542 2623 ἂν
1560 2592 1693 2633 ἔσχατον
1707 2591 1850 2633 ἀδήριτον
1869 2589 1890 2631 ᾗ
1914 2589 2025 2631 χρόνον
2046 2589 2116 2620 τινὰ
2136 2589 2263 2629 γεγονὸς
2284 2589 2321 2622 τὸ
2336 2590 2494 2631 ἀμφισὸη-

1448 2639 1613 2680 τούμενον·
1646 2639 1699 2671 ἐὰν
1717 2638 1750 2670 δέ
1777 2650 1822 2674 τις
1840 2637 2025 2678 ἀφελόμενος
2047 2636 2102 2678 βίᾳ
2123 2635 2208 2677 παρά
2234 2647 2316 2673 τινος
2342 2635 2492 2679 ἀπαγάγῃ

1450 2687 1526 2729 πρὸς
1539 2686 1668 2725 ἑαυτόν,
1691 2685 1824 2717 κᾶπειτα
1838 2684 1923 2726 παρὰ
1940 2686 2050 2715 τοῦτον
2070 2684 2126 2721 τὴν
2148 2682 2276 2723 ἀγωγὴν
2296 2684 2314 2715 ὁ
2333 2684 2493 2726 προῦποίρ·

1449 2745 1515 2775 χων
1546 2736 1672 2772 ποιῆται
1707 2732 1878 2770 δεσπότης,
1906 2732 1964 2763 οὐκ
1985 2731 2064 2763 εἶναι
2083 2730 2198 2767 ταύτην
2219 2730 2338 2772 κυρίαν.
2357 2748 2402 2755 -
2424 2731 2490 2773 (57)

1450 2780 1608 2812 Diodorus
1622 2779 1676 2812 lib.
1695 2781 1768 2819 xli,
1784 2787 1854 2819 cap.
1870 2781 1906 2810 21
1925 2787 1933 2808 :
1950 2780 2012 2809 τῶν
2030 2777 2089 2818 γὰρ
2104 2777 2206 2808 ἄλλων
2223 2777 2369 2809 ἁπάντων
2389 2778 2491 2819 ἁμαρ-

1449 2830 1610 2859 τανουσῶν
1622 2829 1777 2867 γυναικῶν
1793 2824 1959 2866 ἀργυρικὰς
1975 2824 2086 2865 ζημίας
2103 2823 2280 2864 τεταχότων
2298 2823 2386 2860 οὗτος
2403 2824 2491 2865 φιλο-

1450 2875 1550 2915 τέχνῳ
1570 2873 1734 2915 προστίμῳ
1753 2872 1807 2909 ,τὰς
1830 2871 2000 2907 ἀκολασίας
2017 2871 2119 2902 αὐτῶν
2141 2871 2361 2911 διωρθώσατο·
2378 2871 2493 2912 ἔγραψε

1450 2921 1509 2962 γὰρ
1532 2921 1632 2960 οὕτω,
1648 2920 1770 2960 γυναικὶ
1785 2918 1925 2960 ἐλευθέρᾳ
1943 2918 1985 2958 μὴ
1999 2918 2106 2949 πλεῖον
2120 2917 2300 2949 ἀκολουθεῖν
2324 2920 2395 2958 μιᾶς
2409 2919 2492 2959 θερα-

1452 2968 1591 3005 παινίδος
1606 2968 1660 3000 ἐὰν
1687 2968 1730 3008 μὴ
1750 2966 1866 3007 μεθύῃ,
1889 2965 1966 3006 μηδὲ
1991 2965 2099 3001 ἐξιέναι
2124 2962 2285 3001 νυκτὸς’ἐκ
2301 2969 2355 3002 τῆς
2374 2965 2493 3003 πόλεως

1452 3017 1478 3047 εἰ
1500 3016 1543 3056 μή
1561 3015 1803 3057 μοιχευομένην,
1820 3013 1897 3054 μηδὲ
1913 3012 2121 3053 περιτίθεσθαι
2142 3012 2258 3053 χρυσία
2279 3012 2357 3053 μηδὲ
2379 3013 2494 3051 ἐσθῆτα

1453 3063 1693 3104 παρυφασμένην
1711 3061 1766 3093 ἐὰν
1787 3062 1829 3101 μή
1847 3059 1867 3100 ᾖ
1888 3059 2012 3100 ἑταίρα.
2034 3059 2111 3099 μηδὲ
2132 3060 2185 3090 τὸν
2206 3059 2303 3100 ἄνδρα
2323 3063 2425 3100 φορεῖν
2440 3061 2496 3092 δα-

1453 3109 1573 3139 κτύλιον
1595 3108 1775 3150 ὑπόχρυσον
1795 3107 1871 3148 μηδὲ
1890 3106 2013 3146 ἱμάτιον
2036 3106 2234 3145 ἷσομιλὴσιον
2244 3130 2255 3145 ,
2276 3106 2329 3137 ἐὰν
2348 3107 2390 3147 μὴ
2408 3108 2494 3139 ἑται-

1453 3154 1576 3195 ρεύηται
1594 3155 1614 3192 ἢ
1635 3154 1829 3195 μοιχεύηται.
1858 3152 1914 3183 Διὸ
1935 3151 1989 3182 καὶ
2009 3150 2122 3192 ῥᾳδίως
2144 3154 2210 3188 ταῖς
2228 3155 2291 3183 τῶν
2314 3147 2494 3194 προστίμων

1452 3203 1594 3242 αἰσχραῖς
1625 3201 1855 3243 ὑπεξαιρέσεσιν
1885 3199 2036 3239 ἀπέτρεψε
2060 3202 2114 3237 τῆς
2136 3199 2286 3241 βλαὸερᾶς
2305 3203 2416 3241 τρυφῆς
2440 3199 2494 3231 καὶ

1452 3247 1620 3285 ἀκολασίας
1644 3251 1707 3280 τῶν
1735 3246 1986 3287 ἐπιτηδευμάτων
1997 3254 2004 3262 ·
2039 3246 2137 3282 οὐδεὶς
2173 3247 2233 3288 γὰρ
2262 3247 2405 3279 ἐδούλετο
2438 3247 2495 3285 τήν

1452 3295 1585 3336 αἰσχρὰν
1605 3296 1736 3328 κόλασιν
1750 3294 1947 3336 ὁμολογήσας
1964 3295 2197 3333 καταγέλαστος
2221 3295 2252 3326 ἐν
2271 3297 2335 3331 τοῖς
2354 3293 2495 3330 πολίταις

1453 3342 1541 3374 εἶναι.
1571 3343 1679 3375 Πολλὰ
1703 3343 1736 3374 δὲ
1759 3343 1812 3374 καὶ
1830 3342 1908 3373 ἄλλα
1933 3345 1996 3373 τῶν
2014 3342 2216 3380 συμὸολαίων
2238 3343 2291 3374 καὶ
2313 3345 2376 3373 τῶν
2394 3342 2495 3372 ἄλλων

1452 3393 1512 3420 τῶν
1537 3391 1618 3422 κατὰ
1643 3391 1696 3422 τὸν
1720 3390 1788 3431 βίον
1811 3389 2111 3430 ἀμφισὸητουμένων
2139 3390 2243 3426 καλῶς
2273 3389 2494 3430 ἐνομοθέτησε,

1452 3437 1519 3477 περὶ
1531 3438 1574 3469 ὧν
1589 3441 1662 3478 ἡμῖν
1681 3439 1796 3480 μακρὸν
1810 3438 1846 3469 ἂν
1862 3438 1909 3475 εἴη
1925 3436 2050 3479 γράφειν
2059 3439 2113 3468 καὶ
2127 3442 2179 3476 τῆς
2193 3438 2396 3480 ὑποκειμένης
2411 3439 2495 3469 ἱστο-

1452 3483 1519 3525 ρίας
1536 3485 1702 3518 ἀνοίκειον·
1722 3485 1827 3527 διόπερ
1841 3485 1890 3517 ἐπὶ
1907 3485 1946 3516 τὰ
1962 3487 2080 3526 συνεχῆ
2093 3487 2158 3521 τοῖς
2175 3486 2403 3528 προειρημένοις
2422 3485 2497 3516 ἀνα·
