<?xml version="1.0" encoding="UTF-8"?>
<!DOCTYPE html PUBLIC "-//W3C//DTD XHTML 1.0 Transitional//EN"
    "http://www.w3.org/TR/xhtml1/DTD/xhtml1-transitional.dtd">
<html xmlns="http://www.w3.org/1999/xhtml" xml:lang="en" lang="en">
 <head>
  <title>
</title>
<meta http-equiv="Content-Type" content="text/html;charset=utf-8" />
  <meta name='ocr-system' content='tesseract 3.04.00' />
  <meta name='ocr-capabilities' content='ocr_page ocr_carea ocr_par ocr_line ocrx_word'/>
</head>
<body>
  <div class='ocr_page' id='page_1' title='image "./fragmentaphiloso02mulluoft_0236.png"; bbox 0 0 2638 3840; ppageno 0'>
   <div class='ocr_carea' id='block_1_1' title="bbox 0 1659 56 3840">
    <p class='ocr_par' dir='ltr' id='par_1_1' title="bbox 0 1659 56 3840">
     <span class='ocr_line' id='line_1_1' title="bbox 0 1659 56 3840; baseline 0 0"><span class='ocrx_word' id='word_1_1' title='bbox 0 1659 56 3840; x_wconf 95' lang='lat' dir='ltr'> </span> 
     </span>
    </p>
   </div>
   <div class='ocr_carea' id='block_1_2' title="bbox 350 298 1395 1951">
    <p class='ocr_par' dir='ltr' id='par_1_2' title="bbox 350 298 1395 1951">
     <span class='ocr_line' id='line_1_2' title="bbox 366 298 436 330; baseline 0 0"><span class='ocrx_word' id='word_1_2' title='bbox 366 298 376 330; x_wconf 92' lang='grc' dir='ltr'>Ι</span> <span class='ocrx_word' id='word_1_3' title='bbox 389 299 436 330; x_wconf 84' lang='grc'>28</span> 
     </span>
     <span class='ocr_line' id='line_1_3' title="bbox 359 370 1395 423; baseline -0.001 -13"><span class='ocrx_word' id='word_1_4' title='bbox 359 371 575 423; x_wconf 78' lang='grc' dir='ltr'>γενικώτατα</span> <span class='ocrx_word' id='word_1_5' title='bbox 607 372 666 410; x_wconf 86' lang='grc' dir='ltr'>καὶ</span> <span class='ocrx_word' id='word_1_6' title='bbox 694 370 898 409; x_wconf 82' lang='grc' dir='ltr'>εἷδικώτατα</span> <span class='ocrx_word' id='word_1_7' title='bbox 932 383 1015 408; x_wconf 83' lang='lat' dir='ltr'><strong>csse</strong></span> <span class='ocrx_word' id='word_1_8' title='bbox 1046 370 1141 409; x_wconf 85' lang='lat' dir='ltr'><strong>vult.</strong></span> <span class='ocrx_word' id='word_1_9' title='bbox 1165 371 1220 407; x_wconf 80' lang='lat' dir='ltr'>De</span> <span class='ocrx_word' id='word_1_10' title='bbox 1249 370 1310 408; x_wconf 85' lang='lat' dir='ltr'><strong>his</strong></span> <span class='ocrx_word' id='word_1_11' title='bbox 1341 371 1395 409; x_wconf 84' lang='lat' dir='ltr'>ita</span> 
     </span>
     <span class='ocr_line' id='line_1_4' title="bbox 359 428 1394 483; baseline 0 -15"><span class='ocrx_word' id='word_1_12' title='bbox 359 431 496 469; x_wconf 82' lang='lat' dir='ltr'><strong>scribit</strong></span> <span class='ocrx_word' id='word_1_13' title='bbox 513 431 607 481; x_wconf 83' lang='lat' dir='ltr'><strong>lsag.</strong></span> <span class='ocrx_word' id='word_1_14' title='bbox 628 445 709 483; x_wconf 84' lang='lat' dir='ltr'><strong>cap.</strong></span> <span class='ocrx_word' id='word_1_15' title='bbox 730 445 751 468; x_wconf 81' lang='lat'>2</span> <span class='ocrx_word' id='word_1_16' title='bbox 775 445 782 468; x_wconf 92' lang='lat'><strong>:</strong></span> <span class='ocrx_word' id='word_1_17' title='bbox 802 428 1045 481; x_wconf 81' lang='grc' dir='ltr'>γενικώτατον,</span> <span class='ocrx_word' id='word_1_18' title='bbox 1065 428 1150 479; x_wconf 79' lang='grc' dir='ltr'>ὑπὲρ</span> <span class='ocrx_word' id='word_1_19' title='bbox 1169 428 1187 466; x_wconf 89' lang='grc' dir='ltr'>ὃ</span> <span class='ocrx_word' id='word_1_20' title='bbox 1206 430 1266 466; x_wconf 80' lang='grc' dir='ltr'>οὐκ</span> <span class='ocrx_word' id='word_1_21' title='bbox 1281 428 1322 467; x_wconf 80' lang='grc' dir='ltr'>ἂν</span> <span class='ocrx_word' id='word_1_22' title='bbox 1340 429 1394 475; x_wconf 83' lang='grc' dir='ltr'>εἴη</span> 
     </span>
     <span class='ocr_line' id='line_1_5' title="bbox 358 485 1393 541; baseline -0.001 -14"><span class='ocrx_word' id='word_1_23' title='bbox 358 490 444 528; x_wconf 84' lang='grc' dir='ltr'>ἄλλο</span> <span class='ocrx_word' id='word_1_24' title='bbox 472 489 735 536; x_wconf 74' lang='grc' dir='ltr'>ἐπαναὸεὸηκὸς</span> <span class='ocrx_word' id='word_1_25' title='bbox 752 489 857 541; x_wconf 87' lang='grc' dir='ltr'>γένος·</span> <span class='ocrx_word' id='word_1_26' title='bbox 881 486 1102 525; x_wconf 81' lang='grc' dir='ltr'>εἰδικώτατον</span> <span class='ocrx_word' id='word_1_27' title='bbox 1121 485 1159 525; x_wconf 88' lang='grc' dir='ltr'>δέ</span> <span class='ocrx_word' id='word_1_28' title='bbox 1171 517 1184 537; x_wconf 84' lang='lat'><em>,</em></span> <span class='ocrx_word' id='word_1_29' title='bbox 1203 487 1278 536; x_wconf 88' lang='grc' dir='ltr'>μεθ’</span> <span class='ocrx_word' id='word_1_30' title='bbox 1295 487 1313 527; x_wconf 86' lang='grc' dir='ltr'>ὃ</span> <span class='ocrx_word' id='word_1_31' title='bbox 1332 489 1393 526; x_wconf 84' lang='grc' dir='ltr'>οὐκ</span> 
     </span>
     <span class='ocr_line' id='line_1_6' title="bbox 358 540 1392 595; baseline 0 -10"><span class='ocrx_word' id='word_1_32' title='bbox 358 547 399 585; x_wconf 82' lang='grc' dir='ltr'>ἂν</span> <span class='ocrx_word' id='word_1_33' title='bbox 420 548 473 595; x_wconf 91' lang='grc' dir='ltr'>εἴη</span> <span class='ocrx_word' id='word_1_34' title='bbox 500 549 585 587; x_wconf 85' lang='grc' dir='ltr'>ἄλλο</span> <span class='ocrx_word' id='word_1_35' title='bbox 607 547 821 594; x_wconf 71' lang='grc' dir='ltr'>ὓποὸεὸηκὸς</span> <span class='ocrx_word' id='word_1_36' title='bbox 853 540 951 588; x_wconf 70' lang='grc' dir='ltr'>εἶδος.</span> <span class='ocrx_word' id='word_1_37' title='bbox 988 546 1163 584; x_wconf 85' lang='lat' dir='ltr'><strong>Alterum</strong></span> <span class='ocrx_word' id='word_1_38' title='bbox 1198 546 1310 585; x_wconf 83' lang='lat' dir='ltr'><strong>etiam</strong></span> <span class='ocrx_word' id='word_1_39' title='bbox 1336 548 1392 585; x_wconf 86' lang='lat' dir='ltr'><strong>sic</strong></span> 
     </span>
     <span class='ocr_line' id='line_1_7' title="bbox 356 597 1392 659; baseline 0 -15"><span class='ocrx_word' id='word_1_40' title='bbox 356 607 513 645; x_wconf 80' lang='lat' dir='ltr'><strong>delinit:</strong></span> <span class='ocrx_word' id='word_1_41' title='bbox 533 607 551 645; x_wconf 87' lang='grc' dir='ltr'>ὃ</span> <span class='ocrx_word' id='word_1_42' title='bbox 568 606 663 659; x_wconf 84' lang='grc' dir='ltr'>γένος</span> <span class='ocrx_word' id='word_1_43' title='bbox 683 605 720 644; x_wconf 86' lang='grc' dir='ltr'>ὂν</span> <span class='ocrx_word' id='word_1_44' title='bbox 740 607 801 644; x_wconf 84' lang='grc' dir='ltr'>οὐκ</span> <span class='ocrx_word' id='word_1_45' title='bbox 827 605 918 643; x_wconf 84' lang='grc' dir='ltr'>ἔστιν</span> <span class='ocrx_word' id='word_1_46' title='bbox 939 597 1027 647; x_wconf 73' lang='grc' dir='ltr'>εἶδος</span> <span class='ocrx_word' id='word_1_47' title='bbox 1039 634 1050 651; x_wconf 87' lang='grc'>,</span> <span class='ocrx_word' id='word_1_48' title='bbox 1078 605 1239 643; x_wconf 86' lang='lat' dir='ltr'><strong>alterum</strong></span> <span class='ocrx_word' id='word_1_49' title='bbox 1263 604 1282 643; x_wconf 84' lang='grc' dir='ltr'>ὃ</span> <span class='ocrx_word' id='word_1_50' title='bbox 1305 599 1392 650; x_wconf 79' lang='grc' dir='ltr'>εἶδος</span> 
     </span>
     <span class='ocr_line' id='line_1_8' title="bbox 356 663 1338 716; baseline -0.001 -13"><span class='ocrx_word' id='word_1_51' title='bbox 356 665 391 703; x_wconf 85' lang='grc' dir='ltr'>ὂν</span> <span class='ocrx_word' id='word_1_52' title='bbox 416 667 477 704; x_wconf 80' lang='grc' dir='ltr'>οὐκ</span> <span class='ocrx_word' id='word_1_53' title='bbox 497 665 569 704; x_wconf 84' lang='grc' dir='ltr'>ἔστι</span> <span class='ocrx_word' id='word_1_54' title='bbox 588 666 696 716; x_wconf 80' lang='grc' dir='ltr'>γένος.</span> <span class='ocrx_word' id='word_1_55' title='bbox 721 664 827 701; x_wconf 82' lang='lat' dir='ltr'><strong>Adde</strong></span> <span class='ocrx_word' id='word_1_56' title='bbox 846 663 1003 701; x_wconf 80' lang='lat' dir='ltr'><strong>Aristot.</strong></span> <span class='ocrx_word' id='word_1_57' title='bbox 1023 663 1151 713; x_wconf 81' lang='lat' dir='ltr'><strong>Categ-</strong></span> <span class='ocrx_word' id='word_1_58' title='bbox 1172 678 1255 715; x_wconf 83' lang='lat' dir='ltr'><strong>cap.</strong></span> <span class='ocrx_word' id='word_1_59' title='bbox 1278 665 1311 702; x_wconf 83' lang='lat'>5.</span> <span class='ocrx_word' id='word_1_60' title='bbox 1328 664 1338 716; x_wconf 94' lang='lat'>)</span> 
     </span>
     <span class='ocr_line' id='line_1_9' title="bbox 408 721 1391 778; baseline -0.001 -15"><span class='ocrx_word' id='word_1_61' title='bbox 408 739 453 763; x_wconf 79' lang='lat'>³0.</span> <span class='ocrx_word' id='word_1_62' title='bbox 482 724 687 778; x_wconf 81' lang='grc' dir='ltr'>Διαφέροντι</span> <span class='ocrx_word' id='word_1_63' title='bbox 703 723 737 761; x_wconf 82' lang='grc' dir='ltr'>δὲ</span> <span class='ocrx_word' id='word_1_64' title='bbox 757 725 867 760; x_wconf 78' lang='grc' dir='ltr'>ταῦτα</span> <span class='ocrx_word' id='word_1_65' title='bbox 879 721 1062 769; x_wconf 84' lang='grc' dir='ltr'>ἀλλάλων,</span> <span class='ocrx_word' id='word_1_66' title='bbox 1080 721 1133 760; x_wconf 81' lang='grc' dir='ltr'>ὅτι</span> <span class='ocrx_word' id='word_1_67' title='bbox 1149 722 1194 761; x_wconf 78' lang='grc' dir='ltr'>τὰ</span> <span class='ocrx_word' id='word_1_68' title='bbox 1210 722 1272 773; x_wconf 81' lang='grc' dir='ltr'>μὲν</span> <span class='ocrx_word' id='word_1_69' title='bbox 1291 726 1391 762; x_wconf 84' lang='grc' dir='ltr'>ἐναν·</span> 
     </span>
     <span class='ocr_line' id='line_1_10' title="bbox 355 780 1390 835; baseline -0.001 -14"><span class='ocrx_word' id='word_1_70' title='bbox 355 783 411 821; x_wconf 88' lang='grc' dir='ltr'>τία</span> <span class='ocrx_word' id='word_1_71' title='bbox 432 786 493 823; x_wconf 80' lang='grc' dir='ltr'>οὐκ</span> <span class='ocrx_word' id='word_1_72' title='bbox 513 784 647 833; x_wconf 79' lang='grc' dir='ltr'>ἀνάγκα</span> <span class='ocrx_word' id='word_1_73' title='bbox 668 782 742 831; x_wconf 86' lang='grc' dir='ltr'>ἅμα</span> <span class='ocrx_word' id='word_1_74' title='bbox 765 780 920 832; x_wconf 87' lang='grc' dir='ltr'>γίνεσθαι</span> <span class='ocrx_word' id='word_1_75' title='bbox 938 785 954 804; x_wconf 80' lang='lat'>‘¹</span> <span class='ocrx_word' id='word_1_76' title='bbox 978 781 1049 818; x_wconf 80' lang='grc' dir='ltr'>οὔδ’</span> <span class='ocrx_word' id='word_1_77' title='bbox 1076 780 1151 831; x_wconf 82' lang='grc' dir='ltr'>ἅμα</span> <span class='ocrx_word' id='word_1_78' title='bbox 1181 782 1390 835; x_wconf 79' lang='grc' dir='ltr'>φθείρεσθαι·</span> 
     </span>
     <span class='ocr_line' id='line_1_11' title="bbox 355 838 1386 893; baseline -0.001 -13"><span class='ocrx_word' id='word_1_79' title='bbox 355 842 466 891; x_wconf 78' lang='grc' dir='ltr'>ὑγίεια</span> <span class='ocrx_word' id='word_1_80' title='bbox 480 842 496 865; x_wconf 71' lang='lat'>¹)</span> <span class='ocrx_word' id='word_1_81' title='bbox 515 841 580 893; x_wconf 83' lang='grc' dir='ltr'>γὰρ</span> <span class='ocrx_word' id='word_1_82' title='bbox 601 841 690 893; x_wconf 83' lang='grc' dir='ltr'>νόσῳ</span> <span class='ocrx_word' id='word_1_83' title='bbox 709 838 861 878; x_wconf 81' lang='grc' dir='ltr'>ἐναντίον</span> <span class='ocrx_word' id='word_1_84' title='bbox 890 839 949 877; x_wconf 78' lang='grc' dir='ltr'>καὶ</span> <span class='ocrx_word' id='word_1_85' title='bbox 978 840 1106 892; x_wconf 85' lang='grc' dir='ltr'>ἅρεμία</span> <span class='ocrx_word' id='word_1_86' title='bbox 1125 840 1241 880; x_wconf 85' lang='grc' dir='ltr'>κινάσι</span> <span class='ocrx_word' id='word_1_87' title='bbox 1262 846 1288 888; x_wconf 81' lang='lat'>⁰,</span> <span class='ocrx_word' id='word_1_88' title='bbox 1307 843 1386 881; x_wconf 86' lang='grc' dir='ltr'>ἀλλ’</span> 
     </span>
     <span class='ocr_line' id='line_1_12' title="bbox 354 896 1390 951; baseline 0 -12"><span class='ocrx_word' id='word_1_89' title='bbox 354 900 430 939; x_wconf 82' lang='grc' dir='ltr'>οὔτε</span> <span class='ocrx_word' id='word_1_90' title='bbox 451 900 562 951; x_wconf 84' lang='grc' dir='ltr'>ὑγίεια</span> <span class='ocrx_word' id='word_1_91' title='bbox 575 899 666 951; x_wconf 86' lang='grc' dir='ltr'>νόσῳ</span> <span class='ocrx_word' id='word_1_92' title='bbox 680 898 896 950; x_wconf 86' lang='grc' dir='ltr'>συνυπάρχει</span> <span class='ocrx_word' id='word_1_93' title='bbox 917 896 995 937; x_wconf 86' lang='grc' dir='ltr'>οὔτε</span> <span class='ocrx_word' id='word_1_94' title='bbox 1012 899 1142 950; x_wconf 84' lang='grc' dir='ltr'>ἅρεμία</span> <span class='ocrx_word' id='word_1_95' title='bbox 1159 899 1289 938; x_wconf 88' lang='grc' dir='ltr'>κινάσι·</span> <span class='ocrx_word' id='word_1_96' title='bbox 1311 899 1390 939; x_wconf 79' lang='grc' dir='ltr'>οὐδὲ</span> 
     </span>
     <span class='ocr_line' id='line_1_13' title="bbox 355 956 1389 1011; baseline -0.003 -13"><span class='ocrx_word' id='word_1_97' title='bbox 355 961 422 1009; x_wconf 87' lang='grc' dir='ltr'>μὰν</span> <span class='ocrx_word' id='word_1_98' title='bbox 445 960 518 1009; x_wconf 76' lang='grc' dir='ltr'>ἅμα</span> <span class='ocrx_word' id='word_1_99' title='bbox 547 957 678 1009; x_wconf 87' lang='grc' dir='ltr'>γίνεται</span> <span class='ocrx_word' id='word_1_100' title='bbox 713 956 787 995; x_wconf 75' lang='grc' dir='ltr'>οὐδὲ</span> <span class='ocrx_word' id='word_1_101' title='bbox 824 956 894 1007; x_wconf 79' lang='grc' dir='ltr'>μὰν</span> <span class='ocrx_word' id='word_1_102' title='bbox 923 956 999 1006; x_wconf 83' lang='grc' dir='ltr'>ἅμα</span> <span class='ocrx_word' id='word_1_103' title='bbox 1028 957 1202 1010; x_wconf 78' lang='grc' dir='ltr'>φθείρεται</span> <span class='ocrx_word' id='word_1_104' title='bbox 1228 958 1389 1011; x_wconf 84' lang='grc' dir='ltr'>ἑκάτερον</span> 
     </span>
     <span class='ocr_line' id='line_1_14' title="bbox 354 1014 1389 1070; baseline 0 -14"><span class='ocrx_word' id='word_1_105' title='bbox 354 1020 482 1057; x_wconf 86' lang='grc' dir='ltr'>αὐτῶν.</span> <span class='ocrx_word' id='word_1_106' title='bbox 537 1016 636 1061; x_wconf 70' lang='grc' dir='ltr'>Ἵίξις</span> <span class='ocrx_word' id='word_1_107' title='bbox 673 1014 709 1054; x_wconf 86' lang='grc' dir='ltr'>δὲ</span> <span class='ocrx_word' id='word_1_108' title='bbox 736 1015 886 1067; x_wconf 83' lang='grc' dir='ltr'>γενέσιος</span> <span class='ocrx_word' id='word_1_109' title='bbox 916 1017 976 1054; x_wconf 88' lang='grc' dir='ltr'>καὶ</span> <span class='ocrx_word' id='word_1_110' title='bbox 1005 1016 1165 1068; x_wconf 83' lang='grc' dir='ltr'>στέρησις</span> <span class='ocrx_word' id='word_1_111' title='bbox 1193 1017 1389 1070; x_wconf 74' lang='grc' dir='ltr'>διαφέροντι</span> 
     </span>
     <span class='ocr_line' id='line_1_15' title="bbox 353 1073 1391 1128; baseline 0 -14"><span class='ocrx_word' id='word_1_112' title='bbox 353 1076 485 1127; x_wconf 83' lang='grc' dir='ltr'>τούτῳ,</span> <span class='ocrx_word' id='word_1_113' title='bbox 510 1074 562 1113; x_wconf 77' lang='grc' dir='ltr'>ὅτι</span> <span class='ocrx_word' id='word_1_114' title='bbox 581 1074 626 1113; x_wconf 77' lang='grc' dir='ltr'>τὰ</span> <span class='ocrx_word' id='word_1_115' title='bbox 653 1074 715 1125; x_wconf 84' lang='grc' dir='ltr'>μὲν</span> <span class='ocrx_word' id='word_1_116' title='bbox 748 1073 889 1112; x_wconf 83' lang='grc' dir='ltr'>ἐναντία</span> <span class='ocrx_word' id='word_1_117' title='bbox 918 1074 1140 1124; x_wconf 73' lang='grc' dir='ltr'>μεταὸάλλεν</span> <span class='ocrx_word' id='word_1_118' title='bbox 1159 1075 1175 1097; x_wconf 85' lang='lat'>‘¹</span> <span class='ocrx_word' id='word_1_119' title='bbox 1204 1075 1334 1128; x_wconf 75' lang='grc' dir='ltr'>πέφυκε</span> <span class='ocrx_word' id='word_1_120' title='bbox 1360 1078 1391 1120; x_wconf 80' lang='grc' dir='ltr'>ἐς</span> 
     </span>
     <span class='ocr_line' id='line_1_16' title="bbox 354 1128 1389 1184; baseline 0.001 -12"><span class='ocrx_word' id='word_1_121' title='bbox 354 1134 510 1182; x_wconf 84' lang='grc' dir='ltr'>ἅλλαλα,</span> <span class='ocrx_word' id='word_1_122' title='bbox 531 1128 602 1172; x_wconf 77' lang='grc' dir='ltr'>οἷον</span> <span class='ocrx_word' id='word_1_123' title='bbox 622 1133 660 1172; x_wconf 85' lang='grc' dir='ltr'>τὸ</span> <span class='ocrx_word' id='word_1_124' title='bbox 679 1132 770 1184; x_wconf 78' lang='grc' dir='ltr'>ὑγιὲς</span> <span class='ocrx_word' id='word_1_125' title='bbox 793 1134 827 1176; x_wconf 84' lang='grc' dir='ltr'>ἐς</span> <span class='ocrx_word' id='word_1_126' title='bbox 843 1133 881 1171; x_wconf 83' lang='grc' dir='ltr'>τὸ</span> <span class='ocrx_word' id='word_1_127' title='bbox 902 1134 1055 1183; x_wconf 90' lang='grc' dir='ltr'>κάμνον,</span> <span class='ocrx_word' id='word_1_128' title='bbox 1079 1134 1119 1172; x_wconf 86' lang='grc' dir='ltr'>τὸ</span> <span class='ocrx_word' id='word_1_129' title='bbox 1146 1133 1181 1172; x_wconf 82' lang='grc' dir='ltr'>δὲ</span> <span class='ocrx_word' id='word_1_130' title='bbox 1202 1134 1334 1183; x_wconf 84' lang='grc' dir='ltr'>κάμνον</span> <span class='ocrx_word' id='word_1_131' title='bbox 1358 1137 1389 1178; x_wconf 82' lang='grc' dir='ltr'>ἔς</span> 
     </span>
     <span class='ocr_line' id='line_1_17' title="bbox 352 1191 1386 1247; baseline 0.004 -18"><span class='ocrx_word' id='word_1_132' title='bbox 352 1192 390 1230; x_wconf 83' lang='grc' dir='ltr'>τὸ</span> <span class='ocrx_word' id='word_1_133' title='bbox 405 1192 503 1244; x_wconf 80' lang='grc' dir='ltr'>ὑγιές·</span> <span class='ocrx_word' id='word_1_134' title='bbox 523 1191 588 1237; x_wconf 79' lang='grc' dir='ltr'>ἕξις</span> <span class='ocrx_word' id='word_1_135' title='bbox 610 1191 644 1231; x_wconf 83' lang='grc' dir='ltr'>δὲ</span> <span class='ocrx_word' id='word_1_136' title='bbox 664 1191 724 1229; x_wconf 77' lang='grc' dir='ltr'>καὶ</span> <span class='ocrx_word' id='word_1_137' title='bbox 750 1191 909 1244; x_wconf 89' lang='grc' dir='ltr'>στέρησις</span> <span class='ocrx_word' id='word_1_138' title='bbox 931 1192 1064 1241; x_wconf 85' lang='grc' dir='ltr'>οὐκέτι,</span> <span class='ocrx_word' id='word_1_139' title='bbox 1082 1192 1172 1231; x_wconf 81' lang='grc' dir='ltr'>ἀλλὰ</span> <span class='ocrx_word' id='word_1_140' title='bbox 1192 1193 1260 1238; x_wconf 79' lang='grc' dir='ltr'>ἕξις</span> <span class='ocrx_word' id='word_1_141' title='bbox 1279 1194 1386 1247; x_wconf 87' lang='grc' dir='ltr'>ἔρχε·</span> 
     </span>
     <span class='ocr_line' id='line_1_18' title="bbox 351 1250 1391 1305; baseline 0.002 -16"><span class='ocrx_word' id='word_1_142' title='bbox 351 1266 408 1289; x_wconf 87' lang='grc' dir='ltr'>ται</span> <span class='ocrx_word' id='word_1_143' title='bbox 429 1253 491 1300; x_wconf 81' lang='grc' dir='ltr'>μὲν</span> <span class='ocrx_word' id='word_1_144' title='bbox 510 1253 543 1295; x_wconf 84' lang='grc' dir='ltr'>ἐς</span> <span class='ocrx_word' id='word_1_145' title='bbox 561 1257 576 1275; x_wconf 76' lang='lat'><strong>⁰</strong></span> <span class='ocrx_word' id='word_1_146' title='bbox 596 1251 659 1290; x_wconf 85' lang='grc' dir='ltr'>τὰν</span> <span class='ocrx_word' id='word_1_147' title='bbox 685 1250 847 1303; x_wconf 76' lang='grc' dir='ltr'>στέρησιν</span> <span class='ocrx_word' id='word_1_148' title='bbox 862 1250 885 1299; x_wconf 83' lang='lat'>¹,</span> <span class='ocrx_word' id='word_1_149' title='bbox 903 1251 1064 1305; x_wconf 82' lang='grc' dir='ltr'>στέρησις</span> <span class='ocrx_word' id='word_1_150' title='bbox 1093 1251 1127 1290; x_wconf 79' lang='grc' dir='ltr'>δὲ</span> <span class='ocrx_word' id='word_1_151' title='bbox 1159 1253 1221 1290; x_wconf 79' lang='grc' dir='ltr'>οὒκ</span> <span class='ocrx_word' id='word_1_152' title='bbox 1249 1252 1391 1304; x_wconf 83' lang='grc' dir='ltr'>ἔρχεται</span> 
     </span>
     <span class='ocr_line' id='line_1_19' title="bbox 351 1308 1389 1365; baseline 0.003 -17"><span class='ocrx_word' id='word_1_153' title='bbox 351 1311 383 1354; x_wconf 86' lang='grc' dir='ltr'>ἐς</span> <span class='ocrx_word' id='word_1_154' title='bbox 404 1309 466 1348; x_wconf 81' lang='grc' dir='ltr'>τὰν</span> <span class='ocrx_word' id='word_1_155' title='bbox 481 1308 571 1356; x_wconf 76' lang='grc' dir='ltr'>ἕξιν·</span> <span class='ocrx_word' id='word_1_156' title='bbox 591 1308 631 1349; x_wconf 79' lang='grc' dir='ltr'>τὸ</span> <span class='ocrx_word' id='word_1_157' title='bbox 650 1309 711 1361; x_wconf 82' lang='grc' dir='ltr'>μὲν</span> <span class='ocrx_word' id='word_1_158' title='bbox 733 1309 801 1363; x_wconf 87' lang='grc' dir='ltr'>γὰρ</span> <span class='ocrx_word' id='word_1_159' title='bbox 817 1311 902 1363; x_wconf 72' lang='grc' dir='ltr'>ζῷον</span> <span class='ocrx_word' id='word_1_160' title='bbox 925 1311 1089 1362; x_wconf 84' lang='grc' dir='ltr'>θνάσκει,</span> <span class='ocrx_word' id='word_1_161' title='bbox 1108 1312 1148 1351; x_wconf 88' lang='grc' dir='ltr'>τὸ</span> <span class='ocrx_word' id='word_1_162' title='bbox 1163 1311 1199 1351; x_wconf 81' lang='grc' dir='ltr'>δέ</span> <span class='ocrx_word' id='word_1_163' title='bbox 1216 1328 1261 1365; x_wconf 82' lang='grc' dir='ltr'>γα</span> <span class='ocrx_word' id='word_1_164' title='bbox 1277 1320 1294 1343; x_wconf 77' lang='lat'>⁸</span> <span class='ocrx_word' id='word_1_165' title='bbox 1312 1314 1389 1352; x_wconf 86' lang='grc' dir='ltr'>θνά-</span> 
     </span>
     <span class='ocr_line' id='line_1_20' title="bbox 351 1368 1389 1425; baseline 0.004 -18"><span class='ocrx_word' id='word_1_166' title='bbox 351 1385 433 1408; x_wconf 91' lang='grc' dir='ltr'>σκον</span> <span class='ocrx_word' id='word_1_167' title='bbox 452 1369 624 1408; x_wconf 79' lang='grc' dir='ltr'>οὗδέποκα</span> <span class='ocrx_word' id='word_1_168' title='bbox 641 1372 739 1416; x_wconf 87' lang='grc' dir='ltr'>ζησεῖ</span> <span class='ocrx_word' id='word_1_169' title='bbox 753 1368 784 1411; x_wconf 81' lang='lat'>¹¹.</span> <span class='ocrx_word' id='word_1_170' title='bbox 806 1370 925 1413; x_wconf 58' lang='grc' dir='ltr'>υΟλως</span> <span class='ocrx_word' id='word_1_171' title='bbox 943 1370 979 1408; x_wconf 85' lang='grc' dir='ltr'>δὲ</span> <span class='ocrx_word' id='word_1_172' title='bbox 1002 1369 1068 1415; x_wconf 79' lang='grc' dir='ltr'>ἕξις</span> <span class='ocrx_word' id='word_1_173' title='bbox 1088 1372 1150 1421; x_wconf 86' lang='grc' dir='ltr'>μέν</span> <span class='ocrx_word' id='word_1_174' title='bbox 1171 1373 1242 1411; x_wconf 77' lang='grc' dir='ltr'>ε’ντι</span> <span class='ocrx_word' id='word_1_175' title='bbox 1259 1373 1389 1425; x_wconf 80' lang='grc' dir='ltr'>συνοχὰ</span> 
     </span>
     <span class='ocr_line' id='line_1_21' title="bbox 350 1428 1386 1484; baseline 0.003 -18"><span class='ocrx_word' id='word_1_176' title='bbox 350 1430 400 1466; x_wconf 86' lang='grc' dir='ltr'>τῶ</span> <span class='ocrx_word' id='word_1_177' title='bbox 422 1428 513 1468; x_wconf 82' lang='grc' dir='ltr'>κατὰ</span> <span class='ocrx_word' id='word_1_178' title='bbox 532 1428 644 1482; x_wconf 77' lang='grc' dir='ltr'>φύσιν,</span> <span class='ocrx_word' id='word_1_179' title='bbox 673 1428 833 1481; x_wconf 88' lang='grc' dir='ltr'>στέρησις</span> <span class='ocrx_word' id='word_1_180' title='bbox 856 1428 892 1467; x_wconf 82' lang='grc' dir='ltr'>δὲ</span> <span class='ocrx_word' id='word_1_181' title='bbox 918 1428 1070 1482; x_wconf 78' lang='grc' dir='ltr'>ἔκλειψις</span> <span class='ocrx_word' id='word_1_182' title='bbox 1089 1432 1137 1467; x_wconf 81' lang='grc' dir='ltr'>τῶ</span> <span class='ocrx_word' id='word_1_183' title='bbox 1157 1430 1249 1469; x_wconf 86' lang='grc' dir='ltr'>κατὰ</span> <span class='ocrx_word' id='word_1_184' title='bbox 1274 1431 1386 1484; x_wconf 82' lang='grc' dir='ltr'>φύσιν.</span> 
     </span>
     <span class='ocr_line' id='line_1_22' title="bbox 350 1486 1386 1541; baseline 0.001 -15"><span class='ocrx_word' id='word_1_185' title='bbox 350 1487 408 1526; x_wconf 85' lang='grc' dir='ltr'>Τὰ</span> <span class='ocrx_word' id='word_1_186' title='bbox 428 1486 463 1525; x_wconf 83' lang='grc' dir='ltr'>δὲ</span> <span class='ocrx_word' id='word_1_187' title='bbox 481 1486 562 1526; x_wconf 84' lang='grc' dir='ltr'>ποτί</span> <span class='ocrx_word' id='word_1_188' title='bbox 581 1503 615 1525; x_wconf 90' lang='grc' dir='ltr'>τι</span> <span class='ocrx_word' id='word_1_189' title='bbox 636 1486 710 1537; x_wconf 80' lang='grc' dir='ltr'>ἅμα</span> <span class='ocrx_word' id='word_1_190' title='bbox 735 1487 871 1539; x_wconf 82' lang='grc' dir='ltr'>ἀνάγκα</span> <span class='ocrx_word' id='word_1_191' title='bbox 896 1487 954 1526; x_wconf 80' lang='grc' dir='ltr'>καὶ</span> <span class='ocrx_word' id='word_1_192' title='bbox 977 1488 1131 1538; x_wconf 85' lang='grc' dir='ltr'>γίνεσθαι</span> <span class='ocrx_word' id='word_1_193' title='bbox 1156 1488 1215 1526; x_wconf 75' lang='grc' dir='ltr'>καὶ</span> <span class='ocrx_word' id='word_1_194' title='bbox 1251 1489 1386 1541; x_wconf 83' lang='grc' dir='ltr'>φθείρε-</span> 
     </span>
     <span class='ocr_line' id='line_1_23' title="bbox 352 1541 1388 1599; baseline 0.002 -15"><span class='ocrx_word' id='word_1_195' title='bbox 352 1550 442 1584; x_wconf 84' lang='grc' dir='ltr'>σθαι·</span> <span class='ocrx_word' id='word_1_196' title='bbox 461 1546 628 1584; x_wconf 83' lang='grc' dir='ltr'>ἀδύνατον</span> <span class='ocrx_word' id='word_1_197' title='bbox 643 1546 709 1597; x_wconf 88' lang='grc' dir='ltr'>γὰρ</span> <span class='ocrx_word' id='word_1_198' title='bbox 722 1547 902 1584; x_wconf 88' lang='grc' dir='ltr'>διπλάσιον</span> <span class='ocrx_word' id='word_1_199' title='bbox 920 1545 981 1596; x_wconf 85' lang='grc' dir='ltr'>μὲν</span> <span class='ocrx_word' id='word_1_200' title='bbox 997 1541 1097 1595; x_wconf 69' lang='grc' dir='ltr'>ἦμεν,</span> <span class='ocrx_word' id='word_1_201' title='bbox 1114 1547 1258 1596; x_wconf 84' lang='grc' dir='ltr'>ἡμίσεον</span> <span class='ocrx_word' id='word_1_202' title='bbox 1272 1548 1307 1586; x_wconf 84' lang='grc' dir='ltr'>δὲ</span> <span class='ocrx_word' id='word_1_203' title='bbox 1325 1548 1388 1599; x_wconf 83' lang='grc' dir='ltr'>μή,</span> 
     </span>
     <span class='ocr_line' id='line_1_24' title="bbox 351 1599 1388 1657; baseline 0.001 -13"><span class='ocrx_word' id='word_1_204' title='bbox 351 1606 411 1644; x_wconf 88' lang='grc' dir='ltr'>καὶ</span> <span class='ocrx_word' id='word_1_205' title='bbox 434 1605 577 1657; x_wconf 83' lang='grc' dir='ltr'>ἡμίσεον</span> <span class='ocrx_word' id='word_1_206' title='bbox 599 1604 660 1655; x_wconf 85' lang='grc' dir='ltr'>μὲν</span> <span class='ocrx_word' id='word_1_207' title='bbox 683 1599 783 1654; x_wconf 67' lang='grc' dir='ltr'>ἦμεν,</span> <span class='ocrx_word' id='word_1_208' title='bbox 813 1605 993 1643; x_wconf 88' lang='grc' dir='ltr'>διπλάσιον</span> <span class='ocrx_word' id='word_1_209' title='bbox 1016 1606 1052 1643; x_wconf 85' lang='grc' dir='ltr'>δὲ</span> <span class='ocrx_word' id='word_1_210' title='bbox 1074 1607 1135 1655; x_wconf 87' lang='grc' dir='ltr'>μή·</span> <span class='ocrx_word' id='word_1_211' title='bbox 1165 1607 1226 1644; x_wconf 79' lang='grc' dir='ltr'>καὶ</span> <span class='ocrx_word' id='word_1_212' title='bbox 1249 1605 1332 1645; x_wconf 89' lang='grc' dir='ltr'>αἴκα</span> <span class='ocrx_word' id='word_1_213' title='bbox 1354 1623 1388 1645; x_wconf 84' lang='grc' dir='ltr'>τι</span> 
     </span>
     <span class='ocr_line' id='line_1_25' title="bbox 352 1663 1385 1716; baseline 0.002 -14"><span class='ocrx_word' id='word_1_214' title='bbox 352 1664 491 1716; x_wconf 91' lang='grc' dir='ltr'>γίνηται</span> <span class='ocrx_word' id='word_1_215' title='bbox 511 1664 709 1713; x_wconf 87' lang='grc' dir='ltr'>διπλάσιον,</span> <span class='ocrx_word' id='word_1_216' title='bbox 725 1664 799 1714; x_wconf 83' lang='grc' dir='ltr'>ἅμα</span> <span class='ocrx_word' id='word_1_217' title='bbox 817 1663 878 1702; x_wconf 81' lang='grc' dir='ltr'>καὶ</span> <span class='ocrx_word' id='word_1_218' title='bbox 897 1664 1040 1714; x_wconf 82' lang='grc' dir='ltr'>ἡμίσεον</span> <span class='ocrx_word' id='word_1_219' title='bbox 1054 1663 1197 1715; x_wconf 85' lang='grc' dir='ltr'>γίνεται·</span> <span class='ocrx_word' id='word_1_220' title='bbox 1212 1665 1281 1704; x_wconf 81' lang='grc' dir='ltr'>Ικαὶ</span> <span class='ocrx_word' id='word_1_221' title='bbox 1299 1664 1385 1704; x_wconf 86' lang='grc' dir='ltr'>αἴκα</span> 
     </span>
     <span class='ocr_line' id='line_1_26' title="bbox 351 1721 1384 1776; baseline 0.002 -16"><span class='ocrx_word' id='word_1_222' title='bbox 351 1738 385 1760; x_wconf 79' lang='grc' dir='ltr'>τι</span> <span class='ocrx_word' id='word_1_223' title='bbox 406 1722 587 1776; x_wconf 81' lang='grc' dir='ltr'>φθείρηται</span> <span class='ocrx_word' id='word_1_224' title='bbox 603 1721 619 1745; x_wconf 73' lang='lat'>¹¹</span> <span class='ocrx_word' id='word_1_225' title='bbox 636 1722 829 1769; x_wconf 87' lang='grc' dir='ltr'>διπλάσιον,</span> <span class='ocrx_word' id='word_1_226' title='bbox 851 1721 928 1771; x_wconf 85' lang='grc' dir='ltr'>ἅμα</span> <span class='ocrx_word' id='word_1_227' title='bbox 953 1723 1015 1759; x_wconf 80' lang='grc' dir='ltr'>καὶ</span> <span class='ocrx_word' id='word_1_228' title='bbox 1033 1721 1176 1772; x_wconf 87' lang='grc' dir='ltr'>ἡμίσεον</span> <span class='ocrx_word' id='word_1_229' title='bbox 1195 1724 1384 1775; x_wconf 72' lang='grc' dir='ltr'>φθείρεται.</span> 
     </span>
     <span class='ocr_line' id='line_1_27' title="bbox 354 1778 1385 1834; baseline 0.001 -15"><span class='ocrx_word' id='word_1_230' title='bbox 354 1781 559 1834; x_wconf 81' lang='grc' dir='ltr'>Κατάφασις</span> <span class='ocrx_word' id='word_1_231' title='bbox 579 1780 615 1819; x_wconf 80' lang='grc' dir='ltr'>δὲ</span> <span class='ocrx_word' id='word_1_232' title='bbox 635 1781 694 1819; x_wconf 83' lang='grc' dir='ltr'>καὶ</span> <span class='ocrx_word' id='word_1_233' title='bbox 716 1780 888 1833; x_wconf 73' lang='grc' dir='ltr'>ἀπόφασις</span> <span class='ocrx_word' id='word_1_234' title='bbox 914 1779 1006 1833; x_wconf 87' lang='grc' dir='ltr'>λόγω</span> <span class='ocrx_word' id='word_1_235' title='bbox 1023 1778 1032 1802; x_wconf 82' lang='lat'>¹</span> <span class='ocrx_word' id='word_1_236' title='bbox 1051 1779 1143 1819; x_wconf 83' lang='grc' dir='ltr'>εἴδεα</span> <span class='ocrx_word' id='word_1_237' title='bbox 1171 1781 1229 1819; x_wconf 78' lang='grc' dir='ltr'>καὶ</span> <span class='ocrx_word' id='word_1_238' title='bbox 1252 1782 1385 1832; x_wconf 86' lang='grc' dir='ltr'>μᾶλλόν</span> 
     </span>
     <span class='ocr_line' id='line_1_28' title="bbox 353 1838 1385 1891; baseline 0.001 -14"><span class='ocrx_word' id='word_1_239' title='bbox 353 1840 423 1877; x_wconf 82' lang='grc' dir='ltr'>ἐντι</span> <span class='ocrx_word' id='word_1_240' title='bbox 437 1867 447 1886; x_wconf 90' lang='grc'>,</span> <span class='ocrx_word' id='word_1_241' title='bbox 462 1838 522 1877; x_wconf 81' lang='grc' dir='ltr'>καὶ</span> <span class='ocrx_word' id='word_1_242' title='bbox 546 1838 688 1886; x_wconf 83' lang='grc' dir='ltr'>ἀληθέος</span> <span class='ocrx_word' id='word_1_243' title='bbox 706 1838 766 1877; x_wconf 84' lang='grc' dir='ltr'>καὶ</span> <span class='ocrx_word' id='word_1_244' title='bbox 784 1838 924 1891; x_wconf 82' lang='grc' dir='ltr'>ψευδέος</span> <span class='ocrx_word' id='word_1_245' title='bbox 938 1838 1071 1888; x_wconf 84' lang='grc' dir='ltr'>μᾶλλόν</span> <span class='ocrx_word' id='word_1_246' title='bbox 1087 1841 1157 1878; x_wconf 84' lang='grc' dir='ltr'>ἐντι</span> <span class='ocrx_word' id='word_1_247' title='bbox 1171 1839 1385 1889; x_wconf 84' lang='grc' dir='ltr'>σημαντικά·</span> 
     </span>
     <span class='ocr_line' id='line_1_29' title="bbox 352 1891 1388 1951; baseline 0.001 -16"><span class='ocrx_word' id='word_1_248' title='bbox 352 1897 391 1935; x_wconf 85' lang='grc' dir='ltr'>τὸ</span> <span class='ocrx_word' id='word_1_249' title='bbox 406 1897 473 1950; x_wconf 86' lang='grc' dir='ltr'>γὰρ</span> <span class='ocrx_word' id='word_1_250' title='bbox 497 1891 585 1948; x_wconf 67' lang='grc' dir='ltr'>ἦμεν</span> <span class='ocrx_word' id='word_1_251' title='bbox 615 1896 794 1949; x_wconf 86' lang='grc' dir='ltr'>ἄνθρωπον</span> <span class='ocrx_word' id='word_1_252' title='bbox 827 1897 953 1943; x_wconf 83' lang='grc' dir='ltr'>ἀληθές</span> <span class='ocrx_word' id='word_1_253' title='bbox 984 1898 1066 1944; x_wconf 84' lang='grc' dir='ltr'>ἐντι,</span> <span class='ocrx_word' id='word_1_254' title='bbox 1101 1897 1187 1935; x_wconf 79' lang='grc' dir='ltr'>ὅκκα</span> <span class='ocrx_word' id='word_1_255' title='bbox 1223 1899 1388 1951; x_wconf 78' lang='grc' dir='ltr'>ὑπάρχῃ,</span> 
     </span>
    </p>
   </div>
   <div class='ocr_carea' id='block_1_3' title="bbox 354 2153 1422 3534">
    <p class='ocr_par' dir='ltr' id='par_1_3' title="bbox 354 2153 1422 3534">
     <span class='ocr_line' id='line_1_30' title="bbox 395 2153 1395 2194; baseline 0.001 -8"><span class='ocrx_word' id='word_1_256' title='bbox 395 2157 445 2186; x_wconf 89' lang='grc'>30.</span> <span class='ocrx_word' id='word_1_257' title='bbox 467 2155 545 2186; x_wconf 72' lang='lat' dir='ltr'><strong>Haec</strong></span> <span class='ocrx_word' id='word_1_258' title='bbox 569 2155 677 2186; x_wconf 78' lang='lat' dir='ltr'><strong>autem</strong></span> <span class='ocrx_word' id='word_1_259' title='bbox 703 2162 741 2186; x_wconf 88' lang='lat' dir='ltr'>eo</span> <span class='ocrx_word' id='word_1_260' title='bbox 766 2153 849 2186; x_wconf 81' lang='lat' dir='ltr'><strong>inter</strong></span> <span class='ocrx_word' id='word_1_261' title='bbox 874 2163 908 2186; x_wconf 83' lang='lat' dir='ltr'>se</span> <span class='ocrx_word' id='word_1_262' title='bbox 928 2153 1090 2194; x_wconf 78' lang='lat' dir='ltr'><strong>disserunt,</strong></span> <span class='ocrx_word' id='word_1_263' title='bbox 1121 2155 1206 2194; x_wconf 87' lang='lat' dir='ltr'><strong>quod</strong></span> <span class='ocrx_word' id='word_1_264' title='bbox 1235 2156 1395 2187; x_wconf 81' lang='lat' dir='ltr'><strong>contraria</strong></span> 
     </span>
     <span class='ocr_line' id='line_1_31' title="bbox 355 2176 1422 2253; baseline 0.001 -9"><span class='ocrx_word' id='word_1_265' title='bbox 355 2221 457 2253; x_wconf 81' lang='lat' dir='ltr'><strong>neque</strong></span> <span class='ocrx_word' id='word_1_266' title='bbox 474 2212 570 2244; x_wconf 85' lang='lat' dir='ltr'><strong>simul</strong></span> <span class='ocrx_word' id='word_1_267' title='bbox 586 2212 661 2244; x_wconf 89' lang='lat' dir='ltr'><strong>oriri</strong></span> <span class='ocrx_word' id='word_1_268' title='bbox 682 2220 782 2253; x_wconf 83' lang='lat' dir='ltr'><strong>neque</strong></span> <span class='ocrx_word' id='word_1_269' title='bbox 800 2212 895 2244; x_wconf 84' lang='lat' dir='ltr'><strong>simul</strong></span> <span class='ocrx_word' id='word_1_270' title='bbox 916 2212 1061 2244; x_wconf 85' lang='lat' dir='ltr'><strong>occidere</strong></span> <span class='ocrx_word' id='word_1_271' title='bbox 1077 2221 1206 2245; x_wconf 85' lang='lat' dir='ltr'><strong>necesse</strong></span> <span class='ocrx_word' id='word_1_272' title='bbox 1221 2214 1287 2252; x_wconf 83' lang='lat' dir='ltr'><strong>est;</strong></span> <span class='ocrx_word' id='word_1_273' title='bbox 1311 2213 1392 2245; x_wconf 88' lang='lat' dir='ltr'><strong>sani·</strong></span> <span class='ocrx_word' id='word_1_274' title='bbox 1417 2176 1422 2230; x_wconf 64' lang='grc' dir='ltr'>Ι</span> 
     </span>
     <span class='ocr_line' id='line_1_32' title="bbox 354 2270 1392 2311; baseline 0.001 -9"><span class='ocrx_word' id='word_1_275' title='bbox 354 2272 403 2302; x_wconf 89' lang='lat' dir='ltr'>tas</span> <span class='ocrx_word' id='word_1_276' title='bbox 416 2271 499 2302; x_wconf 78' lang='lat' dir='ltr'><strong>enim</strong></span> <span class='ocrx_word' id='word_1_277' title='bbox 512 2270 624 2303; x_wconf 92' lang='lat' dir='ltr'><strong>morbo</strong></span> <span class='ocrx_word' id='word_1_278' title='bbox 643 2270 687 2303; x_wconf 89' lang='lat' dir='ltr'>ita</span> <span class='ocrx_word' id='word_1_279' title='bbox 707 2272 755 2303; x_wconf 90' lang='lat' dir='ltr'>est</span> <span class='ocrx_word' id='word_1_280' title='bbox 768 2270 926 2302; x_wconf 88' lang='lat' dir='ltr'><strong>contraria</strong></span> <span class='ocrx_word' id='word_1_281' title='bbox 937 2295 946 2311; x_wconf 89' lang='lat'>‚</span> <span class='ocrx_word' id='word_1_282' title='bbox 959 2272 995 2302; x_wconf 87' lang='lat' dir='ltr'>ut</span> <span class='ocrx_word' id='word_1_283' title='bbox 1009 2270 1099 2311; x_wconf 86' lang='lat' dir='ltr'><strong>quies</strong></span> <span class='ocrx_word' id='word_1_284' title='bbox 1114 2271 1247 2303; x_wconf 86' lang='lat' dir='ltr'><strong>motioni</strong></span> <span class='ocrx_word' id='word_1_285' title='bbox 1260 2282 1269 2311; x_wconf 87' lang='lat'>;</span> <span class='ocrx_word' id='word_1_286' title='bbox 1291 2274 1324 2303; x_wconf 89' lang='lat' dir='ltr'>at</span> <span class='ocrx_word' id='word_1_287' title='bbox 1341 2280 1392 2303; x_wconf 89' lang='lat' dir='ltr'>ne-</span> 
     </span>
     <span class='ocr_line' id='line_1_33' title="bbox 355 2329 1393 2371; baseline 0 -10"><span class='ocrx_word' id='word_1_288' title='bbox 355 2338 417 2370; x_wconf 86' lang='lat' dir='ltr'>que</span> <span class='ocrx_word' id='word_1_289' title='bbox 444 2330 560 2361; x_wconf 80' lang='lat' dir='ltr'>sanitas</span> <span class='ocrx_word' id='word_1_290' title='bbox 586 2329 698 2361; x_wconf 89' lang='lat' dir='ltr'><strong>morbo</strong></span> <span class='ocrx_word' id='word_1_291' title='bbox 729 2329 877 2369; x_wconf 87' lang='lat' dir='ltr'><strong>adjuncta</strong></span> <span class='ocrx_word' id='word_1_292' title='bbox 909 2331 957 2361; x_wconf 87' lang='lat' dir='ltr'>est</span> <span class='ocrx_word' id='word_1_293' title='bbox 987 2337 1090 2370; x_wconf 86' lang='lat' dir='ltr'><strong>neque</strong></span> <span class='ocrx_word' id='word_1_294' title='bbox 1117 2329 1207 2370; x_wconf 85' lang='lat' dir='ltr'><strong>quies</strong></span> <span class='ocrx_word' id='word_1_295' title='bbox 1237 2330 1393 2371; x_wconf 86' lang='lat' dir='ltr'><strong>motioni;</strong></span> 
     </span>
     <span class='ocr_line' id='line_1_34' title="bbox 356 2387 1394 2429; baseline -0.001 -9"><span class='ocrx_word' id='word_1_296' title='bbox 356 2397 458 2429; x_wconf 82' lang='lat' dir='ltr'><strong>neque</strong></span> <span class='ocrx_word' id='word_1_297' title='bbox 471 2397 584 2421; x_wconf 85' lang='lat' dir='ltr'><strong>eorum</strong></span> <span class='ocrx_word' id='word_1_298' title='bbox 604 2391 779 2429; x_wconf 86' lang='lat' dir='ltr'><strong>utrumque</strong></span> <span class='ocrx_word' id='word_1_299' title='bbox 801 2388 895 2420; x_wconf 88' lang='lat' dir='ltr'><strong>simul</strong></span> <span class='ocrx_word' id='word_1_300' title='bbox 911 2387 962 2419; x_wconf 83' lang='lat' dir='ltr'>vel</span> <span class='ocrx_word' id='word_1_301' title='bbox 977 2387 1078 2419; x_wconf 85' lang='lat' dir='ltr'><strong>oritur</strong></span> <span class='ocrx_word' id='word_1_302' title='bbox 1093 2388 1141 2420; x_wconf 83' lang='lat' dir='ltr'>vel</span> <span class='ocrx_word' id='word_1_303' title='bbox 1160 2388 1288 2420; x_wconf 86' lang='lat' dir='ltr'><strong>occidit.</strong></span> <span class='ocrx_word' id='word_1_304' title='bbox 1308 2390 1394 2420; x_wconf 86' lang='lat' dir='ltr'><strong>Con-</strong></span> 
     </span>
     <span class='ocr_line' id='line_1_35' title="bbox 357 2445 1395 2487; baseline -0.001 -9"><span class='ocrx_word' id='word_1_305' title='bbox 357 2449 405 2478; x_wconf 97' lang='lat' dir='ltr'>tra</span> <span class='ocrx_word' id='word_1_306' title='bbox 421 2448 491 2478; x_wconf 91' lang='lat' dir='ltr'>tum</span> <span class='ocrx_word' id='word_1_307' title='bbox 508 2447 633 2478; x_wconf 85' lang='lat' dir='ltr'><strong>habitus</strong></span> <span class='ocrx_word' id='word_1_308' title='bbox 650 2446 690 2478; x_wconf 92' lang='lat' dir='ltr'><strong>ab</strong></span> <span class='ocrx_word' id='word_1_309' title='bbox 708 2448 782 2478; x_wconf 91' lang='lat' dir='ltr'><strong>ortu</strong></span> <span class='ocrx_word' id='word_1_310' title='bbox 800 2447 869 2478; x_wconf 85' lang='lat' dir='ltr'>tum</span> <span class='ocrx_word' id='word_1_311' title='bbox 889 2445 1026 2487; x_wconf 79' lang='lat' dir='ltr'>privatio</span> <span class='ocrx_word' id='word_1_312' title='bbox 1044 2446 1104 2478; x_wconf 83' lang='lat' dir='ltr'>hoc</span> <span class='ocrx_word' id='word_1_313' title='bbox 1120 2446 1286 2482; x_wconf 79' lang='lat' dir='ltr'><strong>differunt,</strong></span> <span class='ocrx_word' id='word_1_314' title='bbox 1308 2445 1395 2486; x_wconf 90' lang='lat' dir='ltr'><strong>quod</strong></span> 
     </span>
     <span class='ocr_line' id='line_1_36' title="bbox 357 2504 1395 2546; baseline -0.001 -10"><span class='ocrx_word' id='word_1_315' title='bbox 357 2505 513 2537; x_wconf 89' lang='lat' dir='ltr'><strong>contraria</strong></span> <span class='ocrx_word' id='word_1_316' title='bbox 534 2505 662 2546; x_wconf 87' lang='lat' dir='ltr'><strong>quidem</strong></span> <span class='ocrx_word' id='word_1_317' title='bbox 687 2504 804 2536; x_wconf 81' lang='lat' dir='ltr'><strong>mutari</strong></span> <span class='ocrx_word' id='word_1_318' title='bbox 827 2505 908 2536; x_wconf 90' lang='lat' dir='ltr'><strong>inter</strong></span> <span class='ocrx_word' id='word_1_319' title='bbox 936 2513 971 2536; x_wconf 85' lang='lat' dir='ltr'>se</span> <span class='ocrx_word' id='word_1_320' title='bbox 1001 2504 1121 2544; x_wconf 87' lang='lat' dir='ltr'><strong>solent,</strong></span> <span class='ocrx_word' id='word_1_321' title='bbox 1156 2505 1231 2545; x_wconf 87' lang='lat' dir='ltr'><strong>quia</strong></span> <span class='ocrx_word' id='word_1_322' title='bbox 1253 2504 1395 2537; x_wconf 87' lang='lat' dir='ltr'><strong>validum</strong></span> 
     </span>
     <span class='ocr_line' id='line_1_37' title="bbox 364 2562 1396 2603; baseline 0 -9"><span class='ocrx_word' id='word_1_323' title='bbox 364 2563 477 2595; x_wconf 83' lang='lat' dir='ltr'><strong>transit</strong></span> <span class='ocrx_word' id='word_1_324' title='bbox 501 2563 533 2594; x_wconf 95' lang='lat' dir='ltr'><strong>in</strong></span> <span class='ocrx_word' id='word_1_325' title='bbox 560 2571 682 2603; x_wconf 82' lang='lat' dir='ltr'><strong>aegrum</strong></span> <span class='ocrx_word' id='word_1_326' title='bbox 705 2564 737 2594; x_wconf 86' lang='lat' dir='ltr'>et</span> <span class='ocrx_word' id='word_1_327' title='bbox 750 2571 871 2603; x_wconf 83' lang='lat' dir='ltr'><strong>aegrum</strong></span> <span class='ocrx_word' id='word_1_328' title='bbox 890 2563 922 2594; x_wconf 94' lang='lat' dir='ltr'><strong>in</strong></span> <span class='ocrx_word' id='word_1_329' title='bbox 942 2562 1106 2603; x_wconf 80' lang='lat' dir='ltr'><strong>validum3</strong></span> <span class='ocrx_word' id='word_1_330' title='bbox 1125 2562 1252 2595; x_wconf 83' lang='lat' dir='ltr'><strong>habitus</strong></span> <span class='ocrx_word' id='word_1_331' title='bbox 1268 2571 1345 2595; x_wconf 88' lang='lat' dir='ltr'><strong>vero</strong></span> <span class='ocrx_word' id='word_1_332' title='bbox 1363 2565 1396 2594; x_wconf 81' lang='lat' dir='ltr'>et</span> 
     </span>
     <span class='ocr_line' id='line_1_38' title="bbox 360 2620 1394 2662; baseline 0 -10"><span class='ocrx_word' id='word_1_333' title='bbox 360 2621 493 2661; x_wconf 79' lang='lat' dir='ltr'>privatio</span> <span class='ocrx_word' id='word_1_334' title='bbox 506 2629 570 2652; x_wconf 90' lang='lat' dir='ltr'>non</span> <span class='ocrx_word' id='word_1_335' title='bbox 585 2620 719 2661; x_wconf 85' lang='lat' dir='ltr'><strong>amplius</strong></span> <span class='ocrx_word' id='word_1_336' title='bbox 729 2644 738 2660; x_wconf 95' lang='lat'>,</span> <span class='ocrx_word' id='word_1_337' title='bbox 752 2620 806 2652; x_wconf 81' lang='lat' dir='ltr'>sed</span> <span class='ocrx_word' id='word_1_338' title='bbox 821 2620 948 2652; x_wconf 82' lang='lat' dir='ltr'><strong>habitus</strong></span> <span class='ocrx_word' id='word_1_339' title='bbox 963 2622 1080 2653; x_wconf 80' lang='lat' dir='ltr'><strong>transit</strong></span> <span class='ocrx_word' id='word_1_340' title='bbox 1099 2622 1229 2662; x_wconf 88' lang='lat' dir='ltr'><strong>quidem</strong></span> <span class='ocrx_word' id='word_1_341' title='bbox 1247 2622 1278 2653; x_wconf 89' lang='lat' dir='ltr'><strong>in</strong></span> <span class='ocrx_word' id='word_1_342' title='bbox 1294 2621 1394 2662; x_wconf 88' lang='lat' dir='ltr'><strong>priva-</strong></span> 
     </span>
     <span class='ocr_line' id='line_1_39' title="bbox 360 2678 1395 2720; baseline 0 -10"><span class='ocrx_word' id='word_1_343' title='bbox 360 2679 476 2711; x_wconf 84' lang='lat' dir='ltr'><strong>tionem</strong></span> <span class='ocrx_word' id='word_1_344' title='bbox 488 2703 496 2718; x_wconf 97' lang='lat'>,</span> <span class='ocrx_word' id='word_1_345' title='bbox 511 2682 544 2710; x_wconf 93' lang='lat' dir='ltr'>at</span> <span class='ocrx_word' id='word_1_346' title='bbox 558 2678 690 2719; x_wconf 82' lang='lat' dir='ltr'><strong>privatio</strong></span> <span class='ocrx_word' id='word_1_347' title='bbox 702 2687 765 2710; x_wconf 92' lang='lat' dir='ltr'>non</span> <span class='ocrx_word' id='word_1_348' title='bbox 785 2679 898 2710; x_wconf 85' lang='lat' dir='ltr'><strong>transit</strong></span> <span class='ocrx_word' id='word_1_349' title='bbox 911 2679 944 2710; x_wconf 91' lang='lat' dir='ltr'><strong>in</strong></span> <span class='ocrx_word' id='word_1_350' title='bbox 956 2679 1115 2718; x_wconf 85' lang='lat' dir='ltr'><strong>habitum,</strong></span> <span class='ocrx_word' id='word_1_351' title='bbox 1129 2682 1295 2720; x_wconf 83' lang='lat' dir='ltr'><strong>propterea</strong></span> <span class='ocrx_word' id='word_1_352' title='bbox 1308 2678 1395 2720; x_wconf 85' lang='lat' dir='ltr'><strong>qnod</strong></span> 
     </span>
     <span class='ocr_line' id='line_1_40' title="bbox 361 2737 1393 2778; baseline 0.002 -10"><span class='ocrx_word' id='word_1_353' title='bbox 361 2737 476 2768; x_wconf 84' lang='lat' dir='ltr'><strong>animal</strong></span> <span class='ocrx_word' id='word_1_354' title='bbox 499 2737 654 2777; x_wconf 84' lang='lat' dir='ltr'><strong>moritur,</strong></span> <span class='ocrx_word' id='word_1_355' title='bbox 675 2738 836 2768; x_wconf 85' lang='lat' dir='ltr'><strong>mortuum</strong></span> <span class='ocrx_word' id='word_1_356' title='bbox 863 2739 970 2769; x_wconf 88' lang='lat' dir='ltr'><strong>autem</strong></span> <span class='ocrx_word' id='word_1_357' title='bbox 1001 2746 1165 2778; x_wconf 83' lang='lat' dir='ltr'><strong>nunquam</strong></span> <span class='ocrx_word' id='word_1_358' title='bbox 1189 2740 1274 2770; x_wconf 86' lang='lat' dir='ltr'><strong>certe</strong></span> <span class='ocrx_word' id='word_1_359' title='bbox 1297 2738 1393 2770; x_wconf 84' lang='lat' dir='ltr'><strong>vivet.</strong></span> 
     </span>
     <span class='ocr_line' id='line_1_41' title="bbox 362 2795 1394 2838; baseline 0.001 -11"><span class='ocrx_word' id='word_1_360' title='bbox 362 2795 498 2827; x_wconf 85' lang='lat' dir='ltr'><strong>Omnino</strong></span> <span class='ocrx_word' id='word_1_361' title='bbox 517 2798 623 2828; x_wconf 91' lang='lat' dir='ltr'><strong>autem</strong></span> <span class='ocrx_word' id='word_1_362' title='bbox 649 2795 775 2827; x_wconf 82' lang='lat' dir='ltr'><strong>habitus</strong></span> <span class='ocrx_word' id='word_1_363' title='bbox 791 2797 838 2827; x_wconf 81' lang='lat' dir='ltr'>est</span> <span class='ocrx_word' id='word_1_364' title='bbox 856 2804 962 2827; x_wconf 87' lang='lat' dir='ltr'><strong>rerum</strong></span> <span class='ocrx_word' id='word_1_365' title='bbox 992 2796 1183 2829; x_wconf 83' lang='lat' dir='ltr'><strong>naturalium</strong></span> <span class='ocrx_word' id='word_1_366' title='bbox 1205 2805 1373 2838; x_wconf 84' lang='lat' dir='ltr'><strong>compages</strong></span> <span class='ocrx_word' id='word_1_367' title='bbox 1385 2821 1394 2836; x_wconf 87' lang='lat'><em>,</em></span> 
     </span>
     <span class='ocr_line' id='line_1_42' title="bbox 362 2853 1392 2896; baseline 0.002 -11"><span class='ocrx_word' id='word_1_368' title='bbox 362 2853 495 2894; x_wconf 88' lang='lat' dir='ltr'><strong>privatio</strong></span> <span class='ocrx_word' id='word_1_369' title='bbox 510 2862 618 2886; x_wconf 89' lang='lat' dir='ltr'><strong>earum</strong></span> <span class='ocrx_word' id='word_1_370' title='bbox 631 2853 782 2886; x_wconf 80' lang='lat' dir='ltr'><strong>desectus.</strong></span> <span class='ocrx_word' id='word_1_371' title='bbox 827 2854 889 2886; x_wconf 84' lang='lat' dir='ltr'>Sed</span> <span class='ocrx_word' id='word_1_372' title='bbox 909 2864 958 2887; x_wconf 86' lang='lat' dir='ltr'>res</span> <span class='ocrx_word' id='word_1_373' title='bbox 972 2854 1011 2886; x_wconf 92' lang='lat' dir='ltr'><strong>ad</strong></span> <span class='ocrx_word' id='word_1_374' title='bbox 1024 2855 1147 2896; x_wconf 85' lang='lat' dir='ltr'><strong>aliquid</strong></span> <span class='ocrx_word' id='word_1_375' title='bbox 1162 2856 1276 2887; x_wconf 85' lang='lat' dir='ltr'><strong>relatas</strong></span> <span class='ocrx_word' id='word_1_376' title='bbox 1296 2856 1392 2887; x_wconf 87' lang='lat' dir='ltr'><strong>simul</strong></span> 
     </span>
     <span class='ocr_line' id='line_1_43' title="bbox 362 2912 1398 2955; baseline 0.002 -11"><span class='ocrx_word' id='word_1_377' title='bbox 362 2912 437 2944; x_wconf 90' lang='lat' dir='ltr'><strong>oriri</strong></span> <span class='ocrx_word' id='word_1_378' title='bbox 453 2914 548 2953; x_wconf 87' lang='lat' dir='ltr'><strong>atque</strong></span> <span class='ocrx_word' id='word_1_379' title='bbox 560 2912 703 2944; x_wconf 84' lang='lat' dir='ltr'><strong>occidere</strong></span> <span class='ocrx_word' id='word_1_380' title='bbox 713 2921 841 2944; x_wconf 86' lang='lat' dir='ltr'><strong>necesse</strong></span> <span class='ocrx_word' id='word_1_381' title='bbox 853 2916 919 2953; x_wconf 78' lang='lat' dir='ltr'><strong>est3</strong></span> <span class='ocrx_word' id='word_1_382' title='bbox 936 2922 1039 2954; x_wconf 73' lang='lat' dir='ltr'><strong>noque</strong></span> <span class='ocrx_word' id='word_1_383' title='bbox 1054 2914 1138 2945; x_wconf 89' lang='lat' dir='ltr'><strong>enim</strong></span> <span class='ocrx_word' id='word_1_384' title='bbox 1150 2914 1214 2946; x_wconf 82' lang='lat' dir='ltr'><strong>fieri</strong></span> <span class='ocrx_word' id='word_1_385' title='bbox 1232 2915 1346 2955; x_wconf 81' lang='lat' dir='ltr'><strong>potest,</strong></span> <span class='ocrx_word' id='word_1_386' title='bbox 1362 2915 1398 2946; x_wconf 86' lang='lat' dir='ltr'>ut</span> 
     </span>
     <span class='ocr_line' id='line_1_44' title="bbox 363 2970 1395 3012; baseline 0.002 -10"><span class='ocrx_word' id='word_1_387' title='bbox 363 2971 495 3012; x_wconf 87' lang='lat' dir='ltr'><strong>duplum</strong></span> <span class='ocrx_word' id='word_1_388' title='bbox 511 2970 640 3011; x_wconf 88' lang='lat' dir='ltr'><strong>quidem</strong></span> <span class='ocrx_word' id='word_1_389' title='bbox 656 2971 714 3010; x_wconf 92' lang='lat' dir='ltr'><strong>sit,</strong></span> <span class='ocrx_word' id='word_1_390' title='bbox 738 2971 904 3003; x_wconf 89' lang='lat' dir='ltr'><strong>dimidium</strong></span> <span class='ocrx_word' id='word_1_391' title='bbox 927 2980 1002 3003; x_wconf 86' lang='lat' dir='ltr'><strong>vero</strong></span> <span class='ocrx_word' id='word_1_392' title='bbox 1026 2981 1087 3002; x_wconf 90' lang='lat' dir='ltr'>non</span> <span class='ocrx_word' id='word_1_393' title='bbox 1105 2972 1158 3011; x_wconf 81' lang='lat' dir='ltr'><strong>sit,</strong></span> <span class='ocrx_word' id='word_1_394' title='bbox 1174 2972 1224 3004; x_wconf 87' lang='lat' dir='ltr'>vel</span> <span class='ocrx_word' id='word_1_395' title='bbox 1247 2974 1282 3005; x_wconf 89' lang='lat' dir='ltr'>ut</span> <span class='ocrx_word' id='word_1_396' title='bbox 1298 2972 1395 3004; x_wconf 81' lang='lat' dir='ltr'><strong>dimi-</strong></span> 
     </span>
     <span class='ocr_line' id='line_1_45' title="bbox 363 3028 1395 3070; baseline 0.002 -10"><span class='ocrx_word' id='word_1_397' title='bbox 363 3029 452 3060; x_wconf 90' lang='lat' dir='ltr'><strong>dium</strong></span> <span class='ocrx_word' id='word_1_398' title='bbox 469 3030 527 3068; x_wconf 87' lang='lat' dir='ltr'><strong>sit,</strong></span> <span class='ocrx_word' id='word_1_399' title='bbox 546 3028 679 3069; x_wconf 88' lang='lat' dir='ltr'><strong>duplum</strong></span> <span class='ocrx_word' id='word_1_400' title='bbox 702 3032 808 3061; x_wconf 82' lang='lat' dir='ltr'><strong>autem</strong></span> <span class='ocrx_word' id='word_1_401' title='bbox 830 3038 894 3061; x_wconf 90' lang='lat' dir='ltr'>non</span> <span class='ocrx_word' id='word_1_402' title='bbox 919 3030 971 3069; x_wconf 88' lang='lat' dir='ltr'><strong>sit,</strong></span> <span class='ocrx_word' id='word_1_403' title='bbox 994 3038 1030 3060; x_wconf 89' lang='lat' dir='ltr'><strong>ac</strong></span> <span class='ocrx_word' id='word_1_404' title='bbox 1047 3029 1073 3060; x_wconf 90' lang='lat' dir='ltr'><strong>si</strong></span> <span class='ocrx_word' id='word_1_405' title='bbox 1099 3030 1175 3070; x_wconf 86' lang='lat' dir='ltr'><strong>quid</strong></span> <span class='ocrx_word' id='word_1_406' title='bbox 1204 3030 1395 3070; x_wconf 84' lang='lat' dir='ltr'><strong>duplicatur,</strong></span> 
     </span>
     <span class='ocr_line' id='line_1_46' title="bbox 363 3086 1397 3129; baseline 0.002 -11"><span class='ocrx_word' id='word_1_407' title='bbox 363 3086 460 3118; x_wconf 83' lang='lat' dir='ltr'><strong>simul</strong></span> <span class='ocrx_word' id='word_1_408' title='bbox 479 3087 575 3118; x_wconf 83' lang='lat' dir='ltr'><strong>etiam</strong></span> <span class='ocrx_word' id='word_1_409' title='bbox 597 3086 793 3118; x_wconf 85' lang='lat' dir='ltr'><strong>dimidiatum</strong></span> <span class='ocrx_word' id='word_1_410' title='bbox 814 3089 961 3127; x_wconf 79' lang='lat' dir='ltr'><strong>apparet3</strong></span> <span class='ocrx_word' id='word_1_411' title='bbox 988 3087 1063 3119; x_wconf 86' lang='lat' dir='ltr'><strong>item</strong></span> <span class='ocrx_word' id='word_1_412' title='bbox 1088 3087 1113 3118; x_wconf 90' lang='lat' dir='ltr'><strong>si</strong></span> <span class='ocrx_word' id='word_1_413' title='bbox 1132 3087 1264 3128; x_wconf 88' lang='lat' dir='ltr'><strong>duplum</strong></span> <span class='ocrx_word' id='word_1_414' title='bbox 1296 3088 1397 3129; x_wconf 85' lang='lat' dir='ltr'><strong>perit,</strong></span> 
     </span>
     <span class='ocr_line' id='line_1_47' title="bbox 364 3144 1398 3189; baseline 0.002 -13"><span class='ocrx_word' id='word_1_415' title='bbox 364 3145 457 3176; x_wconf 88' lang='lat' dir='ltr'><strong>simul</strong></span> <span class='ocrx_word' id='word_1_416' title='bbox 479 3147 510 3176; x_wconf 88' lang='lat' dir='ltr'>et</span> <span class='ocrx_word' id='word_1_417' title='bbox 526 3144 691 3176; x_wconf 88' lang='lat' dir='ltr'><strong>dimidium</strong></span> <span class='ocrx_word' id='word_1_418' title='bbox 708 3145 883 3176; x_wconf 84' lang='lat' dir='ltr'><strong>necessario</strong></span> <span class='ocrx_word' id='word_1_419' title='bbox 906 3145 997 3185; x_wconf 83' lang='lat' dir='ltr'><strong>perit.</strong></span> <span class='ocrx_word' id='word_1_420' title='bbox 1043 3145 1219 3177; x_wconf 78' lang='lat' dir='ltr'><strong>Astii-matio</strong></span> <span class='ocrx_word' id='word_1_421' title='bbox 1246 3147 1352 3189; x_wconf 84' lang='lat' dir='ltr'><strong>autem</strong></span> <span class='ocrx_word' id='word_1_422' title='bbox 1365 3147 1398 3178; x_wconf 83' lang='lat' dir='ltr'>et</span> 
     </span>
     <span class='ocr_line' id='line_1_48' title="bbox 365 3202 1396 3244; baseline 0.002 -10"><span class='ocrx_word' id='word_1_423' title='bbox 365 3203 488 3243; x_wconf 87' lang='lat' dir='ltr'><strong>negatio</strong></span> <span class='ocrx_word' id='word_1_424' title='bbox 500 3202 619 3243; x_wconf 81' lang='lat' dir='ltr'><strong>iustius</strong></span> <span class='ocrx_word' id='word_1_425' title='bbox 634 3203 730 3234; x_wconf 86' lang='lat' dir='ltr'><strong>etiam</strong></span> <span class='ocrx_word' id='word_1_426' title='bbox 746 3203 898 3234; x_wconf 86' lang='lat' dir='ltr'><strong>orationis</strong></span> <span class='ocrx_word' id='word_1_427' title='bbox 916 3203 1024 3235; x_wconf 80' lang='lat' dir='ltr'><strong>formae</strong></span> <span class='ocrx_word' id='word_1_428' title='bbox 1039 3205 1206 3243; x_wconf 84' lang='lat' dir='ltr'><strong>vocantur,</strong></span> <span class='ocrx_word' id='word_1_429' title='bbox 1219 3212 1396 3244; x_wconf 85' lang='lat' dir='ltr'><strong>verumque</strong></span> 
     </span>
     <span class='ocr_line' id='line_1_49' title="bbox 364 3260 1396 3302; baseline 0 -9"><span class='ocrx_word' id='word_1_430' title='bbox 364 3263 397 3294; x_wconf 90' lang='lat' dir='ltr'>et</span> <span class='ocrx_word' id='word_1_431' title='bbox 415 3261 527 3292; x_wconf 75' lang='lat' dir='ltr'><strong>falsum</strong></span> <span class='ocrx_word' id='word_1_432' title='bbox 543 3261 684 3302; x_wconf 81' lang='lat' dir='ltr'><strong>apertius</strong></span> <span class='ocrx_word' id='word_1_433' title='bbox 699 3260 855 3299; x_wconf 78' lang='lat' dir='ltr'><strong>indicant3</strong></span> <span class='ocrx_word' id='word_1_434' title='bbox 872 3269 1008 3301; x_wconf 86' lang='lat' dir='ltr'><strong>namque</strong></span> <span class='ocrx_word' id='word_1_435' title='bbox 1023 3261 1182 3292; x_wconf 83' lang='lat' dir='ltr'><strong>hominem</strong></span> <span class='ocrx_word' id='word_1_436' title='bbox 1200 3270 1267 3293; x_wconf 87' lang='lat' dir='ltr'><strong>esse</strong></span> <span class='ocrx_word' id='word_1_437' title='bbox 1284 3270 1396 3293; x_wconf 85' lang='lat' dir='ltr'><strong>verum</strong></span> 
     </span>
     <span class='ocr_line' id='line_1_50' title="bbox 365 3318 1398 3359; baseline 0 -9"><span class='ocrx_word' id='word_1_438' title='bbox 365 3320 432 3357; x_wconf 87' lang='lat' dir='ltr'><strong>est,</strong></span> <span class='ocrx_word' id='word_1_439' title='bbox 453 3319 583 3359; x_wconf 86' lang='lat' dir='ltr'><strong>quando</strong></span> <span class='ocrx_word' id='word_1_440' title='bbox 606 3327 657 3351; x_wconf 87' lang='lat' dir='ltr'>res</span> <span class='ocrx_word' id='word_1_441' title='bbox 674 3318 718 3350; x_wconf 85' lang='lat' dir='ltr'>ita</span> <span class='ocrx_word' id='word_1_442' title='bbox 745 3327 779 3350; x_wconf 84' lang='lat' dir='ltr'>se</span> <span class='ocrx_word' id='word_1_443' title='bbox 800 3318 906 3357; x_wconf 83' lang='lat' dir='ltr'><strong>liabet,</strong></span> <span class='ocrx_word' id='word_1_444' title='bbox 919 3319 953 3350; x_wconf 86' lang='lat' dir='ltr'>at</span> <span class='ocrx_word' id='word_1_445' title='bbox 978 3318 1110 3357; x_wconf 79' lang='lat' dir='ltr'><strong>falsum,</strong></span> <span class='ocrx_word' id='word_1_446' title='bbox 1128 3318 1255 3358; x_wconf 89' lang='lat' dir='ltr'><strong>quando</strong></span> <span class='ocrx_word' id='word_1_447' title='bbox 1274 3328 1337 3351; x_wconf 89' lang='lat' dir='ltr'>non</span> <span class='ocrx_word' id='word_1_448' title='bbox 1355 3319 1398 3351; x_wconf 87' lang='lat' dir='ltr'>ita</span> 
     </span>
     <span class='ocr_line' id='line_1_51' title="bbox 366 3375 1397 3418; baseline 0.001 -10"><span class='ocrx_word' id='word_1_449' title='bbox 366 3385 400 3409; x_wconf 89' lang='lat' dir='ltr'>se</span> <span class='ocrx_word' id='word_1_450' title='bbox 414 3375 529 3418; x_wconf 76' lang='lat' dir='ltr'><strong>liabet3</strong></span> <span class='ocrx_word' id='word_1_451' title='bbox 549 3376 723 3417; x_wconf 76' lang='lat' dir='ltr'><strong>eademque</strong></span> <span class='ocrx_word' id='word_1_452' title='bbox 739 3376 915 3416; x_wconf 83' lang='lat' dir='ltr'><strong>negationis</strong></span> <span class='ocrx_word' id='word_1_453' title='bbox 928 3385 1057 3417; x_wconf 87' lang='lat' dir='ltr'><strong>quoqne</strong></span> <span class='ocrx_word' id='word_1_454' title='bbox 1072 3376 1151 3408; x_wconf 90' lang='lat' dir='ltr'><strong>ratio</strong></span> <span class='ocrx_word' id='word_1_455' title='bbox 1168 3378 1232 3416; x_wconf 85' lang='lat' dir='ltr'><strong>est,</strong></span> <span class='ocrx_word' id='word_1_456' title='bbox 1248 3377 1397 3417; x_wconf 89' lang='lat' dir='ltr'><strong>quoniam</strong></span> 
     </span>
     <span class='ocr_line' id='line_1_52' title="bbox 367 3434 1398 3476; baseline 0.002 -11"><span class='ocrx_word' id='word_1_457' title='bbox 367 3434 437 3466; x_wconf 71' lang='lat' dir='ltr'><strong>llaec</strong></span> <span class='ocrx_word' id='word_1_458' title='bbox 451 3443 524 3466; x_wconf 85' lang='lat' dir='ltr'><strong>vera</strong></span> <span class='ocrx_word' id='word_1_459' title='bbox 542 3438 598 3466; x_wconf 84' lang='lat' dir='ltr'>ant</span> <span class='ocrx_word' id='word_1_460' title='bbox 611 3435 689 3467; x_wconf 78' lang='lat' dir='ltr'><strong>salsa</strong></span> <span class='ocrx_word' id='word_1_461' title='bbox 707 3443 764 3476; x_wconf 89' lang='lat' dir='ltr'>pro</span> <span class='ocrx_word' id='word_1_462' title='bbox 779 3442 811 3466; x_wconf 83' lang='lat' dir='ltr'>re</span> <span class='ocrx_word' id='word_1_463' title='bbox 829 3437 905 3466; x_wconf 87' lang='lat' dir='ltr'><strong>nata</strong></span> <span class='ocrx_word' id='word_1_464' title='bbox 926 3436 993 3466; x_wconf 86' lang='lat' dir='ltr'><strong>est:</strong></span> <span class='ocrx_word' id='word_1_465' title='bbox 1013 3441 1106 3472; x_wconf 81' lang='lat' dir='ltr'><strong>vera,</strong></span> <span class='ocrx_word' id='word_1_466' title='bbox 1119 3434 1245 3474; x_wconf 86' lang='lat' dir='ltr'><strong>quando</strong></span> <span class='ocrx_word' id='word_1_467' title='bbox 1260 3443 1311 3466; x_wconf 77' lang='lat' dir='ltr'>res</span> <span class='ocrx_word' id='word_1_468' title='bbox 1327 3435 1398 3467; x_wconf 80' lang='lat' dir='ltr'><strong>talis</strong></span> 
     </span>
     <span class='ocr_line' id='line_1_53' title="bbox 367 3491 1397 3534; baseline -0.001 -9"><span class='ocrx_word' id='word_1_469' title='bbox 367 3494 435 3532; x_wconf 75' lang='lat' dir='ltr'><strong>est3</strong></span> <span class='ocrx_word' id='word_1_470' title='bbox 452 3492 527 3525; x_wconf 77' lang='lat' dir='ltr'><strong>salsa</strong></span> <span class='ocrx_word' id='word_1_471' title='bbox 539 3515 548 3532; x_wconf 95' lang='lat'>‚</span> <span class='ocrx_word' id='word_1_472' title='bbox 566 3493 693 3534; x_wconf 84' lang='lat' dir='ltr'><strong>quando</strong></span> <span class='ocrx_word' id='word_1_473' title='bbox 713 3501 776 3525; x_wconf 90' lang='lat' dir='ltr'>non</span> <span class='ocrx_word' id='word_1_474' title='bbox 799 3494 846 3526; x_wconf 78' lang='lat' dir='ltr'>est</span> <span class='ocrx_word' id='word_1_475' title='bbox 863 3491 946 3525; x_wconf 80' lang='lat' dir='ltr'><strong>talis.</strong></span> <span class='ocrx_word' id='word_1_476' title='bbox 1005 3493 1162 3525; x_wconf 79' lang='lat' dir='ltr'><strong>Praeterea</strong></span> <span class='ocrx_word' id='word_1_477' title='bbox 1181 3492 1261 3525; x_wconf 88' lang='lat' dir='ltr'><strong>inter</strong></span> <span class='ocrx_word' id='word_1_478' title='bbox 1278 3491 1397 3525; x_wconf 90' lang='lat' dir='ltr'><strong>bonum</strong></span> 
     </span>
    </p>
   </div>
   <div class='ocr_carea' id='block_1_4' title="bbox 1193 289 2496 424">
    <p class='ocr_par' dir='ltr' id='par_1_4' title="bbox 1193 289 2496 424">
     <span class='ocr_line' id='line_1_54' title="bbox 1193 289 1651 328; baseline 0.002 -1"><span class='ocrx_word' id='word_1_479' title='bbox 1193 289 1651 328; x_wconf 78' lang='lat' dir='ltr'>PYTHAGOREORUM</span> 
     </span>
     <span class='ocr_line' id='line_1_55' title="bbox 1444 368 2496 424; baseline 0.004 -16"><span class='ocrx_word' id='word_1_480' title='bbox 1444 371 1573 424; x_wconf 69' lang='grc' dir='ltr'>’ψευδὲς</span> <span class='ocrx_word' id='word_1_481' title='bbox 1592 370 1649 419; x_wconf 86' lang='grc' dir='ltr'>δέ,</span> <span class='ocrx_word' id='word_1_482' title='bbox 1671 368 1759 410; x_wconf 81' lang='grc' dir='ltr'>ὅκκα</span> <span class='ocrx_word' id='word_1_483' title='bbox 1776 370 1825 421; x_wconf 85' lang='grc' dir='ltr'>μὴ</span> <span class='ocrx_word' id='word_1_484' title='bbox 1846 370 2002 424; x_wconf 82' lang='grc' dir='ltr'>ὑπάρχῃ·</span> <span class='ocrx_word' id='word_1_485' title='bbox 2022 373 2041 410; x_wconf 86' lang='grc' dir='ltr'>ὁ</span> <span class='ocrx_word' id='word_1_486' title='bbox 2058 371 2095 411; x_wconf 78' lang='grc' dir='ltr'>δὲ</span> <span class='ocrx_word' id='word_1_487' title='bbox 2112 371 2214 415; x_wconf 76' lang='grc' dir='ltr'>αὐτὸς</span> <span class='ocrx_word' id='word_1_488' title='bbox 2233 371 2332 423; x_wconf 86' lang='grc' dir='ltr'>λόγος</span> <span class='ocrx_word' id='word_1_489' title='bbox 2354 372 2414 410; x_wconf 80' lang='grc' dir='ltr'>καὶ</span> <span class='ocrx_word' id='word_1_490' title='bbox 2434 372 2496 412; x_wconf 77' lang='grc' dir='ltr'>ἐπὶ</span> 
     </span>
    </p>
   </div>
   <div class='ocr_carea' id='block_1_5' title="bbox 1449 427 2525 1951">
    <p class='ocr_par' dir='ltr' id='par_1_5' title="bbox 1449 427 2525 1951">
     <span class='ocr_line' id='line_1_56' title="bbox 1455 427 2492 482; baseline 0.001 -14"><span class='ocrx_word' id='word_1_491' title='bbox 1455 435 1515 473; x_wconf 82' lang='grc' dir='ltr'>τᾶς</span> <span class='ocrx_word' id='word_1_492' title='bbox 1538 429 1740 482; x_wconf 82' lang='grc' dir='ltr'>ἀποφάσιος·</span> <span class='ocrx_word' id='word_1_493' title='bbox 1759 429 1819 467; x_wconf 71' lang='grc' dir='ltr'>καὶ</span> <span class='ocrx_word' id='word_1_494' title='bbox 1849 429 1917 482; x_wconf 84' lang='grc' dir='ltr'>γὰρ</span> <span class='ocrx_word' id='word_1_495' title='bbox 1939 427 2029 467; x_wconf 76' lang='grc' dir='ltr'>αὐτὰ</span> <span class='ocrx_word' id='word_1_496' title='bbox 2056 428 2187 478; x_wconf 81' lang='grc' dir='ltr'>ἀληθὴς</span> <span class='ocrx_word' id='word_1_497' title='bbox 2205 428 2227 476; x_wconf 82' lang='grc' dir='ltr'>ἢ</span> <span class='ocrx_word' id='word_1_498' title='bbox 2246 427 2373 482; x_wconf 80' lang='grc' dir='ltr'>ψευδὴς</span> <span class='ocrx_word' id='word_1_499' title='bbox 2391 427 2492 482; x_wconf 70' lang='grc' dir='ltr'>παρὰ</span> 
     </span>
     <span class='ocr_line' id='line_1_57' title="bbox 1453 487 2525 542; baseline 0.001 -16"><span class='ocrx_word' id='word_1_500' title='bbox 1453 487 1493 527; x_wconf 80' lang='grc' dir='ltr'>τὸ</span> <span class='ocrx_word' id='word_1_501' title='bbox 1505 495 1652 541; x_wconf 77' lang='grc' dir='ltr'>πρᾶγμα</span> <span class='ocrx_word' id='word_1_502' title='bbox 1662 488 1978 539; x_wconf 85' lang='grc' dir='ltr'>τὸ.σημαινόμενον·</span> <span class='ocrx_word' id='word_1_503' title='bbox 1988 487 2115 536; x_wconf 81' lang='grc' dir='ltr'>ἀληθὴς</span> <span class='ocrx_word' id='word_1_504' title='bbox 2129 489 2207 540; x_wconf 85' lang='grc' dir='ltr'>μέν,</span> <span class='ocrx_word' id='word_1_505' title='bbox 2223 488 2312 527; x_wconf 79' lang='grc' dir='ltr'>ὅκκα</span> <span class='ocrx_word' id='word_1_506' title='bbox 2327 488 2484 542; x_wconf 69' lang='grc' dir='ltr'>ὑπάρχῃ,</span> <span class='ocrx_word' id='word_1_507' title='bbox 2517 534 2525 540; x_wconf 49' lang='grc'>,</span> 
     </span>
     <span class='ocr_line' id='line_1_58' title="bbox 1454 549 2494 605; baseline 0 -15"><span class='ocrx_word' id='word_1_508' title='bbox 1454 551 1583 605; x_wconf 76' lang='grc' dir='ltr'>ψευδὴς</span> <span class='ocrx_word' id='word_1_509' title='bbox 1604 552 1663 604; x_wconf 82' lang='grc' dir='ltr'>δέ,</span> <span class='ocrx_word' id='word_1_510' title='bbox 1684 551 1773 590; x_wconf 74' lang='grc' dir='ltr'>ὅκκα</span> <span class='ocrx_word' id='word_1_511' title='bbox 1793 552 1842 602; x_wconf 80' lang='grc' dir='ltr'>μὴ</span> <span class='ocrx_word' id='word_1_512' title='bbox 1871 552 2025 604; x_wconf 79' lang='grc' dir='ltr'>ὑπάρχῃ.</span> <span class='ocrx_word' id='word_1_513' title='bbox 2092 550 2172 589; x_wconf 81' lang='grc' dir='ltr'>Ἔτι</span> <span class='ocrx_word' id='word_1_514' title='bbox 2192 553 2313 602; x_wconf 78' lang='grc' dir='ltr'>ἀγαθῶ</span> <span class='ocrx_word' id='word_1_515' title='bbox 2333 549 2397 601; x_wconf 81' lang='grc' dir='ltr'>μὲν</span> <span class='ocrx_word' id='word_1_516' title='bbox 2429 550 2494 590; x_wconf 84' lang='grc' dir='ltr'>καὶ</span> 
     </span>
     <span class='ocr_line' id='line_1_59' title="bbox 1455 608 2495 661; baseline 0 -15"><span class='ocrx_word' id='word_1_517' title='bbox 1455 613 1552 649; x_wconf 81' lang='grc' dir='ltr'>κακῶ</span> <span class='ocrx_word' id='word_1_518' title='bbox 1572 609 1675 660; x_wconf 84' lang='grc' dir='ltr'>μέσον</span> <span class='ocrx_word' id='word_1_519' title='bbox 1694 625 1728 649; x_wconf 91' lang='grc' dir='ltr'>τι</span> <span class='ocrx_word' id='word_1_520' title='bbox 1743 609 1782 648; x_wconf 85' lang='grc' dir='ltr'>τὸ</span> <span class='ocrx_word' id='word_1_521' title='bbox 1803 609 1891 660; x_wconf 84' lang='grc' dir='ltr'>μήτε</span> <span class='ocrx_word' id='word_1_522' title='bbox 1905 610 2032 661; x_wconf 82' lang='grc' dir='ltr'>ἀγαθὸν</span> <span class='ocrx_word' id='word_1_523' title='bbox 2049 608 2138 659; x_wconf 83' lang='grc' dir='ltr'>μήτε</span> <span class='ocrx_word' id='word_1_524' title='bbox 2151 609 2273 657; x_wconf 81' lang='grc' dir='ltr'>κακόν,</span> <span class='ocrx_word' id='word_1_525' title='bbox 2294 609 2355 647; x_wconf 80' lang='grc' dir='ltr'>καὶ</span> <span class='ocrx_word' id='word_1_526' title='bbox 2373 609 2495 647; x_wconf 79' lang='grc' dir='ltr'>πολλῶ</span> 
     </span>
     <span class='ocr_line' id='line_1_60' title="bbox 1454 667 2490 720; baseline -0.003 -13"><span class='ocrx_word' id='word_1_527' title='bbox 1454 668 1514 706; x_wconf 84' lang='grc' dir='ltr'>καὶ</span> <span class='ocrx_word' id='word_1_528' title='bbox 1536 669 1642 720; x_wconf 85' lang='grc' dir='ltr'>ὀλίγω</span> <span class='ocrx_word' id='word_1_529' title='bbox 1658 669 1697 707; x_wconf 85' lang='grc' dir='ltr'>τὸ</span> <span class='ocrx_word' id='word_1_530' title='bbox 1715 669 1868 720; x_wconf 83' lang='grc' dir='ltr'>μέτριον,</span> <span class='ocrx_word' id='word_1_531' title='bbox 1891 669 1950 707; x_wconf 79' lang='grc' dir='ltr'>καὶ</span> <span class='ocrx_word' id='word_1_532' title='bbox 1980 667 2123 720; x_wconf 82' lang='grc' dir='ltr'>βραδέος</span> <span class='ocrx_word' id='word_1_533' title='bbox 2137 668 2197 706; x_wconf 82' lang='grc' dir='ltr'>καὶ</span> <span class='ocrx_word' id='word_1_534' title='bbox 2212 667 2336 719; x_wconf 86' lang='grc' dir='ltr'>ταχέος</span> <span class='ocrx_word' id='word_1_535' title='bbox 2355 667 2395 706; x_wconf 83' lang='grc' dir='ltr'>τὸ</span> <span class='ocrx_word' id='word_1_536' title='bbox 2411 668 2490 705; x_wconf 83' lang='grc' dir='ltr'>ἰσο-</span> 
     </span>
     <span class='ocr_line' id='line_1_61' title="bbox 1453 726 2492 780; baseline -0.002 -15"><span class='ocrx_word' id='word_1_537' title='bbox 1453 728 1571 780; x_wconf 84' lang='grc' dir='ltr'>ταχές·</span> <span class='ocrx_word' id='word_1_538' title='bbox 1595 729 1680 773; x_wconf 81' lang='grc' dir='ltr'>ἕξιος</span> <span class='ocrx_word' id='word_1_539' title='bbox 1701 729 1735 766; x_wconf 81' lang='grc' dir='ltr'>δὲ</span> <span class='ocrx_word' id='word_1_540' title='bbox 1765 727 1825 766; x_wconf 75' lang='grc' dir='ltr'>καὶ</span> <span class='ocrx_word' id='word_1_541' title='bbox 1849 726 2028 780; x_wconf 77' lang='grc' dir='ltr'>στερήσιος</span> <span class='ocrx_word' id='word_1_542' title='bbox 2044 726 2142 765; x_wconf 85' lang='grc' dir='ltr'>οὐδέν</span> <span class='ocrx_word' id='word_1_543' title='bbox 2160 728 2231 765; x_wconf 83' lang='grc' dir='ltr'>ἐντι</span> <span class='ocrx_word' id='word_1_544' title='bbox 2258 727 2375 777; x_wconf 83' lang='grc' dir='ltr'>μέσον·</span> <span class='ocrx_word' id='word_1_545' title='bbox 2401 727 2492 770; x_wconf 72' lang='grc' dir='ltr'>ζωᾶς</span> 
     </span>
     <span class='ocr_line' id='line_1_62' title="bbox 1453 783 2488 838; baseline -0.002 -14"><span class='ocrx_word' id='word_1_546' title='bbox 1453 802 1490 824; x_wconf 90' lang='grc' dir='ltr'>τε</span> <span class='ocrx_word' id='word_1_547' title='bbox 1510 787 1577 838; x_wconf 84' lang='grc' dir='ltr'>γὰρ</span> <span class='ocrx_word' id='word_1_548' title='bbox 1595 787 1655 825; x_wconf 79' lang='grc' dir='ltr'>καὶ</span> <span class='ocrx_word' id='word_1_549' title='bbox 1674 786 1811 825; x_wconf 84' lang='grc' dir='ltr'>Θανάτω</span> <span class='ocrx_word' id='word_1_550' title='bbox 1832 785 1959 836; x_wconf 80' lang='grc' dir='ltr'>μεταξὺ</span> <span class='ocrx_word' id='word_1_551' title='bbox 1981 787 2077 824; x_wconf 77' lang='grc' dir='ltr'>οὐδὲν</span> <span class='ocrx_word' id='word_1_552' title='bbox 2097 785 2157 824; x_wconf 78' lang='grc' dir='ltr'>καὶ</span> <span class='ocrx_word' id='word_1_553' title='bbox 2174 784 2313 838; x_wconf 83' lang='grc' dir='ltr'>δράσιος</span> <span class='ocrx_word' id='word_1_554' title='bbox 2340 783 2401 823; x_wconf 81' lang='grc' dir='ltr'>καὶ</span> <span class='ocrx_word' id='word_1_555' title='bbox 2419 798 2488 822; x_wconf 87' lang='grc' dir='ltr'>τυ-</span> 
     </span>
     <span class='ocr_line' id='line_1_63' title="bbox 1453 842 2484 896; baseline -0.003 -12"><span class='ocrx_word' id='word_1_556' title='bbox 1453 846 1619 896; x_wconf 81' lang='grc' dir='ltr'>φλότατος</span> <span class='ocrx_word' id='word_1_557' title='bbox 1651 850 1691 870; x_wconf 85' lang='lat'>¹¹¹·</span> <span class='ocrx_word' id='word_1_558' title='bbox 1724 847 1760 883; x_wconf 86' lang='grc' dir='ltr'>αἰ</span> <span class='ocrx_word' id='word_1_559' title='bbox 1776 850 1793 868; x_wconf 82' lang='grc'>“</span> <span class='ocrx_word' id='word_1_560' title='bbox 1814 844 1863 894; x_wconf 84' lang='grc' dir='ltr'>μή</span> <span class='ocrx_word' id='word_1_561' title='bbox 1884 859 1934 889; x_wconf 88' lang='grc' dir='ltr'>τις</span> <span class='ocrx_word' id='word_1_562' title='bbox 1961 845 2056 895; x_wconf 86' lang='grc' dir='ltr'>λέγοι</span> <span class='ocrx_word' id='word_1_563' title='bbox 2086 844 2126 882; x_wconf 83' lang='grc' dir='ltr'>τὸ</span> <span class='ocrx_word' id='word_1_564' title='bbox 2159 844 2267 895; x_wconf 85' lang='grc' dir='ltr'>μήπω</span> <span class='ocrx_word' id='word_1_565' title='bbox 2298 842 2484 895; x_wconf 69' lang='grc' dir='ltr'>γενόμενον</span> 
     </span>
     <span class='ocr_line' id='line_1_64' title="bbox 1452 897 2491 958; baseline -0.003 -15"><span class='ocrx_word' id='word_1_566' title='bbox 1452 907 1554 958; x_wconf 81' lang='grc' dir='ltr'>ζῷον,</span> <span class='ocrx_word' id='word_1_567' title='bbox 1577 903 1667 942; x_wconf 78' lang='grc' dir='ltr'>ἀλλὰ</span> <span class='ocrx_word' id='word_1_568' title='bbox 1688 903 1868 956; x_wconf 82' lang='grc' dir='ltr'>γινόμενον</span> <span class='ocrx_word' id='word_1_569' title='bbox 1890 902 2018 952; x_wconf 78' lang='grc' dir='ltr'>μεταξὺ</span> <span class='ocrx_word' id='word_1_570' title='bbox 2035 897 2124 954; x_wconf 70' lang='grc' dir='ltr'>ἦμεν</span> <span class='ocrx_word' id='word_1_571' title='bbox 2146 906 2237 948; x_wconf 75' lang='grc' dir='ltr'>ζωᾶς</span> <span class='ocrx_word' id='word_1_572' title='bbox 2256 902 2316 941; x_wconf 82' lang='grc' dir='ltr'>καὶ</span> <span class='ocrx_word' id='word_1_573' title='bbox 2335 901 2491 951; x_wconf 85' lang='grc' dir='ltr'>θανάτω,</span> 
     </span>
     <span class='ocr_line' id='line_1_65' title="bbox 1451 955 2494 1014; baseline -0.003 -13"><span class='ocrx_word' id='word_1_574' title='bbox 1451 963 1511 1001; x_wconf 85' lang='grc' dir='ltr'>καὶ</span> <span class='ocrx_word' id='word_1_575' title='bbox 1536 963 1575 1001; x_wconf 85' lang='grc' dir='ltr'>τὸ</span> <span class='ocrx_word' id='word_1_576' title='bbox 1602 963 1709 1013; x_wconf 77' lang='grc' dir='ltr'>μήπω</span> <span class='ocrx_word' id='word_1_577' title='bbox 1742 961 1868 1014; x_wconf 87' lang='grc' dir='ltr'>βλέπον</span> <span class='ocrx_word' id='word_1_578' title='bbox 1886 961 2035 1000; x_wconf 85' lang='grc' dir='ltr'>κυνίδιον</span> <span class='ocrx_word' id='word_1_579' title='bbox 2056 960 2185 1011; x_wconf 77' lang='grc' dir='ltr'>μεταξὺ</span> <span class='ocrx_word' id='word_1_580' title='bbox 2205 955 2295 1011; x_wconf 74' lang='grc' dir='ltr'>ἦμεν</span> <span class='ocrx_word' id='word_1_581' title='bbox 2314 961 2370 998; x_wconf 75' lang='grc' dir='ltr'>τῶ</span> <span class='ocrx_word' id='word_1_582' title='bbox 2394 975 2494 998; x_wconf 82' lang='grc' dir='ltr'>τετυ-</span> 
     </span>
     <span class='ocr_line' id='line_1_66' title="bbox 1452 1016 2484 1073; baseline -0.001 -15"><span class='ocrx_word' id='word_1_583' title='bbox 1452 1023 1608 1073; x_wconf 82' lang='grc' dir='ltr'>φλῶσθαι</span> <span class='ocrx_word' id='word_1_584' title='bbox 1628 1020 1688 1059; x_wconf 76' lang='grc' dir='ltr'>καὶ</span> <span class='ocrx_word' id='word_1_585' title='bbox 1710 1022 1805 1072; x_wconf 73' lang='grc' dir='ltr'>ὁρῆν·</span> <span class='ocrx_word' id='word_1_586' title='bbox 1825 1018 1914 1058; x_wconf 77' lang='grc' dir='ltr'>οὕτω</span> <span class='ocrx_word' id='word_1_587' title='bbox 1928 1018 1964 1056; x_wconf 85' lang='grc' dir='ltr'>δὲ</span> <span class='ocrx_word' id='word_1_588' title='bbox 1981 1018 2108 1069; x_wconf 89' lang='grc' dir='ltr'>λέγων,</span> <span class='ocrx_word' id='word_1_589' title='bbox 2127 1020 2218 1058; x_wconf 84' lang='grc' dir='ltr'>κατὰ</span> <span class='ocrx_word' id='word_1_590' title='bbox 2235 1016 2484 1068; x_wconf 68' lang='grc' dir='ltr'>συμέἷεὸακὸςθ</span> 
     </span>
     <span class='ocr_line' id='line_1_67' title="bbox 1452 1076 2494 1128; baseline -0.002 -12"><span class='ocrx_word' id='word_1_591' title='bbox 1452 1077 1627 1117; x_wconf 80' lang='grc' dir='ltr'>ἀποδώσει</span> <span class='ocrx_word' id='word_1_592' title='bbox 1654 1079 1717 1117; x_wconf 84' lang='grc' dir='ltr'>τὰν</span> <span class='ocrx_word' id='word_1_593' title='bbox 1747 1076 1924 1128; x_wconf 86' lang='grc' dir='ltr'>μεσότατα</span> <span class='ocrx_word' id='word_1_594' title='bbox 1944 1092 1974 1126; x_wconf 69' lang='grc' dir='ltr'>ι),</span> <span class='ocrx_word' id='word_1_595' title='bbox 2000 1077 2038 1114; x_wconf 81' lang='grc' dir='ltr'>οὗ</span> <span class='ocrx_word' id='word_1_596' title='bbox 2063 1076 2156 1115; x_wconf 83' lang='grc' dir='ltr'>κατὰ</span> <span class='ocrx_word' id='word_1_597' title='bbox 2177 1076 2234 1114; x_wconf 82' lang='grc' dir='ltr'>τὸν</span> <span class='ocrx_word' id='word_1_598' title='bbox 2265 1076 2389 1114; x_wconf 78' lang='grc' dir='ltr'>οἰκεῖον</span> <span class='ocrx_word' id='word_1_599' title='bbox 2414 1078 2494 1127; x_wconf 83' lang='grc' dir='ltr'>ὅρον</span> 
     </span>
     <span class='ocr_line' id='line_1_68' title="bbox 1450 1133 2494 1187; baseline -0.004 -11"><span class='ocrx_word' id='word_1_600' title='bbox 1450 1141 1519 1176; x_wconf 85' lang='grc' dir='ltr'>τῶν</span> <span class='ocrx_word' id='word_1_601' title='bbox 1548 1136 1808 1175; x_wconf 82' lang='grc' dir='ltr'>ἐναντιοτάτων.</span> <span class='ocrx_word' id='word_1_602' title='bbox 1828 1135 1882 1174; x_wconf 78' lang='grc' dir='ltr'>Τὰ</span> <span class='ocrx_word' id='word_1_603' title='bbox 1901 1136 1936 1174; x_wconf 83' lang='grc' dir='ltr'>δὲ</span> <span class='ocrx_word' id='word_1_604' title='bbox 1957 1134 2039 1174; x_wconf 86' lang='grc' dir='ltr'>ποτί</span> <span class='ocrx_word' id='word_1_605' title='bbox 2053 1150 2089 1174; x_wconf 87' lang='grc' dir='ltr'>τι</span> <span class='ocrx_word' id='word_1_606' title='bbox 2107 1144 2125 1169; x_wconf 74' lang='lat'>‘¹</span> <span class='ocrx_word' id='word_1_607' title='bbox 2156 1133 2356 1187; x_wconf 81' lang='grc' dir='ltr'>ἐπιδέχεται</span> <span class='ocrx_word' id='word_1_608' title='bbox 2386 1133 2494 1184; x_wconf 58' lang='lat'>{4⁸⁶6-</span> 
     </span>
     <span class='ocr_line' id='line_1_69' title="bbox 1451 1191 2493 1247; baseline -0.004 -12"><span class='ocrx_word' id='word_1_609' title='bbox 1451 1212 1571 1241; x_wconf 84' lang='grc' dir='ltr'>τατας·</span> <span class='ocrx_word' id='word_1_610' title='bbox 1586 1195 1714 1246; x_wconf 81' lang='grc' dir='ltr'>μεταξὺ</span> <span class='ocrx_word' id='word_1_611' title='bbox 1728 1195 1794 1247; x_wconf 84' lang='grc' dir='ltr'>γὰρ</span> <span class='ocrx_word' id='word_1_612' title='bbox 1814 1197 1863 1233; x_wconf 79' lang='grc' dir='ltr'>τῶ</span> <span class='ocrx_word' id='word_1_613' title='bbox 1883 1194 2106 1239; x_wconf 88' lang='grc' dir='ltr'>δεσπόζοντος</span> <span class='ocrx_word' id='word_1_614' title='bbox 2120 1193 2181 1233; x_wconf 75' lang='grc' dir='ltr'>καὶ</span> <span class='ocrx_word' id='word_1_615' title='bbox 2201 1192 2314 1232; x_wconf 81' lang='grc' dir='ltr'>δούλω</span> <span class='ocrx_word' id='word_1_616' title='bbox 2331 1193 2371 1232; x_wconf 80' lang='grc' dir='ltr'>τὸ</span> <span class='ocrx_word' id='word_1_617' title='bbox 2389 1191 2493 1232; x_wconf 77' lang='grc' dir='ltr'>ἐλεύ-</span> 
     </span>
     <span class='ocr_line' id='line_1_70' title="bbox 1451 1250 2492 1307; baseline -0.004 -14"><span class='ocrx_word' id='word_1_618' title='bbox 1451 1259 1564 1307; x_wconf 88' lang='grc' dir='ltr'>θερον,</span> <span class='ocrx_word' id='word_1_619' title='bbox 1602 1254 1662 1293; x_wconf 80' lang='grc' dir='ltr'>καὶ</span> <span class='ocrx_word' id='word_1_620' title='bbox 1692 1253 1821 1305; x_wconf 82' lang='grc' dir='ltr'>μεταξὺ</span> <span class='ocrx_word' id='word_1_621' title='bbox 1844 1255 1894 1291; x_wconf 83' lang='grc' dir='ltr'>τῶ</span> <span class='ocrx_word' id='word_1_622' title='bbox 1928 1254 2079 1303; x_wconf 79' lang='grc' dir='ltr'>μείζονος</span> <span class='ocrx_word' id='word_1_623' title='bbox 2104 1252 2164 1291; x_wconf 83' lang='grc' dir='ltr'>καὶ</span> <span class='ocrx_word' id='word_1_624' title='bbox 2195 1251 2328 1304; x_wconf 84' lang='grc' dir='ltr'>μείονος</span> <span class='ocrx_word' id='word_1_625' title='bbox 2345 1250 2386 1290; x_wconf 76' lang='grc' dir='ltr'>τὸ</span> <span class='ocrx_word' id='word_1_626' title='bbox 2404 1251 2492 1299; x_wconf 84' lang='grc' dir='ltr'>ἴσον,</span> 
     </span>
     <span class='ocr_line' id='line_1_71' title="bbox 1451 1309 2489 1364; baseline -0.004 -12"><span class='ocrx_word' id='word_1_627' title='bbox 1451 1314 1511 1352; x_wconf 82' lang='grc' dir='ltr'>καὶ</span> <span class='ocrx_word' id='word_1_628' title='bbox 1533 1312 1660 1364; x_wconf 79' lang='grc' dir='ltr'>μεταξὺ</span> <span class='ocrx_word' id='word_1_629' title='bbox 1680 1315 1730 1352; x_wconf 87' lang='grc' dir='ltr'>τῶ</span> <span class='ocrx_word' id='word_1_630' title='bbox 1748 1311 1896 1356; x_wconf 83' lang='grc' dir='ltr'>πλατέος</span> <span class='ocrx_word' id='word_1_631' title='bbox 1915 1311 1975 1350; x_wconf 85' lang='grc' dir='ltr'>καὶ</span> <span class='ocrx_word' id='word_1_632' title='bbox 1993 1314 2102 1350; x_wconf 85' lang='grc' dir='ltr'>στενῶ</span> <span class='ocrx_word' id='word_1_633' title='bbox 2117 1316 2131 1334; x_wconf 89' lang='lat'>¹&#39;</span> <span class='ocrx_word' id='word_1_634' title='bbox 2146 1310 2185 1349; x_wconf 85' lang='grc' dir='ltr'>τὸ</span> <span class='ocrx_word' id='word_1_635' title='bbox 2204 1309 2410 1364; x_wconf 80' lang='grc' dir='ltr'>ἐφαρμόζον·</span> <span class='ocrx_word' id='word_1_636' title='bbox 2427 1309 2489 1349; x_wconf 77' lang='grc' dir='ltr'>καὶ</span> 
     </span>
     <span class='ocr_line' id='line_1_72' title="bbox 1449 1368 2492 1424; baseline -0.004 -12"><span class='ocrx_word' id='word_1_637' title='bbox 1449 1377 1517 1412; x_wconf 82' lang='grc' dir='ltr'>τῶν</span> <span class='ocrx_word' id='word_1_638' title='bbox 1535 1373 1650 1413; x_wconf 86' lang='grc' dir='ltr'>ἄλλων</span> <span class='ocrx_word' id='word_1_639' title='bbox 1665 1371 1828 1413; x_wconf 79' lang='grc' dir='ltr'>ἐναντίων</span> <span class='ocrx_word' id='word_1_640' title='bbox 1851 1370 2075 1424; x_wconf 79' lang='grc' dir='ltr'>εὓρεθήσεταί</span> <span class='ocrx_word' id='word_1_641' title='bbox 2099 1386 2132 1408; x_wconf 87' lang='grc' dir='ltr'>τι</span> <span class='ocrx_word' id='word_1_642' title='bbox 2152 1369 2257 1421; x_wconf 86' lang='grc' dir='ltr'>μέσον</span> <span class='ocrx_word' id='word_1_643' title='bbox 2278 1368 2302 1415; x_wconf 84' lang='grc' dir='ltr'>ἢ</span> <span class='ocrx_word' id='word_1_644' title='bbox 2321 1368 2381 1408; x_wconf 81' lang='grc' dir='ltr'>καὶ</span> <span class='ocrx_word' id='word_1_645' title='bbox 2396 1369 2492 1419; x_wconf 52' lang='grc' dir='ltr'>ὦνοτ</span> 
     </span>
     <span class='ocr_line' id='line_1_73' title="bbox 1450 1425 2491 1484; baseline -0.008 -12"><span class='ocrx_word' id='word_1_646' title='bbox 1450 1433 1628 1484; x_wconf 84' lang='grc' dir='ltr'>μασμένον</span> <span class='ocrx_word' id='word_1_647' title='bbox 1654 1432 1677 1479; x_wconf 82' lang='grc' dir='ltr'>ἢ</span> <span class='ocrx_word' id='word_1_648' title='bbox 1704 1432 1764 1470; x_wconf 85' lang='grc' dir='ltr'>καὶ</span> <span class='ocrx_word' id='word_1_649' title='bbox 1795 1429 1984 1481; x_wconf 83' lang='grc' dir='ltr'>ἀνώνυμον.</span> <span class='ocrx_word' id='word_1_650' title='bbox 2041 1427 2264 1481; x_wconf 74' lang='grc' dir='ltr'>Καταφάσιος</span> <span class='ocrx_word' id='word_1_651' title='bbox 2295 1427 2331 1465; x_wconf 83' lang='grc' dir='ltr'>δὲ</span> <span class='ocrx_word' id='word_1_652' title='bbox 2359 1425 2491 1478; x_wconf 67' lang='grc' dir='ltr'>μεταξὺ</span> 
     </span>
     <span class='ocr_line' id='line_1_74' title="bbox 1449 1480 2492 1544; baseline -0.007 -14"><span class='ocrx_word' id='word_1_653' title='bbox 1449 1490 1509 1530; x_wconf 84' lang='grc' dir='ltr'>καὶ</span> <span class='ocrx_word' id='word_1_654' title='bbox 1532 1490 1748 1544; x_wconf 67' lang='grc' dir='ltr'>ιῖιποεροὶσιος8</span> <span class='ocrx_word' id='word_1_655' title='bbox 1778 1491 1874 1529; x_wconf 81' lang='grc' dir='ltr'>οὐδὲν</span> <span class='ocrx_word' id='word_1_656' title='bbox 1903 1489 2068 1528; x_wconf 82' lang='grc' dir='ltr'>ἐναντίον·</span> <span class='ocrx_word' id='word_1_657' title='bbox 2098 1480 2167 1527; x_wconf 77' lang='grc' dir='ltr'>οἷον</span> <span class='ocrx_word' id='word_1_658' title='bbox 2186 1489 2236 1526; x_wconf 75' lang='grc' dir='ltr'>τῶ</span> <span class='ocrx_word' id='word_1_659' title='bbox 2253 1501 2292 1524; x_wconf 87' lang='grc' dir='ltr'>τε</span> <span class='ocrx_word' id='word_1_660' title='bbox 2319 1480 2408 1535; x_wconf 74' lang='grc' dir='ltr'>ἧμιν</span> <span class='ocrx_word' id='word_1_661' title='bbox 2429 1485 2492 1524; x_wconf 79' lang='grc' dir='ltr'>ἅν-</span> 
     </span>
     <span class='ocr_line' id='line_1_75' title="bbox 1449 1541 2483 1601; baseline -0.003 -14"><span class='ocrx_word' id='word_1_662' title='bbox 1449 1552 1584 1601; x_wconf 84' lang='grc' dir='ltr'>θρωπον</span> <span class='ocrx_word' id='word_1_663' title='bbox 1604 1548 1663 1587; x_wconf 82' lang='grc' dir='ltr'>καὶ</span> <span class='ocrx_word' id='word_1_664' title='bbox 1677 1551 1726 1587; x_wconf 85' lang='grc' dir='ltr'>τῶ</span> <span class='ocrx_word' id='word_1_665' title='bbox 1743 1548 1792 1599; x_wconf 83' lang='grc' dir='ltr'>μὴ</span> <span class='ocrx_word' id='word_1_666' title='bbox 1807 1543 1894 1599; x_wconf 69' lang='grc' dir='ltr'>ἦμεν</span> <span class='ocrx_word' id='word_1_667' title='bbox 1908 1548 1969 1586; x_wconf 79' lang='grc' dir='ltr'>καὶ</span> <span class='ocrx_word' id='word_1_668' title='bbox 1984 1550 2032 1586; x_wconf 83' lang='grc' dir='ltr'>τῶ</span> <span class='ocrx_word' id='word_1_669' title='bbox 2045 1541 2132 1598; x_wconf 71' lang='grc' dir='ltr'>ἦμεν</span> <span class='ocrx_word' id='word_1_670' title='bbox 2149 1545 2315 1598; x_wconf 78' lang='grc' dir='ltr'>μουσικὸν</span> <span class='ocrx_word' id='word_1_671' title='bbox 2330 1545 2391 1585; x_wconf 76' lang='grc' dir='ltr'>καὶ</span> <span class='ocrx_word' id='word_1_672' title='bbox 2407 1547 2458 1584; x_wconf 83' lang='grc' dir='ltr'>τῶ</span> <span class='ocrx_word' id='word_1_673' title='bbox 2471 1544 2483 1567; x_wconf 78' lang='lat'>²</span> 
     </span>
     <span class='ocr_line' id='line_1_76' title="bbox 1452 1602 2491 1658; baseline -0.002 -13"><span class='ocrx_word' id='word_1_674' title='bbox 1452 1607 1500 1657; x_wconf 88' lang='grc' dir='ltr'>μὴ</span> <span class='ocrx_word' id='word_1_675' title='bbox 1523 1602 1626 1657; x_wconf 66' lang='grc' dir='ltr'>ἦμεν.</span> <span class='ocrx_word' id='word_1_676' title='bbox 1681 1607 1752 1647; x_wconf 80' lang='grc' dir='ltr'>Καὶ</span> <span class='ocrx_word' id='word_1_677' title='bbox 1772 1607 1860 1651; x_wconf 77' lang='grc' dir='ltr'>ὅλως</span> <span class='ocrx_word' id='word_1_678' title='bbox 1883 1606 1919 1645; x_wconf 82' lang='grc' dir='ltr'>δὲ</span> <span class='ocrx_word' id='word_1_679' title='bbox 1939 1606 2075 1655; x_wconf 86' lang='grc' dir='ltr'>ἀνάγκα</span> <span class='ocrx_word' id='word_1_680' title='bbox 2090 1608 2294 1658; x_wconf 72' lang='grc' dir='ltr'>καταφῆσαι</span> <span class='ocrx_word' id='word_1_681' title='bbox 2312 1603 2334 1652; x_wconf 83' lang='grc' dir='ltr'>ἢ</span> <span class='ocrx_word' id='word_1_682' title='bbox 2353 1606 2491 1658; x_wconf 70' lang='grc' dir='ltr'>ἀποφῆ-</span> 
     </span>
     <span class='ocr_line' id='line_1_77' title="bbox 1450 1657 2486 1718; baseline -0.001 -15"><span class='ocrx_word' id='word_1_683' title='bbox 1450 1681 1522 1703; x_wconf 85' lang='grc' dir='ltr'>σαι·</span> <span class='ocrx_word' id='word_1_684' title='bbox 1545 1665 1685 1717; x_wconf 86' lang='grc' dir='ltr'>λέγεται</span> <span class='ocrx_word' id='word_1_685' title='bbox 1706 1665 1773 1718; x_wconf 84' lang='grc' dir='ltr'>γάρ</span> <span class='ocrx_word' id='word_1_686' title='bbox 1793 1681 1845 1708; x_wconf 87' lang='grc' dir='ltr'>τις</span> <span class='ocrx_word' id='word_1_687' title='bbox 1861 1672 1879 1689; x_wconf 82' lang='grc'>“</span> <span class='ocrx_word' id='word_1_688' title='bbox 1899 1668 2100 1718; x_wconf 71' lang='grc' dir='ltr'>καταφῆσαι</span> <span class='ocrx_word' id='word_1_689' title='bbox 2123 1664 2198 1715; x_wconf 89' lang='grc' dir='ltr'>μέν,</span> <span class='ocrx_word' id='word_1_690' title='bbox 2226 1662 2315 1703; x_wconf 76' lang='grc' dir='ltr'>ὅκκα</span> <span class='ocrx_word' id='word_1_691' title='bbox 2341 1679 2376 1702; x_wconf 85' lang='grc' dir='ltr'>τι</span> <span class='ocrx_word' id='word_1_692' title='bbox 2393 1657 2486 1702; x_wconf 70' lang='grc' dir='ltr'>εἶναι</span> 
     </span>
     <span class='ocr_line' id='line_1_78' title="bbox 1450 1717 2488 1776; baseline -0.003 -13"><span class='ocrx_word' id='word_1_693' title='bbox 1450 1725 1558 1776; x_wconf 83' lang='grc' dir='ltr'>δηλῷ,</span> <span class='ocrx_word' id='word_1_694' title='bbox 1572 1730 1586 1748; x_wconf 88' lang='lat'><em>¹</em></span> <span class='ocrx_word' id='word_1_695' title='bbox 1599 1717 1667 1763; x_wconf 69' lang='grc' dir='ltr'>οἷον</span> <span class='ocrx_word' id='word_1_696' title='bbox 1680 1723 1876 1776; x_wconf 84' lang='grc' dir='ltr'>ἄνθρωπον,</span> <span class='ocrx_word' id='word_1_697' title='bbox 1886 1722 2073 1771; x_wconf 77' lang='grc' dir='ltr'>ἵππον,κα“ι</span> <span class='ocrx_word' id='word_1_698' title='bbox 2082 1722 2304 1775; x_wconf 84' lang='grc' dir='ltr'>συνυπάρχον</span> <span class='ocrx_word' id='word_1_699' title='bbox 2315 1738 2350 1761; x_wconf 89' lang='grc' dir='ltr'>τι</span> <span class='ocrx_word' id='word_1_700' title='bbox 2362 1721 2488 1775; x_wconf 79' lang='grc' dir='ltr'>τούτῳ,</span> 
     </span>
     <span class='ocr_line' id='line_1_79' title="bbox 1449 1775 2491 1835; baseline -0.002 -14"><span class='ocrx_word' id='word_1_701' title='bbox 1449 1797 1465 1821; x_wconf 74' lang='lat' dir='ltr'><strong>y</strong></span> <span class='ocrx_word' id='word_1_702' title='bbox 1494 1776 1564 1821; x_wconf 77' lang='grc' dir='ltr'>οἶον</span> <span class='ocrx_word' id='word_1_703' title='bbox 1590 1781 1761 1835; x_wconf 87' lang='grc' dir='ltr'>ἀνθρώπῳ</span> <span class='ocrx_word' id='word_1_704' title='bbox 1791 1782 1853 1832; x_wconf 86' lang='grc' dir='ltr'>μὲν</span> <span class='ocrx_word' id='word_1_705' title='bbox 1877 1782 1914 1820; x_wconf 87' lang='grc' dir='ltr'>τὸ</span> <span class='ocrx_word' id='word_1_706' title='bbox 1935 1782 2091 1834; x_wconf 78' lang='grc' dir='ltr'>μουσικῷ</span> <span class='ocrx_word' id='word_1_707' title='bbox 2121 1775 2223 1832; x_wconf 71' lang='grc' dir='ltr'>ἦμεν,</span> <span class='ocrx_word' id='word_1_708' title='bbox 2258 1780 2358 1833; x_wconf 78' lang='grc' dir='ltr'>ἵππῳ</span> <span class='ocrx_word' id='word_1_709' title='bbox 2388 1780 2425 1819; x_wconf 87' lang='grc' dir='ltr'>δὲ</span> <span class='ocrx_word' id='word_1_710' title='bbox 2449 1781 2491 1820; x_wconf 84' lang='grc' dir='ltr'>τὸ</span> 
     </span>
     <span class='ocr_line' id='line_1_80' title="bbox 1449 1832 2490 1893; baseline -0.003 -14"><span class='ocrx_word' id='word_1_711' title='bbox 1449 1842 1657 1893; x_wconf 80' lang='grc' dir='ltr'>πολεμιστᾷ·</span> <span class='ocrx_word' id='word_1_712' title='bbox 1674 1842 1853 1893; x_wconf 74' lang='grc' dir='ltr'>ἀποφῆσαι</span> <span class='ocrx_word' id='word_1_713' title='bbox 1871 1839 1920 1888; x_wconf 87' lang='grc' dir='ltr'>δέ,</span> <span class='ocrx_word' id='word_1_714' title='bbox 1936 1839 2024 1878; x_wconf 83' lang='grc' dir='ltr'>ὅκκα</span> <span class='ocrx_word' id='word_1_715' title='bbox 2038 1840 2087 1890; x_wconf 84' lang='grc' dir='ltr'>μὴ</span> <span class='ocrx_word' id='word_1_716' title='bbox 2104 1833 2192 1890; x_wconf 71' lang='grc' dir='ltr'>ἦμέν</span> <span class='ocrx_word' id='word_1_717' title='bbox 2208 1839 2371 1892; x_wconf 59' lang='grc' dir='ltr'>τνδηλῷ,</span> <span class='ocrx_word' id='word_1_718' title='bbox 2385 1845 2400 1864; x_wconf 76' lang='lat'><em>¹</em></span> <span class='ocrx_word' id='word_1_719' title='bbox 2418 1832 2490 1878; x_wconf 73' lang='grc' dir='ltr'>οἷον</span> 
     </span>
     <span class='ocr_line' id='line_1_81' title="bbox 1450 1893 2493 1951; baseline -0.001 -13"><span class='ocrx_word' id='word_1_720' title='bbox 1450 1899 1500 1949; x_wconf 80' lang='grc' dir='ltr'>μὴ</span> <span class='ocrx_word' id='word_1_721' title='bbox 1524 1893 1612 1950; x_wconf 69' lang='grc' dir='ltr'>ἦμεν</span> <span class='ocrx_word' id='word_1_722' title='bbox 1632 1899 1812 1951; x_wconf 83' lang='grc' dir='ltr'>ἄνθρωπον</span> <span class='ocrx_word' id='word_1_723' title='bbox 1830 1898 1853 1946; x_wconf 81' lang='grc' dir='ltr'>ἢ</span> <span class='ocrx_word' id='word_1_724' title='bbox 1873 1898 1922 1948; x_wconf 90' lang='grc' dir='ltr'>μὴ</span> <span class='ocrx_word' id='word_1_725' title='bbox 1946 1894 2036 1949; x_wconf 76' lang='grc' dir='ltr'>ἦμεν</span> <span class='ocrx_word' id='word_1_726' title='bbox 2061 1898 2169 1937; x_wconf 82' lang='grc' dir='ltr'>ἵππον</span> <span class='ocrx_word' id='word_1_727' title='bbox 2188 1897 2211 1944; x_wconf 85' lang='grc' dir='ltr'>ἢ</span> <span class='ocrx_word' id='word_1_728' title='bbox 2231 1897 2282 1950; x_wconf 81' lang='grc' dir='ltr'>μὴ</span> <span class='ocrx_word' id='word_1_729' title='bbox 2313 1898 2493 1950; x_wconf 78' lang='grc' dir='ltr'>συνυπάρ-</span> 
     </span>
    </p>
   </div>
   <div class='ocr_carea' id='block_1_6' title="bbox 1453 2153 2495 3536">
    <p class='ocr_par' dir='ltr' id='par_1_6' title="bbox 1453 2153 2495 3536">
     <span class='ocr_line' id='line_1_82' title="bbox 1454 2153 2490 2196; baseline -0.002 -8"><span class='ocrx_word' id='word_1_730' title='bbox 1454 2157 1486 2188; x_wconf 86' lang='lat' dir='ltr'>et</span> <span class='ocrx_word' id='word_1_731' title='bbox 1503 2156 1623 2187; x_wconf 84' lang='lat' dir='ltr'><strong>malum</strong></span> <span class='ocrx_word' id='word_1_732' title='bbox 1643 2155 1783 2188; x_wconf 82' lang='lat' dir='ltr'><strong>medium</strong></span> <span class='ocrx_word' id='word_1_733' title='bbox 1800 2154 1952 2196; x_wconf 86' lang='lat' dir='ltr'><strong>quiddam</strong></span> <span class='ocrx_word' id='word_1_734' title='bbox 1974 2154 2176 2195; x_wconf 75' lang='lat' dir='ltr'><strong>interjectum</strong></span> <span class='ocrx_word' id='word_1_735' title='bbox 2193 2155 2262 2195; x_wconf 81' lang='lat' dir='ltr'><strong>est,</strong></span> <span class='ocrx_word' id='word_1_736' title='bbox 2287 2153 2374 2195; x_wconf 86' lang='lat' dir='ltr'><strong>qnod</strong></span> <span class='ocrx_word' id='word_1_737' title='bbox 2387 2161 2490 2194; x_wconf 83' lang='lat' dir='ltr'><strong>neque</strong></span> 
     </span>
     <span class='ocr_line' id='line_1_83' title="bbox 1454 2212 2492 2255; baseline -0.002 -9"><span class='ocrx_word' id='word_1_738' title='bbox 1454 2214 1574 2246; x_wconf 87' lang='lat' dir='ltr'><strong>bonum</strong></span> <span class='ocrx_word' id='word_1_739' title='bbox 1591 2222 1696 2255; x_wconf 84' lang='lat' dir='ltr'><strong>neque</strong></span> <span class='ocrx_word' id='word_1_740' title='bbox 1708 2214 1827 2246; x_wconf 90' lang='lat' dir='ltr'><strong>malum</strong></span> <span class='ocrx_word' id='word_1_741' title='bbox 1843 2214 2036 2253; x_wconf 90' lang='lat' dir='ltr'><strong>nominatur,</strong></span> <span class='ocrx_word' id='word_1_742' title='bbox 2047 2212 2130 2245; x_wconf 87' lang='lat' dir='ltr'><strong>sicut</strong></span> <span class='ocrx_word' id='word_1_743' title='bbox 2139 2212 2223 2245; x_wconf 84' lang='lat' dir='ltr'><strong>inter</strong></span> <span class='ocrx_word' id='word_1_744' title='bbox 2233 2212 2336 2245; x_wconf 80' lang='lat' dir='ltr'><strong>multa</strong></span> <span class='ocrx_word' id='word_1_745' title='bbox 2344 2215 2379 2244; x_wconf 82' lang='lat' dir='ltr'>et</span> <span class='ocrx_word' id='word_1_746' title='bbox 2391 2220 2492 2253; x_wconf 69' lang='lat' dir='ltr'><strong>pauca</strong></span> 
     </span>
     <span class='ocr_line' id='line_1_84' title="bbox 1454 2271 2488 2315; baseline -0.005 -9"><span class='ocrx_word' id='word_1_747' title='bbox 1454 2274 1658 2307; x_wconf 86' lang='lat' dir='ltr'><strong>mediocritas</strong></span> <span class='ocrx_word' id='word_1_748' title='bbox 1677 2275 1738 2314; x_wconf 86' lang='lat' dir='ltr'><strong>est,</strong></span> <span class='ocrx_word' id='word_1_749' title='bbox 1755 2278 1852 2315; x_wconf 86' lang='lat' dir='ltr'><strong>atque</strong></span> <span class='ocrx_word' id='word_1_750' title='bbox 1871 2274 1952 2306; x_wconf 90' lang='lat' dir='ltr'><strong>inter</strong></span> <span class='ocrx_word' id='word_1_751' title='bbox 1971 2273 2151 2305; x_wconf 83' lang='lat' dir='ltr'><strong>tarditatem</strong></span> <span class='ocrx_word' id='word_1_752' title='bbox 2165 2274 2198 2304; x_wconf 89' lang='lat' dir='ltr'>et</span> <span class='ocrx_word' id='word_1_753' title='bbox 2212 2271 2408 2305; x_wconf 81' lang='lat' dir='ltr'><strong>celeritatem</strong></span> <span class='ocrx_word' id='word_1_754' title='bbox 2429 2279 2488 2311; x_wconf 80' lang='lat' dir='ltr'>par</span> 
     </span>
     <span class='ocr_line' id='line_1_85' title="bbox 1453 2328 2491 2374; baseline -0.003 -11"><span class='ocrx_word' id='word_1_755' title='bbox 1453 2332 1619 2374; x_wconf 80' lang='lat' dir='ltr'><strong>velocitas3</strong></span> <span class='ocrx_word' id='word_1_756' title='bbox 1640 2333 1695 2366; x_wconf 87' lang='lat' dir='ltr'>sed</span> <span class='ocrx_word' id='word_1_757' title='bbox 1718 2333 1800 2365; x_wconf 88' lang='lat' dir='ltr'><strong>inter</strong></span> <span class='ocrx_word' id='word_1_758' title='bbox 1817 2332 1961 2364; x_wconf 83' lang='lat' dir='ltr'><strong>habitum</strong></span> <span class='ocrx_word' id='word_1_759' title='bbox 1976 2335 2008 2364; x_wconf 84' lang='lat' dir='ltr'>et</span> <span class='ocrx_word' id='word_1_760' title='bbox 2025 2330 2236 2372; x_wconf 85' lang='lat' dir='ltr'><strong>privationem</strong></span> <span class='ocrx_word' id='word_1_761' title='bbox 2257 2329 2336 2362; x_wconf 78' lang='lat' dir='ltr'><strong>nihil</strong></span> <span class='ocrx_word' id='word_1_762' title='bbox 2349 2328 2491 2361; x_wconf 83' lang='lat' dir='ltr'><strong>medium</strong></span> 
     </span>
     <span class='ocr_line' id='line_1_86' title="bbox 1453 2387 2494 2431; baseline -0.004 -7"><span class='ocrx_word' id='word_1_763' title='bbox 1453 2394 1513 2431; x_wconf 85' lang='lat' dir='ltr'><strong>est,</strong></span> <span class='ocrx_word' id='word_1_764' title='bbox 1525 2392 1600 2431; x_wconf 87' lang='lat' dir='ltr'><strong>quia</strong></span> <span class='ocrx_word' id='word_1_765' title='bbox 1615 2392 1691 2423; x_wconf 79' lang='lat' dir='ltr'><strong>nihil</strong></span> <span class='ocrx_word' id='word_1_766' title='bbox 1709 2393 1756 2423; x_wconf 84' lang='lat' dir='ltr'>est</span> <span class='ocrx_word' id='word_1_767' title='bbox 1768 2391 1852 2422; x_wconf 88' lang='lat' dir='ltr'><strong>inter</strong></span> <span class='ocrx_word' id='word_1_768' title='bbox 1874 2391 1970 2421; x_wconf 82' lang='lat' dir='ltr'><strong>vitam</strong></span> <span class='ocrx_word' id='word_1_769' title='bbox 1987 2391 2021 2421; x_wconf 90' lang='lat' dir='ltr'>et</span> <span class='ocrx_word' id='word_1_770' title='bbox 2033 2391 2183 2428; x_wconf 82' lang='lat' dir='ltr'><strong>mortem,</strong></span> <span class='ocrx_word' id='word_1_771' title='bbox 2199 2387 2277 2419; x_wconf 86' lang='lat' dir='ltr'><strong>nihil</strong></span> <span class='ocrx_word' id='word_1_772' title='bbox 2293 2387 2391 2419; x_wconf 78' lang='lat' dir='ltr'><strong>ctiam</strong></span> <span class='ocrx_word' id='word_1_773' title='bbox 2409 2387 2494 2420; x_wconf 79' lang='lat' dir='ltr'><strong>inter</strong></span> 
     </span>
     <span class='ocr_line' id='line_1_87' title="bbox 1453 2445 2490 2488; baseline -0.006 -6"><span class='ocrx_word' id='word_1_774' title='bbox 1453 2451 1559 2482; x_wconf 85' lang='lat' dir='ltr'><strong>visum</strong></span> <span class='ocrx_word' id='word_1_775' title='bbox 1576 2451 1609 2482; x_wconf 88' lang='lat' dir='ltr'>et</span> <span class='ocrx_word' id='word_1_776' title='bbox 1623 2449 1820 2487; x_wconf 86' lang='lat' dir='ltr'><strong>caecitatem,</strong></span> <span class='ocrx_word' id='word_1_777' title='bbox 1834 2449 1895 2479; x_wconf 79' lang='lat' dir='ltr'><strong>nisi</strong></span> <span class='ocrx_word' id='word_1_778' title='bbox 1912 2447 1982 2488; x_wconf 87' lang='lat' dir='ltr'><strong>quis</strong></span> <span class='ocrx_word' id='word_1_779' title='bbox 1995 2447 2076 2479; x_wconf 79' lang='lat' dir='ltr'><strong>forte</strong></span> <span class='ocrx_word' id='word_1_780' title='bbox 2093 2445 2193 2486; x_wconf 89' lang='lat' dir='ltr'><strong>dicit,</strong></span> <span class='ocrx_word' id='word_1_781' title='bbox 2210 2445 2327 2478; x_wconf 79' lang='lat' dir='ltr'><strong>animal</strong></span> <span class='ocrx_word' id='word_1_782' title='bbox 2345 2445 2490 2477; x_wconf 87' lang='lat' dir='ltr'><strong>nondum</strong></span> 
     </span>
     <span class='ocr_line' id='line_1_88' title="bbox 1454 2505 2492 2548; baseline -0.006 -6"><span class='ocrx_word' id='word_1_783' title='bbox 1454 2511 1565 2542; x_wconf 89' lang='lat' dir='ltr'><strong>natum</strong></span> <span class='ocrx_word' id='word_1_784' title='bbox 1575 2533 1585 2548; x_wconf 89' lang='lat'>,</span> <span class='ocrx_word' id='word_1_785' title='bbox 1600 2509 1655 2542; x_wconf 85' lang='lat' dir='ltr'>sed</span> <span class='ocrx_word' id='word_1_786' title='bbox 1670 2517 1802 2541; x_wconf 86' lang='lat' dir='ltr'><strong>nascens</strong></span> <span class='ocrx_word' id='word_1_787' title='bbox 1818 2517 1887 2540; x_wconf 86' lang='lat' dir='ltr'><strong>esse</strong></span> <span class='ocrx_word' id='word_1_788' title='bbox 1901 2508 1984 2540; x_wconf 87' lang='lat' dir='ltr'><strong>inter</strong></span> <span class='ocrx_word' id='word_1_789' title='bbox 1999 2507 2098 2539; x_wconf 83' lang='lat' dir='ltr'><strong>vitam</strong></span> <span class='ocrx_word' id='word_1_790' title='bbox 2118 2507 2151 2538; x_wconf 85' lang='lat' dir='ltr'>et</span> <span class='ocrx_word' id='word_1_791' title='bbox 2163 2509 2314 2545; x_wconf 82' lang='lat' dir='ltr'><strong>mortem,</strong></span> <span class='ocrx_word' id='word_1_792' title='bbox 2333 2505 2492 2537; x_wconf 77' lang='lat' dir='ltr'><strong>catulum·</strong></span> 
     </span>
     <span class='ocr_line' id='line_1_89' title="bbox 1454 2563 2491 2609; baseline -0.006 -9"><span class='ocrx_word' id='word_1_793' title='bbox 1454 2576 1518 2609; x_wconf 86' lang='lat' dir='ltr'>que</span> <span class='ocrx_word' id='word_1_794' title='bbox 1537 2567 1679 2599; x_wconf 88' lang='lat' dir='ltr'><strong>nondum</strong></span> <span class='ocrx_word' id='word_1_795' title='bbox 1696 2567 1855 2599; x_wconf 86' lang='lat' dir='ltr'><strong>videntem</strong></span> <span class='ocrx_word' id='word_1_796' title='bbox 1876 2575 1944 2598; x_wconf 89' lang='lat' dir='ltr'><strong>esse</strong></span> <span class='ocrx_word' id='word_1_797' title='bbox 1967 2566 2049 2597; x_wconf 88' lang='lat' dir='ltr'><strong>inter</strong></span> <span class='ocrx_word' id='word_1_798' title='bbox 2063 2563 2241 2596; x_wconf 78' lang='lat' dir='ltr'><strong>caecitatem</strong></span> <span class='ocrx_word' id='word_1_799' title='bbox 2254 2565 2286 2595; x_wconf 85' lang='lat' dir='ltr'>et</span> <span class='ocrx_word' id='word_1_800' title='bbox 2305 2563 2430 2602; x_wconf 82' lang='lat' dir='ltr'><strong>visum;</strong></span> <span class='ocrx_word' id='word_1_801' title='bbox 2445 2563 2491 2594; x_wconf 82' lang='lat' dir='ltr'>ita</span> 
     </span>
     <span class='ocr_line' id='line_1_90' title="bbox 1454 2623 2495 2671; baseline -0.006 -11"><span class='ocrx_word' id='word_1_802' title='bbox 1454 2637 1531 2661; x_wconf 82' lang='lat' dir='ltr'><strong>vero</strong></span> <span class='ocrx_word' id='word_1_803' title='bbox 1547 2628 1655 2660; x_wconf 87' lang='lat' dir='ltr'><strong>dicens</strong></span> <span class='ocrx_word' id='word_1_804' title='bbox 1670 2626 1826 2659; x_wconf 82' lang='lat' dir='ltr'><strong>accidenti</strong></span> <span class='ocrx_word' id='word_1_805' title='bbox 1854 2625 1929 2671; x_wconf 83' lang='lat' dir='ltr'><strong>illud</strong></span> <span class='ocrx_word' id='word_1_806' title='bbox 1947 2625 2089 2657; x_wconf 87' lang='lat' dir='ltr'><strong>medium</strong></span> <span class='ocrx_word' id='word_1_807' title='bbox 2099 2647 2108 2664; x_wconf 91' lang='lat'>,</span> <span class='ocrx_word' id='word_1_808' title='bbox 2124 2632 2191 2656; x_wconf 88' lang='lat' dir='ltr'>non</span> <span class='ocrx_word' id='word_1_809' title='bbox 2206 2623 2341 2665; x_wconf 86' lang='lat' dir='ltr'><strong>propriis</strong></span> <span class='ocrx_word' id='word_1_810' title='bbox 2365 2623 2495 2655; x_wconf 78' lang='lat' dir='ltr'><strong>contra·</strong></span> 
     </span>
     <span class='ocr_line' id='line_1_91' title="bbox 1455 2676 2495 2722; baseline -0.007 -3"><span class='ocrx_word' id='word_1_811' title='bbox 1455 2686 1603 2719; x_wconf 83' lang='lat' dir='ltr'><strong>rietatum</strong></span> <span class='ocrx_word' id='word_1_812' title='bbox 1618 2685 1759 2719; x_wconf 85' lang='lat' dir='ltr'><strong>terminis</strong></span> <span class='ocrx_word' id='word_1_813' title='bbox 1774 2676 2025 2717; x_wconf 82' lang='lat' dir='ltr'><strong>circumscribet.</strong></span> <span class='ocrx_word' id='word_1_814' title='bbox 2042 2683 2102 2716; x_wconf 84' lang='lat' dir='ltr'>sed</span> <span class='ocrx_word' id='word_1_815' title='bbox 2125 2690 2174 2714; x_wconf 77' lang='lat' dir='ltr'>res</span> <span class='ocrx_word' id='word_1_816' title='bbox 2191 2682 2231 2713; x_wconf 85' lang='lat' dir='ltr'><strong>ad</strong></span> <span class='ocrx_word' id='word_1_817' title='bbox 2247 2681 2364 2722; x_wconf 83' lang='lat' dir='ltr'><strong>aliquid</strong></span> <span class='ocrx_word' id='word_1_818' title='bbox 2388 2681 2495 2713; x_wconf 83' lang='lat' dir='ltr'><strong>relatae</strong></span> 
     </span>
     <span class='ocr_line' id='line_1_92' title="bbox 1455 2738 2494 2777; baseline -0.008 0"><span class='ocrx_word' id='word_1_819' title='bbox 1455 2744 1626 2777; x_wconf 86' lang='lat' dir='ltr'><strong>admittunt</strong></span> <span class='ocrx_word' id='word_1_820' title='bbox 1646 2743 1751 2775; x_wconf 84' lang='lat' dir='ltr'><strong>media</strong></span> <span class='ocrx_word' id='word_1_821' title='bbox 1769 2744 1841 2775; x_wconf 84' lang='lat' dir='ltr'><strong>:est</strong></span> <span class='ocrx_word' id='word_1_822' title='bbox 1858 2742 1942 2774; x_wconf 83' lang='lat' dir='ltr'><strong>enim</strong></span> <span class='ocrx_word' id='word_1_823' title='bbox 1961 2742 2044 2773; x_wconf 90' lang='lat' dir='ltr'><strong>inter</strong></span> <span class='ocrx_word' id='word_1_824' title='bbox 2056 2740 2222 2772; x_wconf 89' lang='lat' dir='ltr'><strong>dominum</strong></span> <span class='ocrx_word' id='word_1_825' title='bbox 2247 2741 2281 2771; x_wconf 87' lang='lat' dir='ltr'>et</span> <span class='ocrx_word' id='word_1_826' title='bbox 2304 2747 2437 2771; x_wconf 81' lang='lat' dir='ltr'><strong>servum</strong></span> <span class='ocrx_word' id='word_1_827' title='bbox 2455 2738 2494 2770; x_wconf 91' lang='lat' dir='ltr'><strong>li·</strong></span> 
     </span>
     <span class='ocr_line' id='line_1_93' title="bbox 1455 2797 2489 2842; baseline -0.007 -7"><span class='ocrx_word' id='word_1_828' title='bbox 1455 2803 1523 2842; x_wconf 80' lang='lat' dir='ltr'><strong>ber,</strong></span> <span class='ocrx_word' id='word_1_829' title='bbox 1542 2803 1624 2835; x_wconf 87' lang='lat' dir='ltr'><strong>inter</strong></span> <span class='ocrx_word' id='word_1_830' title='bbox 1643 2802 1794 2842; x_wconf 78' lang='lat' dir='ltr'><strong>majorem</strong></span> <span class='ocrx_word' id='word_1_831' title='bbox 1811 2804 1844 2833; x_wconf 85' lang='lat' dir='ltr'>et</span> <span class='ocrx_word' id='word_1_832' title='bbox 1862 2801 2016 2831; x_wconf 86' lang='lat' dir='ltr'><strong>minorem</strong></span> <span class='ocrx_word' id='word_1_833' title='bbox 2030 2807 2099 2839; x_wconf 82' lang='lat' dir='ltr'><strong>par,</strong></span> <span class='ocrx_word' id='word_1_834' title='bbox 2117 2798 2200 2831; x_wconf 87' lang='lat' dir='ltr'><strong>inter</strong></span> <span class='ocrx_word' id='word_1_835' title='bbox 2219 2797 2362 2838; x_wconf 84' lang='lat' dir='ltr'><strong>amplum</strong></span> <span class='ocrx_word' id='word_1_836' title='bbox 2379 2797 2413 2828; x_wconf 81' lang='lat' dir='ltr'>et</span> <span class='ocrx_word' id='word_1_837' title='bbox 2431 2805 2489 2828; x_wconf 83' lang='lat' dir='ltr'><strong>an-</strong></span> 
     </span>
     <span class='ocr_line' id='line_1_94' title="bbox 1458 2854 2495 2902; baseline -0.008 -8"><span class='ocrx_word' id='word_1_838' title='bbox 1458 2863 1588 2902; x_wconf 81' lang='lat' dir='ltr'><strong>gustum</strong></span> <span class='ocrx_word' id='word_1_839' title='bbox 1605 2860 1637 2894; x_wconf 89' lang='lat' dir='ltr'><strong>id</strong></span> <span class='ocrx_word' id='word_1_840' title='bbox 1650 2860 1734 2902; x_wconf 86' lang='lat' dir='ltr'><strong>quod</strong></span> <span class='ocrx_word' id='word_1_841' title='bbox 1750 2861 1860 2901; x_wconf 83' lang='lat' dir='ltr'><strong>aptum</strong></span> <span class='ocrx_word' id='word_1_842' title='bbox 1874 2858 2094 2900; x_wconf 84' lang='lat' dir='ltr'><strong>appellamus;</strong></span> <span class='ocrx_word' id='word_1_843' title='bbox 2111 2856 2288 2897; x_wconf 82' lang='lat' dir='ltr'><strong>eodemque</strong></span> <span class='ocrx_word' id='word_1_844' title='bbox 2303 2854 2398 2887; x_wconf 88' lang='lat' dir='ltr'><strong>modo</strong></span> <span class='ocrx_word' id='word_1_845' title='bbox 2412 2854 2495 2887; x_wconf 77' lang='lat' dir='ltr'><strong>inter</strong></span> 
     </span>
     <span class='ocr_line' id='line_1_95' title="bbox 1456 2912 2492 2956; baseline -0.007 -5"><span class='ocrx_word' id='word_1_846' title='bbox 1456 2923 1586 2951; x_wconf 81' lang='lat' dir='ltr'><strong>caeteras</strong></span> <span class='ocrx_word' id='word_1_847' title='bbox 1601 2927 1653 2950; x_wconf 85' lang='lat' dir='ltr'>res</span> <span class='ocrx_word' id='word_1_848' title='bbox 1674 2917 1847 2950; x_wconf 80' lang='lat' dir='ltr'><strong>contrarias</strong></span> <span class='ocrx_word' id='word_1_849' title='bbox 1867 2915 2009 2948; x_wconf 87' lang='lat' dir='ltr'><strong>medium</strong></span> <span class='ocrx_word' id='word_1_850' title='bbox 2027 2915 2180 2956; x_wconf 88' lang='lat' dir='ltr'><strong>quiddam</strong></span> <span class='ocrx_word' id='word_1_851' title='bbox 2191 2914 2268 2952; x_wconf 74' lang='lat' dir='ltr'>¹sive</span> <span class='ocrx_word' id='word_1_852' title='bbox 2288 2912 2492 2946; x_wconf 76' lang='lat' dir='ltr'><strong>nominatum</strong></span> 
     </span>
     <span class='ocr_line' id='line_1_96' title="bbox 1456 2969 2494 3014; baseline -0.008 -5"><span class='ocrx_word' id='word_1_853' title='bbox 1456 2978 1524 3009; x_wconf 85' lang='lat' dir='ltr'><strong>sive</strong></span> <span class='ocrx_word' id='word_1_854' title='bbox 1544 2976 1672 3008; x_wconf 89' lang='lat' dir='ltr'><strong>nomine</strong></span> <span class='ocrx_word' id='word_1_855' title='bbox 1686 2983 1803 3007; x_wconf 81' lang='lat' dir='ltr'><strong>vacans</strong></span> <span class='ocrx_word' id='word_1_856' title='bbox 1818 2973 2020 3014; x_wconf 85' lang='lat' dir='ltr'><strong>interjectum</strong></span> <span class='ocrx_word' id='word_1_857' title='bbox 2037 2971 2223 3013; x_wconf 86' lang='lat' dir='ltr'><strong>reperietur.</strong></span> <span class='ocrx_word' id='word_1_858' title='bbox 2246 2972 2289 3003; x_wconf 81' lang='lat' dir='ltr'>At</span> <span class='ocrx_word' id='word_1_859' title='bbox 2307 2970 2390 3003; x_wconf 81' lang='lat' dir='ltr'><strong>inter</strong></span> <span class='ocrx_word' id='word_1_860' title='bbox 2406 2969 2494 3002; x_wconf 77' lang='lat' dir='ltr'><strong>affir-</strong></span> 
     </span>
     <span class='ocr_line' id='line_1_97' title="bbox 1457 3027 2494 3074; baseline -0.007 -8"><span class='ocrx_word' id='word_1_861' title='bbox 1457 3034 1629 3066; x_wconf 87' lang='lat' dir='ltr'><strong>mationem</strong></span> <span class='ocrx_word' id='word_1_862' title='bbox 1645 3035 1678 3066; x_wconf 92' lang='lat' dir='ltr'>et</span> <span class='ocrx_word' id='word_1_863' title='bbox 1690 3032 1888 3074; x_wconf 83' lang='lat' dir='ltr'><strong>negationem</strong></span> <span class='ocrx_word' id='word_1_864' title='bbox 1904 3031 1982 3063; x_wconf 86' lang='lat' dir='ltr'><strong>nihil</strong></span> <span class='ocrx_word' id='word_1_865' title='bbox 1998 3030 2194 3062; x_wconf 84' lang='lat' dir='ltr'><strong>contrarium</strong></span> <span class='ocrx_word' id='word_1_866' title='bbox 2209 3031 2278 3069; x_wconf 85' lang='lat' dir='ltr'><strong>est,</strong></span> <span class='ocrx_word' id='word_1_867' title='bbox 2292 3027 2381 3062; x_wconf 76' lang='lat' dir='ltr'><strong>vorbi</strong></span> <span class='ocrx_word' id='word_1_868' title='bbox 2393 3027 2494 3068; x_wconf 69' lang='lat' dir='ltr'><strong>grau·</strong></span> 
     </span>
     <span class='ocr_line' id='line_1_98' title="bbox 1456 3085 2493 3125; baseline -0.008 0"><span class='ocrx_word' id='word_1_869' title='bbox 1456 3093 1538 3125; x_wconf 87' lang='lat' dir='ltr'><strong>inter</strong></span> <span class='ocrx_word' id='word_1_870' title='bbox 1557 3092 1790 3125; x_wconf 80' lang='lat' dir='ltr'><strong>humanitatem</strong></span> <span class='ocrx_word' id='word_1_871' title='bbox 1803 3092 1836 3123; x_wconf 83' lang='lat' dir='ltr'>et</span> <span class='ocrx_word' id='word_1_872' title='bbox 1847 3089 2113 3123; x_wconf 83' lang='lat' dir='ltr'><strong>inhumanitatem</strong></span> <span class='ocrx_word' id='word_1_873' title='bbox 2136 3087 2188 3119; x_wconf 85' lang='lat' dir='ltr'>vel</span> <span class='ocrx_word' id='word_1_874' title='bbox 2205 3087 2286 3119; x_wconf 80' lang='lat' dir='ltr'><strong>inter</strong></span> <span class='ocrx_word' id='word_1_875' title='bbox 2304 3086 2381 3119; x_wconf 77' lang='lat' dir='ltr'><strong>artis</strong></span> <span class='ocrx_word' id='word_1_876' title='bbox 2395 3085 2493 3118; x_wconf 76' lang='lat' dir='ltr'><strong>musi·</strong></span> 
     </span>
     <span class='ocr_line' id='line_1_99' title="bbox 1457 3145 2495 3189; baseline -0.006 -7"><span class='ocrx_word' id='word_1_877' title='bbox 1457 3158 1503 3182; x_wconf 81' lang='lat' dir='ltr'>cae</span> <span class='ocrx_word' id='word_1_878' title='bbox 1526 3150 1690 3182; x_wconf 76' lang='lat' dir='ltr'><strong>scientiam</strong></span> <span class='ocrx_word' id='word_1_879' title='bbox 1709 3152 1740 3180; x_wconf 83' lang='lat' dir='ltr'>et</span> <span class='ocrx_word' id='word_1_880' title='bbox 1764 3147 2003 3189; x_wconf 82' lang='lat' dir='ltr'><strong>ignorationem.</strong></span> <span class='ocrx_word' id='word_1_881' title='bbox 2021 3146 2160 3178; x_wconf 91' lang='lat' dir='ltr'><strong>Omnino</strong></span> <span class='ocrx_word' id='word_1_882' title='bbox 2176 3146 2428 3177; x_wconf 30' lang='lat' dir='ltr'><strong>autemvnecaese</strong></span> <span class='ocrx_word' id='word_1_883' title='bbox 2443 3145 2495 3176; x_wconf 74' lang='lat' dir='ltr'>est</span> 
     </span>
     <span class='ocr_line' id='line_1_100' title="bbox 1458 3200 2490 3246; baseline -0.007 -7"><span class='ocrx_word' id='word_1_884' title='bbox 1458 3209 1514 3239; x_wconf 84' lang='lat' dir='ltr'>aut</span> <span class='ocrx_word' id='word_1_885' title='bbox 1531 3207 1689 3239; x_wconf 82' lang='lat' dir='ltr'><strong>affirmare</strong></span> <span class='ocrx_word' id='word_1_886' title='bbox 1713 3208 1770 3238; x_wconf 87' lang='lat' dir='ltr'>aut</span> <span class='ocrx_word' id='word_1_887' title='bbox 1784 3214 1915 3246; x_wconf 82' lang='lat' dir='ltr'><strong>negare;</strong></span> <span class='ocrx_word' id='word_1_888' title='bbox 1930 3203 2047 3236; x_wconf 87' lang='lat' dir='ltr'><strong>dicitur</strong></span> <span class='ocrx_word' id='word_1_889' title='bbox 2071 3202 2155 3235; x_wconf 87' lang='lat' dir='ltr'><strong>enim</strong></span> <span class='ocrx_word' id='word_1_890' title='bbox 2178 3202 2293 3242; x_wconf 89' lang='lat' dir='ltr'><strong>aliquis</strong></span> <span class='ocrx_word' id='word_1_891' title='bbox 2315 3200 2490 3240; x_wconf 82' lang='lat' dir='ltr'><strong>affirmare,</strong></span> 
     </span>
     <span class='ocr_line' id='line_1_101' title="bbox 1457 3259 2490 3306; baseline -0.007 -9"><span class='ocrx_word' id='word_1_892' title='bbox 1457 3267 1585 3306; x_wconf 84' lang='lat' dir='ltr'><strong>quando</strong></span> <span class='ocrx_word' id='word_1_893' title='bbox 1603 3261 1671 3298; x_wconf 65' lang='lat' dir='ltr'><strong>es‘se</strong></span> <span class='ocrx_word' id='word_1_894' title='bbox 1684 3264 1804 3306; x_wconf 89' lang='lat' dir='ltr'><strong>aliquid</strong></span> <span class='ocrx_word' id='word_1_895' title='bbox 1822 3264 1980 3302; x_wconf 80' lang='lat' dir='ltr'><strong>declarat,</strong></span> <span class='ocrx_word' id='word_1_896' title='bbox 1993 3261 2130 3302; x_wconf 78' lang='lat' dir='ltr'><strong>exempli</strong></span> <span class='ocrx_word' id='word_1_897' title='bbox 2147 3269 2239 3292; x_wconf 86' lang='lat' dir='ltr'><strong>cansa</strong></span> <span class='ocrx_word' id='word_1_898' title='bbox 2253 3259 2416 3292; x_wconf 87' lang='lat' dir='ltr'><strong>hominem</strong></span> <span class='ocrx_word' id='word_1_899' title='bbox 2436 3259 2490 3291; x_wconf 81' lang='lat' dir='ltr'>vel</span> 
     </span>
     <span class='ocr_line' id='line_1_102' title="bbox 1458 3317 2491 3363; baseline -0.006 -9"><span class='ocrx_word' id='word_1_900' title='bbox 1458 3330 1594 3363; x_wconf 87' lang='lat' dir='ltr'><strong>equum,</strong></span> <span class='ocrx_word' id='word_1_901' title='bbox 1609 3325 1706 3363; x_wconf 84' lang='lat' dir='ltr'><strong>atque</strong></span> <span class='ocrx_word' id='word_1_902' title='bbox 1722 3323 1798 3354; x_wconf 82' lang='lat' dir='ltr'><strong>huic</strong></span> <span class='ocrx_word' id='word_1_903' title='bbox 1826 3321 1928 3353; x_wconf 84' lang='lat' dir='ltr'><strong>inesse</strong></span> <span class='ocrx_word' id='word_1_904' title='bbox 1946 3319 2083 3361; x_wconf 86' lang='lat' dir='ltr'><strong>aliquid,</strong></span> <span class='ocrx_word' id='word_1_905' title='bbox 2105 3319 2193 3351; x_wconf 87' lang='lat' dir='ltr'><strong>velut</strong></span> <span class='ocrx_word' id='word_1_906' title='bbox 2214 3317 2334 3350; x_wconf 83' lang='lat' dir='ltr'><strong>homini</strong></span> <span class='ocrx_word' id='word_1_907' title='bbox 2359 3317 2491 3350; x_wconf 79' lang='lat' dir='ltr'><strong>musicae</strong></span> 
     </span>
     <span class='ocr_line' id='line_1_103' title="bbox 1458 3377 2486 3421; baseline -0.004 -10"><span class='ocrx_word' id='word_1_908' title='bbox 1458 3381 1623 3412; x_wconf 83' lang='lat' dir='ltr'><strong>scientiam</strong></span> <span class='ocrx_word' id='word_1_909' title='bbox 1639 3381 1689 3413; x_wconf 85' lang='lat' dir='ltr'>vel</span> <span class='ocrx_word' id='word_1_910' title='bbox 1706 3389 1787 3421; x_wconf 89' lang='lat' dir='ltr'><strong>equo</strong></span> <span class='ocrx_word' id='word_1_911' title='bbox 1804 3379 1963 3411; x_wconf 83' lang='lat' dir='ltr'><strong>bellatoris</strong></span> <span class='ocrx_word' id='word_1_912' title='bbox 1983 3378 2056 3418; x_wconf 85' lang='lat' dir='ltr'><strong>equi</strong></span> <span class='ocrx_word' id='word_1_913' title='bbox 2073 3377 2243 3416; x_wconf 84' lang='lat' dir='ltr'><strong>virtutem,</strong></span> <span class='ocrx_word' id='word_1_914' title='bbox 2265 3384 2378 3416; x_wconf 87' lang='lat' dir='ltr'><strong>negare</strong></span> <span class='ocrx_word' id='word_1_915' title='bbox 2397 3383 2486 3416; x_wconf 86' lang='lat' dir='ltr'><strong>vero,</strong></span> 
     </span>
     <span class='ocr_line' id='line_1_104' title="bbox 1458 3434 2491 3479; baseline -0.003 -11"><span class='ocrx_word' id='word_1_916' title='bbox 1458 3438 1587 3479; x_wconf 85' lang='lat' dir='ltr'><strong>qnando</strong></span> <span class='ocrx_word' id='word_1_917' title='bbox 1601 3447 1664 3470; x_wconf 92' lang='lat' dir='ltr'>non</span> <span class='ocrx_word' id='word_1_918' title='bbox 1681 3447 1750 3470; x_wconf 83' lang='lat' dir='ltr'><strong>osse</strong></span> <span class='ocrx_word' id='word_1_919' title='bbox 1768 3438 1886 3479; x_wconf 89' lang='lat' dir='ltr'><strong>aliquid</strong></span> <span class='ocrx_word' id='word_1_920' title='bbox 1899 3437 2048 3476; x_wconf 82' lang='lat' dir='ltr'><strong>declarat,</strong></span> <span class='ocrx_word' id='word_1_921' title='bbox 2071 3435 2158 3468; x_wconf 82' lang='lat' dir='ltr'><strong>velut</strong></span> <span class='ocrx_word' id='word_1_922' title='bbox 2171 3443 2233 3467; x_wconf 87' lang='lat' dir='ltr'>non</span> <span class='ocrx_word' id='word_1_923' title='bbox 2246 3442 2317 3466; x_wconf 84' lang='lat' dir='ltr'><strong>esse</strong></span> <span class='ocrx_word' id='word_1_924' title='bbox 2330 3434 2491 3466; x_wconf 88' lang='lat' dir='ltr'><strong>homiuem</strong></span> 
     </span>
     <span class='ocr_line' id='line_1_105' title="bbox 1459 3490 2490 3536; baseline -0.004 -10"><span class='ocrx_word' id='word_1_925' title='bbox 1459 3494 1508 3527; x_wconf 86' lang='lat' dir='ltr'>vel</span> <span class='ocrx_word' id='word_1_926' title='bbox 1526 3503 1590 3527; x_wconf 89' lang='lat' dir='ltr'>non</span> <span class='ocrx_word' id='word_1_927' title='bbox 1606 3503 1675 3528; x_wconf 83' lang='lat' dir='ltr'><strong>esse</strong></span> <span class='ocrx_word' id='word_1_928' title='bbox 1698 3504 1833 3536; x_wconf 89' lang='lat' dir='ltr'><strong>equum,</strong></span> <span class='ocrx_word' id='word_1_929' title='bbox 1857 3494 1907 3527; x_wconf 84' lang='lat' dir='ltr'>vel</span> <span class='ocrx_word' id='word_1_930' title='bbox 1931 3493 2005 3526; x_wconf 87' lang='lat' dir='ltr'><strong>huic</strong></span> <span class='ocrx_word' id='word_1_931' title='bbox 2021 3493 2166 3535; x_wconf 73' lang='lat' dir='ltr'><strong>quaerlam</strong></span> <span class='ocrx_word' id='word_1_932' title='bbox 2185 3500 2247 3524; x_wconf 90' lang='lat' dir='ltr'>non</span> <span class='ocrx_word' id='word_1_933' title='bbox 2264 3494 2379 3533; x_wconf 79' lang='lat' dir='ltr'><strong>inesse,</strong></span> <span class='ocrx_word' id='word_1_934' title='bbox 2401 3490 2490 3524; x_wconf 78' lang='lat' dir='ltr'><strong>verbi</strong></span> 
     </span>
    </p>
   </div>
  </div>
 </body>
</html>
