2606 3828
366 274 440 306 318

364 371 448 397 rum
483 355 803 408 philosophorum
841 359 1031 404 praecepta
1064 361 1316 403 perceperat,
1353 353 1400 392 ad

363 415 667 469 pertractandam
702 415 799 452 hanc
830 411 1123 462 disciplinarum
1155 412 1329 461 reginam
1360 425 1401 451 se

363 476 482 515 dedit.
503 475 587 513 Fuit
607 483 747 520 autem,
764 474 853 511 licet
868 470 1003 508 habitu
1016 478 1054 508 et
1066 470 1192 509 victus
1217 471 1402 510 tenuitate

363 536 606 586 aliquatenus
624 534 875 583 Sinopensem
894 529 1069 567 aemulari
1095 529 1310 578 videretur,
1333 530 1404 582 Cy-

353 586 451 632 'nica
483 592 566 644 ejus
587 591 778 630 institutio
806 588 975 627 Socratis
1005 588 1252 640 aliorumque
1272 589 1402 641 philo-

362 653 572 705 sophorum
607 649 771 688 decretis
804 656 1027 699 temperata.
1065 647 1171 694 Quin
1198 649 1315 687 etiam
1347 649 1399 701 (5)

363 714 478 751 attica
499 711 540 749 in
560 710 661 760 jocis
690 708 775 759 ejus
812 706 1014 745 urbanitas
1044 708 1292 760 comparebat
1316 722 1402 748 ser—

362 781 571 819 monesque
586 768 720 818 lepore
742 774 779 804 et
805 766 1011 804 festivitate
1027 766 1174 805 conditi
1190 776 1325 818 erant,
1346 769 1402 808 ita

361 835 417 874 ut,
440 825 544 877 quod
563 825 610 862 de
624 823 774 862 Pericle
793 823 949 875 scripsit
965 824 1140 876 Eupolis,
1158 825 1200 863 in
1216 825 1326 865 illius
1342 827 1402 866 la-

361 886 442 923 bris
454 884 576 922 Suada
593 882 798 922 sessitaret.
814 882 1004 928 Quocirca
1016 897 1095 922 non
1105 883 1221 922 modo
1233 884 1403 934 discipu-

360 945 423 991 lis,
444 943 510 981 sed
527 940 709 980 omnibus
725 942 840 979 etiam
856 941 1158 981 Atheniensibus
1173 951 1287 994 atque
1307 942 1403 981 adeo

359 1005 517 1043 Graeciae
549 1004 743 1042 universae
776 1003 954 1055 placebat
994 1002 1062 1056 (6).
1103 1000 1236 1056 Neque
1272 1001 1402 1042 tamen

358 1122 567 1164 φαιδροτέρους
579 1120 633 1152 καὶ
649 1119 724 1162 πρὸς
738 1120 776 1153 τὸ
795 1121 904 1162 μέλλον
925 1121 1097 1159 εὐέλπιδας.
1116 1139 1156 1146 -
1175 1122 1220 1163 (5)
1243 1123 1405 1156 Lucienus

358 1170 415 1201 vit.
433 1168 626 1201 Demonact.
649 1175 679 1199 c.
698 1168 777 1199 7-10
796 1167 1031 1200 εΟὔδεπώποτε
1046 1172 1121 1208 γοῦν
1138 1169 1225 1210 ὤφθη
1244 1181 1405 1209 κεκραγως

358 1217 377 1254 ἢ
399 1214 698 1255 ὑπερδιατεινόμενος
713 1213 732 1251 ἢ
758 1213 942 1253 ἀγανακτῶν
957 1216 1025 1247 οὐδ’
1047 1216 1074 1247 εἰ
1095 1216 1240 1257 ἐπιτιμᾶν
1263 1228 1309 1259 τῳ
1325 1221 1402 1258 δέοι,

358 1262 435 1294 ἀλλὰ
453 1265 516 1294 τῶν
531 1261 586 1302 μὲν
606 1258 839 1301 ἁμαρτημάτων
852 1261 1026 1298 καθήπτετο
1037 1286 1047 1301 ,
1061 1265 1125 1299 τοῖς
1138 1263 1171 1294 δὲ
1186 1263 1402 1305 ἁμαρτάνουσι

358 1309 605 1349 συνεγίγνωσκε,
624 1307 678 1338 καὶ
702 1307 738 1338 τὸ
763 1308 961 1349 παράδειγμα
985 1309 1070 1349 παρὰ
1094 1312 1156 1341 τῶν
1181 1311 1295 1352 ἰατρῶν
1314 1311 1402 1349 ἠξίου

358 1354 523 1397 λαμὸάνειν
536 1354 576 1386 τὰ
591 1354 646 1394 μὲν
664 1353 827 1393 νοσήματα
850 1355 1004 1395 ἰωμένων,
1027 1355 1102 1398 ὀργῇ
1121 1356 1155 1388 δὲ
1175 1357 1251 1397 πρὸς
1265 1357 1337 1394 τοὺς
1351 1370 1403 1390 νο-

359 1406 488 1439 σοῦντας
513 1402 550 1434 οὗ
575 1400 757 1443 χρωμένων·
784 1402 889 1441 ἡγεῖτο
916 1402 976 1444 γὰρ
1000 1403 1164 1444 ἀνθρώπου
1183 1405 1238 1444 μὲν
1266 1405 1343 1437 εἶναι
1365 1409 1402 1438 τὸ

359 1449 556 1492 ἁμαρτάνειν,
574 1450 644 1481 θεοῦ
657 1448 689 1479 δὲ
702 1449 722 1485 ἢ
743 1446 851 1491 ἀνδρὸς
867 1451 990 1483 ἰσοθέου
1008 1451 1048 1483 τὰ
1066 1452 1254 1484 πταισθέντα
1270 1453 1401 1495 ἐπανορ-

359 1498 442 1529 θοῦν.
469 1497 611 1536 Τοιούτῳ
634 1495 672 1533 δὴ
705 1495 765 1537 βίῳ
795 1498 956 1539 χρώμενος
976 1499 1019 1534 εἰς
1049 1499 1161 1531 ἑαυτὸν
1195 1500 1251 1539 μὲν
1278 1501 1401 1537 οὐδενὸς

359 1545 472 1582 ἐδεῖτο,
495 1543 590 1585 φίλοις
614 1542 647 1574 δὲ
665 1544 854 1585 συνέπραττε
879 1545 919 1576 τὰ
941 1545 1048 1577 εἰκότα
1059 1569 1068 1584 ,
1086 1546 1224 1582 καὶτοὺς
1241 1547 1297 1588 μὲν
1314 1548 1402 1580 εὐτυ-

359 1593 427 1633 χεῖν
456 1591 622 1626 δοκοῦντας
648 1589 751 1621 αὐτῶν
772 1591 1006 1632 ὑπεμίμνησκεν
1042 1594 1084 1629 ὡς
1115 1593 1164 1625 ἐπ’
1181 1593 1404 1636 ὀλιγοχρονίοις

360 1643 422 1675 τοῖς
441 1638 586 1670 δοκοῦσιν
604 1636 733 1678 ἀγαθοῖς
747 1639 985 1680 ἐπαιρομένους,
1002 1639 1073 1675 τοὺς
1091 1639 1124 1671 δὲ
1141 1640 1161 1678 ἢ
1175 1639 1285 1672 πενίαν
1299 1641 1404 1683 ὀδυρο-

360 1686 467 1727 μένους
481 1685 500 1723 ἢ
517 1686 615 1725 φυγὴν
633 1686 890 1728 δυσχεραίνοντας
903 1687 923 1724 ἢ
939 1689 1035 1727 γῆρας
1052 1687 1071 1724 ἢ
1087 1686 1179 1718 νόσον
1193 1688 1398 1728 αἰτιωμένους

359 1731 417 1763 σὺν
437 1731 548 1771 γέλωτι
566 1734 772 1773 παρεμυθεῖτο
786 1733 845 1773 οὐχ
855 1733 990 1773 ὁρῶντας
1007 1731 1055 1763 ὅτι
1081 1733 1160 1771 μετὰ
1173 1734 1283 1774 μικρὸν
1297 1736 1403 1772 αὐτοῖς

360 1778 511 1811 παύσεται
532 1778 587 1818 μὲν
604 1779 643 1810 τὰ
670 1779 822 1818 ἀνιῶντα,
848 1779 925 1816 λήθη
945 1778 979 1810 δέ
1007 1790 1053 1815 τις
1078 1778 1205 1819 ἀγαθῶν
1221 1781 1274 1812 καὶ
1291 1785 1400 1813 κακῶν

358 1826 412 1858 καὶ
428 1825 581 1865 ἐλευθερία
606 1827 710 1868 μακρὰ
725 1826 842 1861 πάντας
856 1825 888 1857 ἐν
913 1825 1008 1866 ὀλίγῳ
1033 1826 1258 1867 καταλήψεται.
1288 1827 1403 1868 Ἔμελε

359 1873 391 1904 δὲ
409 1873 495 1913 αὐτῷ
511 1872 564 1903 καὶ
582 1872 729 1915 ἀδελφοὺς
752 1872 976 1909 ,στασιάζοντας
997 1872 1189 1904 διαλλάττειν
1209 1875 1264 1906 καὶ
1283 1877 1402 1915 γυναιξὶ

361 1919 437 1960 πρὸς
466 1919 538 1952 τοὺς
558 1919 774 1959 γεγαμηκότας
803 1919 927 1960 εἰρήνην
942 1919 1158 1960 πρυτανεύειν·
1187 1920 1241 1952 καί
1259 1932 1321 1953 που
1349 1924 1402 1955 καὶ

359 1968 467 2007 δήμοις
492 1968 729 2008 ταραττομένοις
747 1967 888 2008 ἐμμελῶς
911 1966 1050 2007 διελέχθη
1074 1969 1129 1999 καὶ
1150 1968 1224 2005 τοὺς
1238 1969 1402 2007 πλείστους

358 2013 461 2045 αὐτῶν
479 2013 600 2045 ἔπεισεν
616 2015 783 2054 ὑπουργεῖν
799 2016 838 2054 τῇ
855 2013 980 2053 πατρίδι
995 2013 1036 2044 τὰ
1053 2015 1172 2055 μέτρια.
1190 2017 1337 2053 Τοιοῦτός
1358 2028 1404 2054 τις

356 2060 395 2100 ἦν
420 2062 437 2093 ὁ
454 2060 569 2102 τρόπος
590 2064 644 2098 τῆς
667 2060 848 2102 φιλοσοφίας
880 2060 995 2100 αὐτοῦ,
1013 2063 1110 2101 πρᾶος
1138 2063 1190 2093 καὶ
1212 2063 1325 2104 ἥμερος
1350 2066 1403 2096 καὶ

357 2106 492 2149 φαιδρός.
515 2107 620 2139 Μόνον
645 2107 738 2139 αὐτὸν
750 2107 824 2145 ἠνία
836 2107 925 2149 φίλου
937 2107 1029 2144 νόσος
1042 2108 1062 2145 ἢ
1079 2107 1219 2149 θάνατος,
1235 2111 1277 2146 ὡς
1293 2111 1330 2143 ἂν
1349 2113 1403 2143 καὶ

356 2154 392 2185 τὸ
414 2154 559 2194 μέγιστον
577 2156 639 2185 τῶν
653 2153 685 2185 ἐν
701 2153 873 2194 ἀνθρώποις
889 2153 1014 2194 ἀγαθῶν
1030 2155 1086 2192 τήν
1097 2155 1199 2197 φιλίαν
1216 2157 1400 2199 ἡγούμενον·

355 2201 409 2232 καὶ
429 2200 480 2232 διὰ
502 2203 594 2232 τοῦτο
611 2200 694 2242 φίλος
717 2201 772 2241 μὲν
791 2200 828 2240 ἦν
842 2201 953 2239 ἅπασι,
979 2202 1032 2233 καὶ
1046 2202 1105 2233 οὐκ
1123 2202 1208 2235 ἔστιν
1226 2204 1332 2237 ὅντινα
1345 2206 1404 2238 οὐκ

356 2248 469 2279 οἰκεῖον
500 2248 656 2288 ἐνόμιζεν,
676 2248 838 2289 ἄνθρωπόν
868 2259 905 2288 γε
930 2248 1016 2280 ὄντα.
1037 2250 1148 2282 ἱΠλέον
1175 2251 1208 2283 δὲ
1231 2253 1251 2290 ἢ
1275 2253 1402 2285 ἔλαττον

355 2294 461 2336 ἔχαιρε
481 2296 583 2326 συνὼν
605 2295 695 2331 ἐνίοις
720 2295 844 2334 αὐτῶν,
870 2294 975 2334 μόνοις
1001 2295 1196 2337 ἐξιστάμενος
1226 2298 1339 2331 ὁπόσοι
1365 2300 1402 2331 ἂν

356 2342 481 2374 ἐδόκουν
507 2342 592 2383 αὐτῷ
613 2341 689 2382 ὑπὲρ
704 2343 759 2380 τὴν
772 2346 826 2381 τῆς
851 2342 1013 2384 θεραπείας
1033 2343 1145 2375 ἐλπίδα
1170 2345 1402 2388 διαμαρτάνειν.

357 2390 420 2420 Καὶ
449 2389 551 2421 πάντα
577 2392 680 2421 ταῦτα
711 2389 788 2429 μετὰ
826 2389 971 2430 Χαρίτων
1003 2391 1056 2422 καὶ
1094 2390 1270 2433 Ἀφροδίτης
1307 2394 1403 2433 αὐτῆς

356 2436 486 2477 ἔπραττε
502 2448 535 2468 τε
552 2437 606 2468 καὶ
626 2437 728 2476 ἔλεγεν
739 2462 748 2476 ,
761 2439 804 2473 ὡς
817 2437 876 2475 ἀεί,
890 2437 926 2469 τὸ
939 2438 1079 2478 κωμικὸν
1098 2439 1197 2471 ἐκεῖνο
1206 2466 1214 2479 ,
1230 2440 1284 2478 τήν
1297 2442 1402 2473 Πειθὼ

355 2486 417 2518 τοῖς
430 2482 564 2524 χείλεσιν
589 2483 684 2515 αὐτοῦ
709 2483 926 2521 ἐπικαθῆσθαι.
951 2485 1084 2525 Eupolis
1111 2485 1197 2525 apud
1217 2486 1311 2519 Diod.
1333 2488 1397 2520 Sic.

356 2529 413 2561 lib.
428 2531 486 2561 Xll
500 2537 571 2569 cap.
589 2532 629 2561 40
649 2538 658 2558 2
678 2530 845 2571 Περικλέης
863 2531 1032 2572 οὑλύμπιος
1046 2531 1234 2573 Ἠστραπτ“,
1257 2534 1402 2576 ἐὸρόντα,

356 2576 512 2612 σανεκύκα
527 2577 582 2614 τὴν
598 2576 740 2608 Ἑλλάδα.
763 2578 870 2609 Πειθώ
891 2589 936 2615 τις
956 2578 1132 2617 ἐπεκάθιζεν
1152 2581 1204 2612 ἐπὶ
1222 2584 1286 2618 τοῖς
1301 2583 1402 2622 χείλε·

355 2630 417 2654 σιν·
434 2623 542 2659 Οὕτως
558 2623 661 2660 ἐκήλει
684 2625 736 2655 καὶ
757 2624 849 2664 μόνος
867 2628 930 2656 τῶν
943 2626 1081 2667 ῥητόρων
1098 2628 1143 2659 Τὸ
1161 2628 1287 2669 κέντρον
1312 2629 1403 2670 ἐγκα-

355 2670 476 2701 τέλειπε
493 2673 557 2707 τοῖς
577 2671 802 2711 ἀκροωμένοις.
824 2690 866 2695 -
879 2673 924 2712 (ὓ)
942 2674 1103 2706 Lucianus
1129 2675 1190 2708 vit.
1209 2678 1401 2711 Demonact.

356 2724 385 2747 c.
405 2720 437 2747 11
458 2725 465 2746 τ
484 2718 655 2759 Τοιγαροῦν
673 2718 726 2750 καὶ
744 2719 936 2757 Ἀθηναίωνὸ
953 2731 987 2751 τε
999 2721 1123 2761 σύμπας
1142 2723 1238 2763 δῆμος
1252 2725 1304 2756 καὶ
1319 2727 1347 2757 οἱ
1371 2726 1403 2757 ἐν

355 2764 435 2794 τέλει
454 2765 614 2805 ὑπερφυῶς
639 2765 810 2806 ἐθαύμαζον
829 2766 924 2798 αὐτὸν
947 2767 1000 2798 καὶ
1019 2768 1171 2800 διετέλουν
1191 2770 1233 2806 ὥς
1257 2782 1325 2802 τινα
1338 2774 1400 2804 τῶν

356 2811 536 2842 κρειττόνων
552 2811 809 2852 προσὸλέποντες.
834 2812 946 2844 Καίτοι
970 2813 1002 2844 ἐν
1021 2814 1101 2856 ἀρχῇ
1123 2816 1312 2858 προσέκρουε
1336 2821 1402 2855 τοῖς

357 2857 481 2892 πολλοῖς
508 2857 611 2889 αὐτῶν
636 2858 691 2889 καὶ
710 2862 799 2899 μῖσος
828 2859 865 2890 οὐ
888 2862 974 2899 μεῖον
995 2859 1073 2901 [τοῦ
1095 2862 1301 2904 Σωκράτους]
1317 2865 1402 2906 παρὰ

356 2906 420 2939 τοῖς
439 2904 586 2941 πλήθεσιν
612 2904 766 2942 ἐκτήσατο
789 2904 840 2937 ἐπί
862 2916 895 2937 τε
913 2909 951 2946 τῇ
977 2907 1138 2950 παῤῥησίᾳ
1156 2910 1209 2941 καὶ
1235 2911 1400 2953 ἐλευθερίᾳ,

355 2950 409 2981 καί
441 2961 521 2987 τινες
549 2950 598 2983 ἐπ’
619 2951 713 2983 αὐτὸν
745 2952 940 2990 συνέστησαν
963 2953 1085 2986 Ἄνυτοι
1110 2956 1163 2987 καὶ
1189 2957 1325 2995 Μέλητοι
1357 2960 1397 2990 τὰ

356 2997 437 3028 αὐτὰ
456 3000 699 3037 κατηγοροῦντες
726 2998 806 3039 ἅπερ
827 2999 975 3030 κάκείνου
1003 3002 1032 3031 οἱ
1053 3000 1140 3041 τότε,
1158 3002 1205 3033 ὅτι
1228 3003 1299 3035 οὔτε
1320 3005 1401 3037 θύων

356 3045 441 3086 ὤφθη
460 3046 589 3077 πώποτε
604 3045 677 3076 οὔτε
698 3045 816 3085 ἐμυήθη
834 3045 926 3086 μόνος
946 3045 1090 3078 ἁπάντων
1103 3052 1169 3085 ταῖς
1188 3049 1398 3088 Ἐλευσινίαις·

352 3093 427 3132 πρὸς
449 3091 527 3132 ἅπερ
543 3091 689 3132 ἀνδρείως
710 3092 794 3132 μάλα
809 3092 1086 3133 στεφανωσάμενος
1103 3096 1156 3126 καὶ
1177 3098 1312 3138 καθαρὸν
1325 3098 1399 3139 ἱμά-

350 3149 414 3169 τιον
437 3138 600 3169 ἀναλαὸὼν
619 3138 672 3168 καὶ
692 3139 857 3179 παρελθὼν
876 3140 918 3174 εἰς
943 3139 998 3176 τὴν
1022 3139 1192 3178 ἐκκλησίαν
1207 3143 1246 3174 τὰ
1269 3144 1324 3184 μὲν
1342 3146 1397 3184 ἐμ.-

353 3186 470 3224 μελῶς,
486 3184 525 3216 τὰ
538 3184 572 3215 δὲ
593 3183 647 3215 καὶ
659 3185 845 3225 τραχύτερον
868 3186 888 3222 ἢ
910 3185 991 3215 κατὰ
1015 3185 1070 3223 τὴν
1088 3188 1199 3220 ἑαυτοῦ
1221 3191 1398 3232 προαίρεσιν

351 3231 583 3269 ἀπελογήσατο·
615 3229 691 3270 πρὸς
720 3229 775 3270 μὲν
797 3231 856 3271 γὰρ
885 3231 920 3262 τὸ
952 3231 994 3271 μὴ
1024 3230 1184 3265 τεθυκέναι
1207 3236 1335 3268 πώποτε
1359 3242 1397 3273 τῆ

350 3276 480 3318 Ἀθηνᾷ,
511 3277 564 3314 Μὴ
584 3275 764 3316 θαυμάσητε
777 3300 787 3317 ,
816 3277 872 3318 ἔφη
887 3303 894 3317 ,
921 3277 947 3308 ὦ
969 3277 1075 3318 ἄνδρες
1104 3278 1255 3318 Ἀθηναῖοι
1272 3306 1281 3320 ,
1307 3284 1334 3315 εἰ
1355 3285 1396 3324 μῆ

349 3322 496 3364 πρότερον
515 3323 593 3362 αὐτῇ
609 3322 716 3362 ἔθυσα,
734 3323 804 3355 οὐδὲ
820 3324 879 3364 γὰρ
893 3325 1011 3356 δεῖσθαι
1028 3326 1124 3364 αὐτὴν
1139 3331 1202 3359 τῶν
1225 3328 1298 3369 παρ’
1319 3329 1396 3369 ἐμοῦ

351 3370 466 3400 θυσιῶν
486 3368 717 3409 ὑπελάμὸανον.
743 3370 827 3410 Πρὸς
842 3370 875 3402 δὲ
895 3370 1033 3412 θάτερον,
1048 3372 1084 3404 τὸ
1107 3376 1169 3404 τῶν
1196 3375 1390 3415 μυστηρίων,

351 3414 465 3452 ταύτην
479 3416 534 3455 ἔφη
553 3415 634 3456 ἔχειν
653 3415 754 3447 αἰτίαν
777 3419 833 3448 τοῦ
852 3417 894 3458 μὴ
914 3422 1103 3457 κοινωνῆσαι
1129 3419 1219 3460 σφίσι
1240 3423 1294 3458 τῆς
1313 3422 1397 3453 τελε-

352 3462 406 3497 τῆς
418 3484 427 3499 ,
441 3460 507 3500 ὅτι,
532 3461 569 3493 ἄν
589 3471 622 3492 τε
640 3462 740 3501 φαῦλα
754 3461 775 3503 ᾖ
789 3463 828 3494 τὰ
847 3464 1002 3504 μυστήρια
1013 3488 1023 3504 ,
1042 3465 1079 3497 οὗ
1102 3467 1301 3505 σιωπήσεται
1322 3470 1397 3509 πρὸς

1097 265 1402 306 CYNICORUM
1430 264 1764 306 FRAGMENTA.

1462 352 1741 392 obtrectatores
1764 353 1800 391 ei
1824 352 2054 398 defuerunt,
2079 364 2102 390 a
2134 351 2278 403 quibus
2306 363 2503 402 nunquan.

1462 411 1697 452 sacrificasse
1736 410 1980 462 arguebatur.
2029 409 2234 448 Addebant
2265 422 2352 448 eum
2383 422 2506 449 unum

1461 483 1509 509 ex
1528 470 1711 509 omnibus
1730 484 1809 508 non
1827 483 1910 508 esse
1931 469 2138 507 Eleusiniis
2154 468 2277 507 sacris
2291 468 2503 508 initiatum.

1461 529 1589 575 Quum
1618 530 1739 580 igitur
1758 530 1959 568 Demonax
1988 535 2196 567 coronatus
2220 540 2263 566 ac
2284 540 2384 580 pura
2402 536 2507 567 veste

1462 588 1620 627 indutus
1653 588 1696 627 in
1730 588 1957 627 concionem
1986 586 2212 637 prodiisset,
2240 586 2380 639 partim
2411 599 2508 625 con-

1464 647 1579 686 cinne
1610 648 1753 699 partim
1786 647 1958 699 asperius
1992 659 2106 697 quam
2128 659 2200 697 pro
2230 645 2411 684 instituto
2435 657 2508 684 suo

1464 719 1616 746 causam
1634 706 1748 745 dixit.
1770 705 1920 744 Etenim
1941 706 1983 743 in
2002 704 2076 743 hoc
2096 704 2269 743 imitatus
2295 712 2352 743 est
2370 703 2509 743 Socra-

1463 774 1557 813 tem,
1572 765 1640 816 qui
1660 773 1703 803 ut
1721 773 1778 803 est
1799 764 1902 817 apud
1919 765 2143 803 Ciceronem
2162 764 2219 802 De
2239 777 2299 804 or.
2326 762 2364 812 l,
2386 762 2434 808 54
2453 763 2509 803 ita

1463 824 1504 862 in
1516 824 1675 873 judicio
1694 824 1833 876 capitis
1848 837 1921 875 pro
1940 836 1981 862 se
1999 825 2085 875 ipse
2103 823 2218 870 dixit,
2242 831 2286 861 ut
2306 835 2384 861 non
2411 831 2511 875 sup-

1462 883 1554 935 plex
1572 891 1637 921 aut
1656 896 1744 921 reus
1756 911 1767 928 ,
1791 883 1859 921 sed
1877 883 2059 933 magister
2075 891 2139 921 aut
2156 882 2338 931 dominus
2355 881 2511 921 videre-

1463 952 1527 982 tur
1562 956 1644 982 esse
1668 941 1861 993 judicum.
1893 940 2048 992 Quippe
2085 940 2283 992 asperiore
2309 941 2507 992 prooemio

1465 1015 1555 1040 usus
1574 1016 1583 1039 ε
1609 1002 1847 1049 coronatum,
1869 1000 2021 1051 inquit,
2042 999 2233 1052 (victimae
2255 999 2402 1051 instar)
2416 1013 2511 1050 quo-

1464 1065 1568 1098 niam
1595 1074 1654 1097 me
1672 1061 1818 1104 videtis,
1845 1063 1965 1107 agite,
1984 1063 2071 1106 jam
2092 1071 2151 1094 me
2162 1070 2306 1108 quoque
2322 1066 2507 1104 mactate5

1461 1124 1586 1167 priore
1622 1123 1721 1155 enim
1756 1120 1825 1155 illa
1860 1118 1985 1154 hostia
2017 1114 2215 1168 (Socrate)
2247 1129 2322 1154 non
2359 1118 2507 1156 litaseis.

1463 1180 1590 1214 lvome
1608 1186 1732 1214 autem
1760 1180 1902 1223 mirari,
1937 1176 2195 1224 Athenienses,
2222 1188 2281 1213 me
2295 1179 2404 1225 prius
2428 1177 2511 1214 Me·-

1464 1249 1588 1272 nervoe
1621 1249 1693 1271 non
1711 1236 1944 1280 sacrificasse
1953 1248 1968 1279 ,·
1987 1234 2170 1283 siquidem
2192 1234 2297 1270 illam
2316 1234 2513 1282 sacrificiis

1464 1308 1489 1329 a
1514 1307 1571 1330 me
1578 1294 1703 1341 factis
1720 1295 1889 1342 indIgere
1904 1306 1977 1329 non
1992 1293 2187 1341 putabam.
2208 1290 2400 1332 Praeterea
2424 1303 2512 1342 my-

1465 1351 1594 1390 steriis
1613 1365 1655 1390 se
1674 1365 1753 1389 non
1775 1364 1858 1390 esse
1876 1351 2071 1390 initiatum
2095 1349 2295 1402 professus
2314 1357 2394 1398 est,
2416 1349 2510 1401 quia

1464 1411 1499 1449 si
1517 1410 1622 1449 bona
1638 1411 1785 1458 forent,
1807 1424 1852 1450 ea
1872 1409 2056 1450 omnibus
2068 1409 2323 1456 enuntiasset,
2341 1409 2377 1448 si
2397 1408 2510 1458 mala,

1464 1469 1641 1508 homines
1661 1469 1834 1507 nondum
1865 1469 2040 1507 initiatos
2060 1467 2109 1506 ab
2136 1466 2363 1518 hujusmodi
2388 1468 2512 1518 orgiis

1466 1529 1681 1568 avertisset.
1705 1527 1841 1579 ltaque
1865 1528 1937 1566 hac
1965 1527 2215 1566 cavillatione
2233 1538 2387 1564 causam
2405 1525 2513 1577 judi-

1465 1600 1605 1639 cesque
1621 1587 1791 1626 ludendo
1807 1587 1947 1635 effecit,
1961 1595 2004 1625 ut
2017 1585 2224 1624 multitudo
2243 1584 2292 1623 ad
2310 1585 2511 1630 sanitatem

1465 1654 1724 1685 reverteretur
1743 1646 1906 1697 ipseque
1925 1658 1946 1682 e
1964 1644 2140 1696 periculo
2158 1644 2354 1683 evaderet.
2390 1643 2512 1682 Athe-

1465 1705 1620 1744 nienses
1640 1705 1744 1743 enim
1765 1717 1885 1755 quum
1901 1703 1983 1754 jam
2013 1711 2137 1742 essent
2156 1702 2284 1754 ipsum
2313 1701 2514 1753 lapidibus

1466 1763 1710 1815 percussuri,
1741 1775 1855 1810 versa
1874 1762 1917 1800 in
1947 1761 2258 1800 benevolentiam
2279 1760 2341 1799 ira
2370 1759 2420 1799 ab
2444 1760 2514 1800 illo

1468 1831 1643 1874 tempore
1671 1830 1873 1872 coeperunt
1903 1833 1991 1859 eum
2020 1820 2147 1858 colere
2173 1828 2212 1858 et
2233 1819 2443 1858 observare
2471 1835 2515 1865 ac

1464 1889 1662 1932 postremo
1685 1880 1800 1918 etiam
1817 1879 2017 1918 admirari.
2046 1879 2235 1917 caeterum
2255 1877 2308 1931 (7)
2323 1891 2448 1930 usque
2459 1879 2515 1918 ad

1464 1939 1556 1978 vitae
1580 1940 1697 1977 finem
1725 1947 1831 1977 tanto
1850 1938 1999 1977 honore
2027 1938 2133 1976 cives
2152 1937 2358 1988 caeterique
2385 1937 2513 1980 Graeci

1464 1998 1736 2036 Demonactem
1770 1997 1968 2048 prosecuti
1997 2005 2108 2044 sunt,
2142 2004 2186 2034 ut
2215 1995 2424 2047 prodeunti
2470 1995 2514 2034 in

1464 2055 1666 2107 publicum
1697 2056 1939 2105 magistratus
1965 2063 2209 2104 assurgerent
2226 2067 2439 2106 omnesque
2457 2055 2513 2094 si-

1464 2115 1627 2153 lentium
1650 2113 1886 2154 obtinerent.

1519 2174 1722 2212 Postremo
1755 2187 1874 2225 quum
1898 2173 1979 2224 jam
2000 2181 2099 2212 esset
2117 2185 2267 2211 summa
2294 2180 2511 2220 senectute,

1465 2234 1530 2272 vir
1554 2232 1793 2271 venerabilis
1822 2234 2028 2271 invocatus
2059 2243 2332 2282 quamcunque
2363 2229 2513 2269 libebat

1465 2292 1624 2329 domum
1661 2291 1861 2341 ingressus
1894 2289 1952 2328 ibi
1991 2289 2168 2328 coenabat
2197 2302 2241 2327 ac
2269 2288 2511 2336 dormiebat;

1466 2349 1613 2400 quique
1632 2349 1675 2387 in
1694 2361 1740 2387 ea
1759 2348 1987 2386 habitabant
2000 2376 2011 2395 ,
2029 2347 2144 2386 deum
2166 2347 2359 2399 quendam
2390 2347 2507 2386 adve-

1464 2489 1535 2526 τοὺς
1562 2489 1691 2529 μηδέπω
1712 2488 1944 2529 μεμυημένους,
1966 2488 2032 2519 ἀλλ’
2054 2488 2220 2529 ἀποτρέψει
2237 2487 2348 2523 αὐτοὺς
2374 2490 2437 2519 τῶν
2457 2486 2511 2528 ὀρ-

1464 2537 1554 2576 γίων,
1580 2536 1617 2568 ἄν
1636 2547 1670 2567 τε
1685 2535 1786 2573 καλά,
1807 2538 1903 2567 πᾶσιν
1920 2535 1999 2566 αὐτὰ
2025 2535 2237 2576 ἐξαγορεύσειν
2260 2535 2323 2567 ὑπὸ
2344 2535 2512 2576 φιλανθρω-

1463 2583 1549 2619 πίας·
1565 2584 1645 2616 ὥστε
1663 2583 1734 2619 τοὺς
1751 2582 1927 2620 Ἀθηναίους
1942 2582 2002 2620 ἤδη
2021 2581 2122 2618 λίθους
2147 2581 2197 2613 ἐπ’
2214 2580 2308 2612 αὐτὸν
2324 2581 2358 2612 ἐν
2371 2584 2442 2613 ταῖν
2454 2591 2511 2622 χε-

1463 2636 1531 2670 ροῖν
1546 2633 1676 2671 ἐχοντας
1688 2629 1804 2671 πράους
1818 2630 1904 2670 αὐτῷ
1925 2629 1979 2661 καὶ
1988 2629 2079 2665 ἵλεως
2097 2628 2241 2666 γενέσθαι
2261 2627 2375 2659 αὐτίκα
2392 2627 2447 2659 καὶ
2471 2627 2509 2659 τὸ

1465 2677 1521 2708 ἀπ’
1537 2677 1658 2709 ἐκείνου
1670 2676 1859 2717 ἀρξαμένους
1870 2679 1965 2716 τιμᾶν
1982 2675 2035 2707 καὶ
2052 2674 2205 2706 αἰδεῖσθαι
2218 2674 2272 2706 καὶ
2290 2673 2332 2705 τὰ
2346 2673 2509 2706 τελευταῖα
2546 2680 2549 2683 ’

1464 2723 1646 2764 θαυμάζειν,
1672 2722 1775 2754 καίτοι
1807 2723 1894 2758 εὐθὺς
1924 2722 1955 2753 ἐν
1980 2721 2061 2762 ἀρχῇ
2092 2723 2155 2752 τῶν
2177 2721 2253 2762 πρὸς
2278 2719 2389 2756 αὐτοὺς
2407 2719 2509 2759 λόγων

1462 2770 1644 2812 τραχυτέρῳ
1663 2769 1821 2811 ἐχρήσατο
1839 2771 1885 2809 τῷ
1909 2766 2077 2809 προοιμίῳ·
2096 2767 2215 2809 Ἄνδρες
2233 2765 2294 2808 γάρ
2305 2790 2315 2806 ,
2328 2766 2396 2807 ἔφη,
2421 2766 2507 2803 Ἀθη·

1463 2820 1564 2857 ναῖοι,
1585 2817 1641 2858 ἐμὲ
1660 2816 1715 2858 μὲν
1737 2817 1866 2858 ὁρῶντες
1889 2814 2142 2856 ἐστεφανωμένον
2161 2815 2248 2855 ὑμεῖς
2266 2813 2326 2852 ἤδη
2347 2812 2429 2853 κάμὲ
2445 2823 2506 2844 κα-

1461 2864 1615 2896 ταθύσατε
1628 2887 1638 2903 ,
1657 2864 1694 2895 τὸ
1715 2863 1774 2905 γὰρ
1795 2862 1944 2905 πρότερον
1960 2861 2019 2894 οὐκ
2044 2860 2294 2902 ἐκαλλιερήσατε.
2314 2877 2356 2884 -
2374 2860 2421 2899 (7)
2442 2860 2510 2891 Lu-

1463 2910 1574 2943 cianus
1585 2912 1644 2943 vit.
1659 2911 1847 2943 Demonact.
1862 2919 1890 2941 c.
1910 2912 1950 2942 63
1962 2922 1972 2941 ι
1983 2908 2057 2941 ἐὸίω
2073 2909 2106 2940 δὲ
2122 2909 2176 2946 ἐτη
2196 2907 2303 2945 ὀλίγου
2320 2907 2429 2940 δέοντα
2440 2909 2504 2938 τῶν

1461 2958 1572 2990 ἑκατὸν
1599 2957 1732 2997 ἄνοσος,
1764 2957 1899 2996 ἄλυπος,
1930 2956 2041 2988 οὐδένα
2069 2955 2240 2996 ἐνοχλήσας
2266 2965 2296 2986 τι
2315 2954 2336 2992 ἢ
2357 2953 2503 2990 αἰτήσας,

1462 3005 1560 3045 φίλοις
1589 3004 1762 3046 χρήσιμος,
1784 3003 1892 3044 ἐχθρὸν
1911 3002 2023 3034 οὐδένα
2053 3002 2254 3034 οὐδεπώποτε
2272 3000 2429 3042 ἐσχηκώς·
2450 2998 2508 3031 καὶ

1460 3056 1610 3084 τοσοῦτον
1635 3051 1738 3092 ἔρωτα
1762 3049 1857 3091 ἐ’σχον
1880 3049 1956 3090 πρὸς
1981 3049 2074 3081 αὐτὸν
2089 3048 2244 3086 Ἀθηναῖοί
2269 3058 2304 3079 τε
2335 3046 2425 3079 αὐτοὶ
2451 3046 2508 3078 καὶ

1461 3099 1572 3131 ἅπασα
1593 3099 1613 3136 ἡ
1633 3097 1762 3138 Ἑλλάς,
1786 3098 1870 3130 ὥστε
1897 3096 2038 3138 παριόντι
2065 3095 2325 3133 ὑπεξανίστασθαι
2356 3093 2412 3134 μὲν
2436 3092 2509 3131 τοὺς

1461 3146 1615 3187 ἄρχοντας
1626 3169 1637 3184 ,
1652 3144 1775 3183 σιωπὴν
1791 3144 1825 3176 δὲ
1842 3143 1980 3184 γίνεσθαι
2001 3143 2088 3183 παρὰ
2104 3143 2240 3174 πάντων.
2262 3142 2307 3173 Τὸ
2328 3142 2505 3173 τελευταῖον

1460 3193 1494 3224 δὲ
1517 3193 1577 3231 ἤδη
1602 3193 1782 3233 ὑπέργηρως
1807 3191 1852 3222 ὢν
1877 3190 2009 3227 ἄκλητος
2035 3191 2077 3226 εἰς
2093 3190 2132 3227 ἣν
2148 3190 2236 3230 τύχοι
2260 3188 2381 3229 παριὼν
2403 3186 2506 3219 οἰκίαν

1462 3239 1599 3270 ἐδείπνει
1616 3239 1669 3270 καὶ
1686 3237 1840 3276 ἐκάθευδε,
1860 3238 1925 3268 τῶν
1945 3236 2146 3268 ἐνοικούντων
2167 3236 2237 3266 θεοῦ
2249 3245 2317 3265 τινα
2330 3232 2508 3274 ἐπιφάνειαν

1459 3285 1641 3325 ἡγουμένων
1660 3284 1696 3316 τὸ
1715 3286 1845 3325 πρᾶγμα
1863 3283 1917 3315 καί
1938 3293 2009 3315 τινα
2031 3282 2146 3323 ἀγαθὸν
2165 3281 2298 3320 δαίμονα
2312 3279 2505 3318 εἰσεληλυθέ-

1458 3342 1508 3362 ναι
1533 3332 1638 3368 αὐτοῖς
1663 3332 1707 3367 εἰς
1719 3331 1774 3368 τήν
1800 3329 1915 3362 οἰκίαν.
1937 3328 2096 3371 Παριόντα
2110 3329 2143 3360 δὲ
2162 3329 2194 3359 αἱ
2216 3327 2424 3367 ἀρτοπώλιδες
2445 3325 2502 3357 ἄν·

1457 3378 1577 3409 θεῖλκον
1593 3377 1668 3418 πρὸς
1681 3377 1776 3413 αὑτὰς
1792 3376 1909 3414 ἑκάστη
1925 3376 2056 3412 ἀξιοῦσα
2070 3373 2143 3415 παρ’
2155 3373 2248 3411 αὐτῆς
2262 3371 2429 3413 λαμὸάνειν
2441 3373 2505 3403 τῶν

1457 3425 1570 3465 ἄρτων,
1590 3425 1643 3456 καὶ
1656 3427 1748 3456 τοῦτο
1763 3423 1907 3465 εὐτυχίαν
1921 3425 2029 3462 ἑαυτῆς
2039 3423 2060 3460 ἡ
2079 3421 2235 3453 δεδωκυῖα
2251 3420 2342 3460 ᾤετο.
2364 3419 2427 3450 Καὶ
2441 3418 2502 3459 μὴν

1457 3470 1510 3502 καὶ
1532 3472 1561 3502 οἱ
1578 3471 1685 3507 παῖδες
1704 3469 1829 3511 ὀπώρας
1848 3470 2035 3510 προσέφερον
2055 3467 2142 3507 αὐτῷ
2159 3466 2278 3506 πατέρα
2292 3464 2502 3505 ὀνομάζοντες.
