2638 3840
359 290 406 322 48
1178 281 1640 322 PYTHAGOREORUM

357 369 503 416 αὔξηται
530 371 694 422 scripsi3
723 370 834 408 codd.
869 369 1023 413 αὔξεται.
1048 369 1194 406 Ultima
1221 369 1385 419 τολμήεις

358 444 416 478 μοι
441 428 545 479 θυμὸς
573 429 651 469 κτλ.
680 429 800 480 petita
822 436 910 466 sunt
934 441 981 465 ex
999 428 1137 478 Odyss.
1164 427 1235 467 lib.
1257 427 1360 466 Xth
1375 457 1386 476 ,

357 487 432 533 284
452 487 549 538 seq.)
1367 528 1373 533 ,

408 559 439 584 9.
469 544 597 591 “Ort-5]
630 544 833 597 παραμυθία
856 543 1039 597 φάρμακον
1065 543 1162 587 ἀνίας
1191 543 1264 583 ἐστὶ
1292 544 1390 596 μέγι-

357 620 437 644 στον
458 623 473 640 «
496 604 659 653 νηπενθές
681 604 712 642 τ’
733 603 860 655 ἄχολόν
878 618 935 651 τε,
962 606 1078 642 κακῶν
1099 604 1259 651 ἐπίληθον
1279 604 1391 642 ἁπάν-

357 679 438 702 των.
464 680 479 698 ι»
512 664 638 707 Καλῶς
660 661 695 700 δὲ
716 662 775 700 καὶ
798 663 896 700 ταῦτ’
914 660 1049 714 εἴρηται
1066 680 1082 696 κ
1101 662 1306 715 λυπουμένῳ
1329 663 1390 712 μὲν

359 725 462 771 μῦθος
482 720 628 772 εὐμενὴς
655 720 772 774 φίλου,
800 720 886 772 ἄγαν
919 720 955 758 δὲ
992 719 1200 773 μωραίνοντι
1232 721 1391 769 νουθετή·

357 796 467 831 ματα.
487 798 504 814 ι»

412 839 609 889 (Stobaeus
633 837 736 875 Flor.
766 836 896 883 CXIV,
927 838 987 878 15.
1014 838 1142 876 Verba
1175 838 1339 885 νηπενθές
1357 855 1378 878 τ

357 895 482 948 ἄχολόν
498 912 534 933 τε
548 898 626 934 κτλ.
649 904 774 934 sumta
791 905 880 934 sunt
899 910 948 934 ex
961 897 1102 948 Odyss.
1125 897 1196 936 lib.
1215 896 1279 947 IV,
1301 912 1388 936 221.

354 957 447 1000 Quae
466 963 678 1006 sequuntur
696 955 901 1008 λυπουμένῳ
923 954 984 1005 μὲν
1006 959 1110 1006 μῦθος
1130 957 1210 993 κτλ.
1235 956 1390 1006 Euripi-

355 1013 415 1050 dis
449 1022 537 1050 sunt
569 1026 617 1050 ex
647 1012 797 1050 incerta
833 1013 1023 1063 tragoedia
1057 1022 1152 1051 teste
1182 1014 1390 1052 Plutarcho

355 1071 511 1109 Consol.
546 1072 593 1109 ad
616 1071 747 1122 Apoll.
783 1072 862 1111 vol.
882 1071 1020 1124 V11.p.
1044 1074 1117 1119 317
1145 1073 1205 1110 ed.
1230 1073 1388 1111 Hutten.

354 1129 441 1168 vid.
463 1130 666 1181 Euripidis
690 1131 826 1180 fragm.
848 1144 890 1182 p.
914 1132 989 1174 842
1009 1131 1070 1169 ed.
1092 1131 1285 1182 Wagner.)

407 1201 455 1226 10.
486 1189 532 1227 Οἱ
555 1187 706 1241 δελφῖνες
728 1189 832 1240 μέχρι
845 1192 906 1227 τοῦ
922 1188 1093 1232 κλύδωνος
1107 1190 1392 1241 συνδιανήχονται

355 1248 424 1290 τοῖς
445 1248 668 1298 κολυμὸῶσι,
688 1248 773 1299 πρὸς
803 1247 838 1285 δὲ
866 1246 906 1285 τὸ
932 1247 1031 1299 ξηρὸν
1060 1249 1122 1287 οὐκ
1143 1248 1391 1292 ἐξοκέλλουσιν.

354 1304 477 1349 Οὕτως
500 1308 531 1344 οἷ
557 1305 702 1349 κόλακες
719 1307 753 1344 ἐν
780 1305 875 1358 εὐδίᾳ
893 1306 1151 1358 παραμένουσιν
1167 1336 1177 1354 ,
1202 1309 1248 1350 ὡς
1266 1307 1297 1345 οἱ
1317 1305 1394 1350 τοὺς

355 1364 471 1417 φίλους
501 1366 547 1409 εἷς
572 1364 775 1416 ἀποδημίαν
796 1366 1060 1416 προπέμποντες
1086 1364 1191 1418 μέχρι
1209 1368 1272 1412 τῆς
1298 1364 1394 1411 λείας

356 1425 763 1476 συμπαρακολουθοῦσιν·
782 1423 920 1462 ἐπειδὰν
936 1424 971 1462 δὲ
993 1425 1038 1467 εἷς
1053 1429 1215 1476 τραχεῖαν
1236 1424 1394 1475 ἔλθωσιν,

357 1483 513 1522 ἀπίασιν.

411 1542 631 1592 (Antonius
655 1550 693 1580 et
721 1542 914 1582 Maximus
946 1555 1060 1581 serm.
1087 1542 1136 1580 de
1177 1542 1397 1580 adulatione

357 1614 395 1651 p.
421 1601 513 1644 248.
536 1601 684 1651 Scripsi
706 1599 939 1645 ἐξοκέλλουσιν
959 1613 1032 1651 pro
1058 1600 1214 1650 vulgata
1231 1600 1397 1638 lectione

353 1657 600 1703 ἐξοκείλουσιν.
619 1658 810 1696 Praeterea
824 1658 884 1695 καὶ
901 1657 979 1701 τοὺς
996 1658 1114 1711 φίλους
1129 1658 1275 1696 mutavi
1294 1657 1336 1695 in
1352 1659 1398 1701 ὡς

356 1717 386 1754 οἳ
400 1715 477 1760 τοὺς
498 1716 628 1768 φίλους.
646 1717 657 1768 )

412 1809 480 1847 ΕΚ
511 1809 613 1848 ΤΩΝ
647 1808 958 1848 ΜΟΔἘΡΑΤΟΥ
986 1797 1088 1847 ΤΟΥ
1118 1808 1343 1848 ΠΥΘΑΓΟ-

796 1869 959 1907 ΡΕΙΟΥ.

415 1974 443 2001 1.
475 1956 582 2000 Ἔστι
614 1960 642 1998 δ’
672 1960 837 2013 ἀριθμός,
874 1962 921 2004 ὡς
946 1959 1044 2012 τύπῳ
1078 1961 1184 1999 εἰπεῖν
1196 1989 1207 2008 ,
1230 1960 1395 2010 σύστημα

362 2017 566 2070 μονάδων,ἢ
580 2019 816 2071 προποδισμὸς
835 2019 984 2065 πλήθους
1002 2018 1071 2057 ἀπὸ
1086 2018 1234 2068 μονάδος
1249 2017 1400 2070 ἀρχόμε-

360 2094 432 2126 νος,
451 2077 511 2115 καὶ
528 2076 763 2125 ἀναποδισμὸς
777 2078 823 2121 εἷς
842 2077 976 2127 μονάδα
998 2076 1207 2128 καταλήγων
1220 2092 1229 2101 ·
1247 2076 1400 2127 μονάδας

359 2137 395 2175 δὲ
424 2135 636 2189 περαίνουσα
654 2138 803 2184 ποσότης
816 2166 826 2186 ,
849 2135 923 2183 ἥτις
943 2136 1148 2187 μειουμένου
1171 2141 1231 2175 τοῦ
1246 2134 1399 2182 πλήθους

359 2195 450 2233 κατὰ
459 2195 520 2242 τὴν
536 2195 712 2249 ὑφαίρεσιν
723 2195 849 2238 παντὸς
860 2198 1006 2246 ἀριθμοῦ
1024 2197 1230 2248 στερηθεῒσα
1244 2194 1350 2245 μονήν
1362 2210 1400 2232 τε

360 2252 418 2290 καὶ
433 2252 551 2290 στάσιν
563 2253 751 2304 λαμὸάνει.
807 2252 1010 2305 Περαιτέρω
1026 2252 1093 2304 γὰρ
1105 2256 1127 2300 ἡ
1140 2251 1246 2302 μονὰς
1260 2256 1321 2299 τῆς
1335 2267 1399 2289 πο-

360 2311 502 2358 σότητος
519 2312 582 2350 οὐκ
602 2311 715 2363 ἰσχύει
735 2311 969 2355 ἀναποδίζειν·
992 2309 1081 2348 ὥστε
1108 2310 1215 2360 μονὰς
1231 2310 1309 2357 ἤτοι
1331 2309 1399 2347 ἀπὸ

360 2372 418 2406 τοῦ
447 2369 588 2407 ἑστάναι
614 2369 673 2407 καὶ
703 2368 795 2407 κατὰ
815 2369 927 2407 ταυτὰ
956 2368 1121 2412 ὡσαύτως
1151 2368 1317 2421 ἄτρεπτος
1340 2367 1402 2418 με’-

361 2442 428 2465 νειν
443 2457 454 2478 ‚
473 2426 495 2474 ἢ
518 2427 587 2467 ἀπὸ
612 2432 672 2466 τοῦ
697 2427 934 2479 διακεκρίσθαι
953 2428 1013 2466 καὶ
1041 2428 1217 2471 παντελῶς
1237 2429 1401 2478 μεμονῶ-

360 2489 439 2523 σθαι
458 2490 515 2524 τοῦ
534 2486 684 2533 πλήθους
704 2486 852 2538 εὐλόγως
871 2487 1016 2534 ἐκλήθη.

403 2673 434 2701 9.
459 2669 641 2702 Consolatio
655 2669 832 2701 inaximum
850 2672 897 2702 est
912 2669 1089 2702 remedium
1103 2669 1256 2709 tristitiae,
1277 2668 1398 2701 luctum

362 2728 479 2759 tollens
501 2727 645 2768 iramque
663 2729 759 2768 atque
780 2728 887 2759 omnia
913 2728 997 2760 mala
1023 2728 1055 2759 in
1081 2728 1274 2760 oblivionem
1296 2726 1399 2759 addu-

363 2795 449 2818 cens.
493 2787 553 2819 Sed
570 2787 639 2819 haec
662 2796 789 2828 quoque
804 2788 882 2820 scite
900 2788 983 2820 dicta
999 2790 1074 2820 sunt
1096 2798 1104 2816 ε
1126 2801 1141 2816 ιι
1159 2788 1308 2820 Moerenti
1327 2788 1398 2828 qui-

365 2845 438 2877 dem
459 2845 631 2878 benevolus
658 2846 752 2878 amici
778 2855 882 2878 sermo
900 2847 1072 2879 remedium
1097 2851 1164 2888 est,
1187 2847 1282 2878 nimis
1305 2846 1401 2879 stulte

365 2912 443 2936 vero
459 2912 493 2935 se
509 2904 627 2943 gerenti
642 2904 853 2944 reprehensio,
870 2917 886 2932 »

410 2967 459 2996 10.
482 2964 646 3004 Delphini,
664 2965 766 3002 quoad
782 2965 876 2996 undae
894 2965 1113 3006 suppeditant,
1131 2965 1324 2997 comitantur
1340 2974 1393 2996 na-

365 3025 486 3064 tantes,
500 3024 532 3055 in
545 3024 635 3056 littus
649 3033 726 3055 vero
741 3033 907 3064 nunquam
928 3025 1144 3064 egrediuntur.
1189 3026 1240 3057 Sic
1257 3025 1400 3057 adulato-

368 3090 417 3113 res
434 3082 466 3112 in
482 3081 577 3113 rebus
594 3081 742 3112 secundis
755 3083 902 3120 manent,
917 3081 1001 3113 sicut
1014 3081 1070 3122 qui
1088 3083 1208 3114 amicos
1225 3083 1401 3123 peregrina-

367 3140 484 3171 tionem
501 3139 724 3180 suscipientes,
742 3139 817 3171 dum
840 3140 891 3171 via
907 3140 1000 3180 plana
1014 3141 1080 3180 est,
1103 3139 1400 3181 deducuntffluum

369 3197 507 3238 asperior
524 3206 593 3230 esse
609 3197 738 3238 incipit,
753 3197 919 3229 recedunt.

489 3285 706 3317 MODERATI
727 3284 996 3317 PYTHAGOREt
1018 3284 1278 3318 FRAGMENTA.

414 3370 440 3398 1.
464 3369 522 3399 Est
535 3368 642 3399 autem
655 3375 824 3405 numerus,
838 3366 875 3397 ut
888 3364 986 3398 verbo
1004 3365 1126 3406 dicam,
1141 3366 1311 3397 monadum
1326 3375 1399 3398 con-

372 3425 494 3465 geries,
514 3424 565 3457 vel
586 3433 770 3466 progressus
796 3423 1009 3455 multitudinis
1028 3432 1046 3455 a
1069 3423 1205 3455 monade
1230 3423 1397 3464 incipiens,

370 3483 529 3525 simulque
547 3491 710 3524 regressus
728 3482 759 3514 in
777 3490 845 3515 eam
860 3480 1008 3514 desinens
1029 3493 1036 3514 ε
1053 3481 1221 3514 monadem
1238 3489 1331 3522 porro
1346 3482 1399 3514 de·

1502 370 1701 418 (Stobaeus
1722 370 1854 420 Eclog.
1879 370 1946 408 lib.
1968 369 1985 407 l
2009 383 2094 421 cap.
2119 383 2157 418 2,
2178 371 2216 417 8,
2238 382 2323 421 pag.
2351 382 2398 419 ¹9
2420 369 2481 408 ed.

1448 429 1589 480 Heer.)

1500 507 1529 533 2.
1559 492 1660 538 Τινὲς
1679 494 1747 531 τῶν
1767 494 1922 546 ἀριθμῶν
1951 492 2062 545 ἀρχὴν
2092 490 2312 544 ἀπεφήναντο
2333 491 2396 538 τὴν
2422 506 2485 542 μο·

1447 550 1535 590 νάδα
1546 581 1557 600 ,
1572 551 1695 590 τῶνδὲ
1715 552 1916 604 ἀριθμητῶν
1931 551 1970 590 τὸ
1987 550 2023 589 ἕν
2036 582 2046 600 ,
2069 554 2170 589 τοῦτο
2185 550 2222 589 δὲ
2242 553 2346 602 σῶμα
2362 549 2487 600 τεμνό-

1449 625 1550 660 μενον
1581 612 1631 654 εἷς
1659 610 1822 662 ἄπειρον·
1843 609 1934 649 ὥστε
1959 609 2002 649 τὰ
2037 609 2212 661 ἀριθμητὰ
2237 612 2305 648 τῶν
2333 611 2487 662 ἀριθμῶν

1448 667 1557 720 ταύτῃ
1579 669 1796 707 διαλλάττειν
1816 663 1840 720 ἦ
1857 668 2010 721 διαφέρει
2030 668 2073 706 τὰ
2094 667 2242 717 σώματα
2257 670 2324 706 τῶν
2347 667 2489 718 ἀσωμά-

1448 742 1531 767 των.
1588 725 1732 765 Εἷδέναι
1753 726 1787 765 δὲ
1822 727 1882 766 καὶ
1909 730 2009 765 τοῦτο
2031 727 2122 779 χρή,
2149 725 2201 764 ὅτι
2233 727 2303 764 τῶν
2329 728 2486 779 ἀριθμῶν

1449 785 1681 836 εἰσηγήσαντο
1696 785 1759 828 τὰς
1779 785 1888 838 ἀρχὰς
1908 787 1940 824 οἱ
1957 787 2020 836 μὲν
2037 785 2195 838 νεώτεροι
2209 784 2272 831 τήν
2292 800 2327 823 τε
2347 784 2482 836 μονάδα

1448 844 1507 882 καὶ
1527 844 1590 891 τὴν
1605 845 1735 894 δυάδα,
1753 846 1783 883 οἱ
1807 845 1843 882 δὲ
1856 844 2090 896 Πυθαγόρειοι
2109 844 2223 888 πάσας
2241 843 2339 896 παρὰ
2357 843 2397 882 τὸ
2411 843 2490 890 ἑξῆς

1449 903 1511 947 τὰς
1530 906 1599 941 τῶν
1622 903 1710 956 ὅρων
1738 903 1908 953 ἐκθέσεις,
1928 903 1970 942 δι’
1990 897 2038 942 ὧν
2066 903 2178 957 ἄρτιοί
2197 918 2234 941 τε
2255 903 2316 942 καὶ
2337 903 2491 956 περιττοὶ

1450 978 1619 1002 νΟΟυνταῑ.

1506 1021 1704 1073 (Stobaeus
1727 1022 1859 1071 Eclog.
1883 1021 1955 1060 lib.
1977 1021 1995 1059 Ι
2015 1035 2098 1073 cap.
2125 1036 2146 1059 2
2161 1050 2171 1068 ‚
2196 1035 2220 1071 9
2241 1034 2329 1072 pag.
2351 1036 2400 1059 ἰο
2426 1022 2489 1061 ed.

1453 1081 1566 1119 Heer.
1593 1080 1735 1118 Locum
1757 1081 1860 1118 hunc
1881 1089 1994 1131 atque
2012 1081 2104 1118 item
2122 1089 2345 1131 sequentem
2367 1080 2436 1131 qui
2449 1080 2491 1119 in

1452 1138 1592 1177 Stobaei
1614 1138 1816 1176 codicibus
1835 1139 2023 1177 Moderati
2043 1139 2256 1189 fragmento
2276 1138 2492 1190 subjiciun-

1452 1207 1515 1236 tur
1536 1197 1660 1235 eidem
1693 1197 1927 1248 philosopho
1954 1197 2098 1246 tribui,
2123 1198 2193 1236 etsi
2221 1210 2287 1235 eos
2307 1210 2355 1235 ex
2385 1197 2493 1236 illius

1451 1255 1565 1294 libris
1585 1256 1807 1307 depromtos
1823 1269 1907 1294 esse
1927 1269 2005 1293 non
2022 1265 2186 1294 constat.
2210 1255 2398 1294 Interesse
2424 1256 2493 1294 ali-

1453 1315 1548 1366 quid
1569 1315 1670 1352 inter
1683 1328 1803 1353 unum
1822 1324 1859 1352 et
1874 1316 2059 1353 unitatem
2074 1316 2158 1353 sive
2173 1314 2212 1352 τὸ
2231 1313 2267 1352 ἓν
2290 1323 2328 1352 et
2345 1313 2409 1360 τὴν
2430 1330 2494 1364 μο-

1453 1373 1539 1411 νάδα
1557 1375 1698 1424 saepius
1715 1381 1950 1411 annotarunt
1963 1372 2212 1423 Pythagorei.
2225 1372 2271 1410 Id
2288 1386 2380 1410 vero
2394 1375 2494 1411 Ano-

1455 1446 1596 1484 nymus
1628 1433 1675 1470 de
1706 1432 1788 1469 vita
1807 1432 1970 1482 Pythag.
1999 1445 2040 1482 p.
2065 1437 2113 1475 44
2146 1431 2208 1471 ed.
2237 1431 2411 1470 Holsten.
2438 1432 2495 1470 sic

1455 1491 1624 1541 explicat
1656 1503 1665 1529 :
1699 1489 1751 1527 ὅτι
1782 1489 1954 1544 διαφέρειν
1982 1489 2100 1540 ἔλεγον
2132 1491 2163 1527 οἱ
2193 1489 2262 1528 ἀπὸ
2290 1488 2494 1542 Πυθαγόρου

1457 1547 1591 1598 μονάδα
1611 1548 1672 1587 καὶ
1686 1548 1738 1587 ἕν·
1761 1548 1867 1599 μονὰς
1896 1548 1959 1598 μὲν
1987 1547 2055 1600 γὰρ
2078 1549 2161 1600 παρ’
2183 1549 2297 1590 αὐτοῖς
2322 1549 2496 1599 ἐνομίζετο

1455 1608 1478 1652 ἡ
1498 1608 1531 1644 ἐν
1559 1607 1628 1650 τοῖς
1653 1607 1786 1652 νοητοῖς
1806 1599 1892 1644 οὖσα
1906 1635 1917 1656 ‚
1946 1605 1980 1643 ἓν
2010 1605 2044 1643 δὲ
2067 1608 2100 1644 ἐν
2126 1611 2196 1649 τοῖς
2216 1606 2370 1658 ἀριθμοῖς
2397 1605 2494 1659 (leg.

1457 1666 1658 1716 ἀριθμητοῖς
1676 1665 1704 1703 i.
1724 1677 1759 1703 e.
1783 1666 2001 1715 αἰσθητοῖς),
2016 1663 2145 1714 ὁμοίως
2160 1663 2219 1702 καὶ
2240 1663 2300 1702 δύο
2315 1663 2356 1703 τὸ
2369 1665 2404 1702 ἐν
2424 1669 2496 1709 τοῖς

1457 1724 1670 1776 ἀριθμητοῖς.
1691 1723 1758 1761 Est
1782 1724 1904 1773 igitur
1934 1723 2063 1761 unitas
2088 1723 2353 1772 intelligibile,
2375 1737 2494 1762 unum

1458 1783 1643 1821 sensibile
1665 1782 1924 1834 principium,
1940 1782 2107 1832 ideoque
2124 1795 2259 1819 monas
2278 1782 2386 1819 notio
2404 1783 2496 1820 uni-

1458 1841 1641 1891 versatis,
1657 1854 1777 1879 unum
1800 1842 1857 1878 'rei
1875 1840 2084 1890 singularis
2101 1840 2209 1877 notio
2227 1839 2404 1880 habetur.
2427 1840 2496 1878 Ul-

1458 1900 1553 1937 tima
1567 1899 1688 1937 verba
1709 1899 1750 1936 in
1772 1899 1915 1950 quibus
1933 1897 2164 1950 Πυθαγόρειοι
2181 1911 2202 1936 e
2218 1898 2350 1937 codice
2363 1898 2496 1937 Mona-

1458 1958 1562 1996 censi
1597 1972 1684 1996 cum
1712 1958 1919 1996 Gaisfordo
1961 1958 2074 2009 posui
2113 1957 2229 2008 paulo
2269 1956 2497 1996 obscuriora

1460 2025 1561 2055 sunt.
1585 2018 1742 2055 Sensum
1762 2030 1843 2054 esse
1867 2015 2117 2064 arbitramur,
2142 2011 2399 2066 Pythagoreis
2418 2030 2496 2055 non

1459 2075 1662 2113 monadem
1693 2084 1731 2113 et
1749 2075 1934 2126 dyadem,
1952 2075 2017 2112 sed
2045 2075 2206 2112 omnino
2231 2087 2364 2126 parem
2382 2083 2497 2126 atque

1459 2134 1647 2184 imparem
1681 2146 1932 2172 numerorum
1963 2133 2149 2170 rationem
2188 2134 2384 2184 principia
2414 2147 2498 2172 esse

1458 2193 1555 2232 visa.
1574 2192 1671 2231 Sunt
1687 2193 1791 2230 enim
1808 2193 1843 2230 αἱ
1857 2194 1925 2229 τῶν
1940 2191 2027 2242 ὅρων
2044 2191 2206 2240 ἐκθέσεις,
2222 2191 2266 2229 δι’
2279 2185 2326 2229 ὧν
2341 2193 2372 2229 οἱ
2383 2192 2496 2244 ἄρτιοι

1458 2250 1517 2288 καὶ
1534 2250 1687 2302 περιττοὶ
1703 2254 1861 2288 νοοῦνται
1875 2250 2207 2300 Pythagoreorum
2222 2249 2400 2299 dogmata
2414 2252 2497 2300 qui·

1459 2309 1533 2348 bus
1565 2310 1671 2361 paris
1704 2319 1742 2347 et
1773 2308 1936 2359 imparis
1961 2308 2112 2345 numeri
2142 2316 2279 2345 natura
2309 2309 2493 2360 aperitur.

1460 2367 1645 2405 Caeterum
1674 2367 1935 2416 Pythagoreos
1964 2365 2148 2415 intelligit
2174 2366 2354 2416 antiquos
2375 2368 2494 2406 Samii

1460 2426 1683 2477 philosophi
1712 2433 1957 2462 assectatores
1971 2453 1981 2471 ‚
2004 2424 2147 2475 quibus
2164 2434 2414 2476 opponuntur
2435 2439 2495 2464 re-

1463 2485 1651 2522 centiores
1665 2512 1675 2531 ,
1704 2483 1777 2522 hoc
1814 2492 1870 2521 est
1901 2483 2010 2520 Plato
2048 2482 2300 2534 hominesque
2329 2497 2376 2522 ex
2411 2484 2495 2535 ejus

1460 2667 1529 2700 finit
1546 2667 1722 2708 quantitas,
1742 2674 1816 2707 quse
1830 2666 2032 2699 decrescente
2054 2666 2259 2699 multitudine
2283 2666 2494 2700 deminutioni

1462 2726 1688 2759 convenienter
1716 2725 1805 2758 omni
1836 2734 1968 2758 numero
2000 2726 2119 2766 privata
2144 2726 2285 2766 quietem
2311 2736 2351 2759 ae
2371 2729 2492 2760 statum

1459 2785 1583 2825 accipit.
1627 2783 1790 2825 Siquidem
1818 2784 1902 2816 ultra
1924 2785 2133 2824 quantitatem
2154 2785 2276 2825 regredi
2297 2794 2407 2818 monas
2430 2795 2491 2818 non

1462 2845 1556 2876 valet.
1602 2843 1759 2881 Quocirca
1787 2851 1901 2874 monas
1939 2843 1988 2874 vel
2020 2843 2104 2883 quod
2137 2845 2199 2876 stet
2231 2846 2328 2885 atque
2360 2844 2495 2877 immota

1461 2901 1659 2943 aequabiliter
1675 2901 1784 2933 eodem
1805 2902 1891 2932 statu
1909 2902 2053 2942 maneat,
2069 2902 2120 2934 vel
2142 2902 2227 2942 quod
2243 2911 2262 2934 a
2289 2903 2492 2936 multitudine

1463 2960 1504 2991 sit
1523 2960 1666 3000 separata
1687 2961 1782 2999 atque
1804 2957 1934 2990 omnino
1947 2958 2111 2998 distincta,
2126 2961 2212 2992 recte
2228 2959 2274 2992 sic
2287 2963 2430 2994 vocatur.

1503 3022 1532 3050 2.
1556 3017 1707 3051 Nonnulli
1743 3025 1949 3049 numerorum
1981 3017 2169 3058 principium
2205 3018 2356 3052 dixerunt
2381 3029 2491 3052 mona·

1462 3077 1533 3108 dem
1545 3100 1554 3116 ‚
1568 3085 1679 3108 eorum
1698 3084 1772 3108 vero
1785 3084 1859 3116 quae
1879 3077 2101 3124 numerantur,
2117 3085 2216 3108 unum
2231 3091 2239 3109 ε
2253 3088 2367 3118 corpus
2384 3081 2491 3111 antem

1461 3135 1491 3166 id
1506 3144 1575 3167 esse
1591 3134 1678 3176 quod
1695 3134 1728 3166 in
1744 3134 1905 3165 infinitum
1928 3134 2027 3165 secari
2044 3136 2165 3175 potest,
2186 3139 2221 3167 ut.
2236 3136 2316 3168 adeo
2336 3146 2409 3177 quae
2431 3146 2491 3168 nu-

1464 3196 1626 3226 merantur
1639 3201 1658 3225 a
1671 3194 1810 3225 numeris
1829 3192 1890 3223 hoc
1902 3193 1995 3232 pacto
2013 3191 2163 3225 differant
2173 3218 2181 3232 ‚
2196 3203 2260 3234 quo
2274 3204 2291 3225 a
2309 3195 2493 3235 corporibus

1463 3253 1658 3293 incorporea.
1703 3253 1774 3284 Hoc
1795 3254 1923 3291 quoque
1940 3251 2104 3284 sciendum
2122 3255 2188 3291 est,
2212 3261 2418 3284 numerorum
2433 3253 2492 3285 ini-

1463 3310 1545 3342 tium
1563 3310 1755 3342 recentiores
1773 3309 1904 3350 quidem
1920 3309 2065 3341 statuisse
2087 3310 2254 3342 monadem
2272 3319 2309 3342 ac
2331 3311 2491 3344 binarium

1463 3378 1634 3400 numerum
1648 3392 1656 3408 ‚
1678 3369 1889 3408 Pythagoreos
1905 3369 2012 3400 autem
2027 3377 2138 3400 omncs
2154 3368 2302 3410 deinceps
2318 3369 2494 3411 disciplinae

1465 3427 1636 3467 formulas,
1662 3435 1799 3467 quarum
1816 3435 1877 3467 ope
1903 3426 2025 3459 numeri
2044 3428 2076 3458 et
2095 3436 2183 3467 pares
2204 3429 2234 3459 et
2251 3429 2388 3468 impares
2410 3428 2492 3469 cogi-

1463 3483 1580 3516 tatione
1597 3483 1925 3525 comprehenduntur.
