2606 3828
356 268 428 300 354
1075 259 1386 299 CYNlCORUM
1419 267 1755 326 FRAGMENTA.

403 348 619 400 (Lucianus
642 350 710 387 vit.
734 350 954 388 Demonact.
974 362 1006 388 c,
1028 347 1117 400 24.)

399 421 446 447 ευ.
477 406 521 447 Ὁ
538 409 567 445 δ’
591 408 690 450 αὐτὸς
712 406 782 445 υἱὸν
806 410 983 445 πενθοῦντι
999 405 1059 444 καὶ
1076 407 1110 444 ἐν
1133 405 1246 458 σκότῳ
1263 405 1383 445 ἑαυτὸν

345 467 565 519 καθείρξαντι
586 466 787 519 προσελθὼν
817 466 914 518 ἔλεγε
941 465 1051 517 μάγος
1068 481 1105 503 τε
1127 459 1214 504 εἶναι
1244 465 1304 503 καὶ
1324 466 1382 505 δύ-

345 530 467 566 νασθαι
501 528 686 577 ἀναγαγεῖν
715 527 775 563 τοῦ
801 524 920 568 παιδὸς
947 523 987 562 τὸ
1022 522 1175 572 εἴδωλον,
1216 524 1246 562 εἷ
1281 524 1383 574 μόνον

345 587 441 639 αὐτῷ
469 591 559 639 τρεῖς
584 600 677 628 τινας
709 582 909 634 ἀνθρώπους
934 582 1118 633 ὀνομάσειε
1155 581 1288 634 μηδένα
1307 582 1383 622 πώ-

343 660 428 683 ποτε
453 642 726 690 πεπενθηκότας.
749 641 834 681 Ἐπὶ
854 640 942 680 πολὺ
964 640 1000 679 δὲ
1021 640 1155 679 ἐκείνου
1178 641 1385 680 ἐνδοιάσαν-

343 718 400 746 τος
420 702 480 741 καὶ
514 704 722 751 ἀποροῦντος
741 700 804 772 (οὐ
823 698 891 751 γὰρ
922 693 997 751 εἶχέ
1019 714 1117 747 τινα,
1146 692 1258 771 οἶμαι,
1276 701 1384 738 εἰπεῖν

341 762 527 810 τοιοῦτον),
554 753 629 798 Εἶτ’
634 751 804 811 ,ἔφη,
778 775 807 796 ω
834 758 970 806 γελοῖε,
990 757 1093 807 μόνος
1123 757 1284 812 ἀφόρητα
1317 758 1384 797 πά-

342 833 438 870 σχειν
457 817 605 867 νομίζεις
623 815 756 867 μηδένα
774 816 862 869 ὁρῶν
880 815 1021 860 πένθους
1045 815 1212 869 ἄμοιρον;
1273 835 1280 844 ·

394 876 610 927 (Lucianus
630 875 697 915 vit.
723 875 950 913 Demonact.
973 889 1005 914 c.
1030 875 1093 915 25.
1110 876 1221 916 Conf.
1238 876 1383 914 Philos.

340 937 464 974 Graec.
489 936 636 986 Fragm.
657 934 738 973 vol.
763 933 780 971 1
800 947 838 985 p.
861 932 978 986 332.)

391 1008 437 1033 31.
459 993 528 1032 Καὶ
552 992 620 1041 μὴν
638 992 807 1030 κάκείνων
827 993 1025 1044 καταγελᾶν
1046 992 1144 1040 ἠξίου
1168 995 1238 1032 τῶν
1259 994 1293 1032 ἐν
1308 999 1382 1037 ταῖς

338 1053 490 1102 ὁμιλίαις
510 1052 600 1092 πάνυ
622 1052 783 1106 ἀρχαίοις
806 1052 866 1091 καὶ
884 1052 989 1097 ξένοις
1007 1053 1155 1104 ὀνόμασι
1178 1053 1383 1106 χρωμένων·

337 1113 385 1151 ἑνὶ
407 1118 486 1164 γοῦν
504 1112 740 1165 ερωτηθέντι(
727 1112 786 1149 υπ’
808 1111 917 1150 αὐτοῦ
935 1111 1037 1163 λόγον
1054 1111 1132 1151 τινὰ
1149 1112 1246 1151 καὶε
1233 1129 1384 1165 υπερατ-

337 1173 441 1215 τικῶς
462 1170 704 1223 ἀποκριθέντι,
726 1170 824 1221 Ἐγὼ
852 1170 914 1221 μέν
935 1187 998 1219 σε,
1020 1170 1106 1223 ἔφη,
1131 1188 1160 1210 ω
1179 1173 1309 1225 ἑταῖρε,
1324 1176 1381 1211 νῦν

336 1229 525 1281 ἰ”,ρωτησα
550 1244 592 1267 συ
611 1229 648 1268 δέ
669 1245 727 1280 μοι
746 1230 793 1273 ὡς
807 1230 861 1267 ἐπ’
880 1229 1172 1281 Ἀγαμέμνονος’
1153 1231 1334 1284 αποκρίνῃ.

390 1289 610 1340 (Lucianus
628 1289 699 1328 vit.
722 1289 948 1329 Demonact.
968 1304 1000 1330 c.
1027 1288 1114 1341 26.)

388 1360 434 1386 32.
455 1347 622 1390 Εἰπόντος
644 1348 683 1386 δέ
696 1363 785 1392 τινος
812 1350 880 1386 τῶν
901 1347 1046 1401 ἑταίρων
1063 1379 1074 1399 ‚
1096 1348 1273 1400 Ἀπίωμεν
1286 1379 1296 1397 ,
1311 1352 1384 1396 Δη-

339 1405 470 1455 μῶναξ,
489 1407 535 1449 εἷς
548 1406 588 1444 τὸ
605 1406 846 1454 Ἀσκληπιεῖον
858 1407 918 1447 καὶ
932 1407 1202 1461 προσευξώμεθα
1216 1407 1302 1461 ὑπὲρ
1318 1413 1380 1448 τοῦ

335 1467 430 1511 υἱοῦ,
453 1465 554 1503 Πάνυ
570 1495 581 1515 ,
609 1464 674 1516 ἔφη
689 1497 700 1518 ,
719 1466 835 1519 κωφὸν
858 1469 927 1519 ἡγῇ
948 1465 1006 1505 τὸν
1029 1466 1261 1516 Ἀσκληπιόν,
1282 1469 1311 1506 εἷ
1331 1467 1380 1518 μὴ

337 1521 482 1560 δύναται
504 1525 686 1562 κάντεῦθεν
705 1527 806 1574 ἡμῶν
826 1525 1024 1579 εὐχομένων
1046 1524 1199 1567 ἀκούειν.

392 1581 611 1633 (Lucianus
626 1584 698 1622 vit.
723 1584 948 1624 Demonact.
969 1599 1002 1622 c.
1027 1583 1111 1637 27.)

387 1653 436 1680 33.
451 1638 552 1682 Ἰδὼν
574 1640 612 1680 δέ
632 1657 715 1680 ποτε
733 1641 792 1680 δύο
805 1641 899 1687 τινὰς
914 1642 1119 1692 φιλοσόφους
1134 1643 1298 1688 κομιδη’
1278 1657 1369 1681 απαι

337 1699 464 1743 δεύτως
483 1701 517 1738 ἐν
534 1699 677 1748 ζητήσει
712 1702 888 1754 ἐρίζοντας
911 1704 971 1743 καὶ
1000 1704 1057 1744 τὸν
1082 1704 1189 1753 μὲν”
1166 1721 1281 1745 ατοπα
1300 1707 1381 1759 ἐρω·

335 1761 469 1806 τῶντα,
496 1758 556 1797 τὸν
586 1760 621 1797 δὲ
649 1760 745 1799 οὐδὲν
766 1761 850 1814 πρὸς
870 1761 971 1836 λόγον
1004 1763 1294 1814 ἀποκρινόμενον,
1320 1766 1380 1804 Ου

338 1817 461 1855 δοκεῖ
449 1823 548 1868 υμῖν,
567 1817 645 1870 ἔφη,
659 1835 687 1857 ω
707 1818 827 1872 φίλοι,
843 1822 860 1858 ὁ
885 1821 927 1871 μὲ
930 1836 947 1858 ν
967 1820 1081 1874 ἕτερος
1101 1821 1231 1860 τούτων
1253 1823 1380 1875 τράγον

337 1874 515 1925 ἀμέλγειν,
532 1878 550 1914 ὁ
571 1875 606 1914 δὲ
627 1878 722 1929 αὓτῳ
744 1876 904 1917 κόσκινον
930 1880 1150 1932 ὑποτιθέναι;

389 1933 605 1986 (Lucianus
625 1936 697 1976 vit.
723 1936 951 1978 Demonact.
969 1939 1031 1977 28.
1043 1938 1054 1991 )

334 2083 413 2115 lux?
441 2084 657 2125 chreliendit
681 2086 731 2125 te,
761 2085 888 2127 inquit,
909 2086 997 2127 quod
1024 2095 1089 2119 non
1106 2087 1173 2128 jam
1200 2087 1240 2119 ad
1258 2097 1293 2120 se
1312 2097 1382 2129 pro·

334 2141 476 2174 fecturus
495 2143 551 2174 sis.

374 2209 431 2239 30.
457 2207 547 2239 Idem
567 2207 666 2239 filium
683 2207 804 2248 lugenti
820 2210 916 2250 atque
932 2209 963 2241 in
979 2209 1119 2243 tenebris
1140 2219 1175 2243 se
1189 2211 1378 2253 continenti,

334 2267 500 2307 postquam
527 2275 601 2298 eum
620 2266 709 2307 adiit,
727 2276 855 2311 magum
873 2278 907 2301 se
926 2278 995 2301 esse
1012 2269 1092 2302 dixit
1105 2271 1137 2302 et
1155 2270 1212 2302 filii
1230 2271 1378 2303 umbram

334 2324 375 2356 ab
399 2324 508 2356 inseris
524 2333 674 2357 revocare
693 2334 797 2367 posse,
816 2326 843 2358 si
861 2328 925 2358 tres
941 2329 1064 2359 tantum
1081 2328 1226 2361 homines
1244 2329 1307 2369 ipsi
1322 2338 1378 2360 no·

332 2383 487 2423 minaret,
508 2383 563 2424 qui
585 2384 746 2416 neminem
775 2393 916 2425 unquam
943 2385 1031 2417 luctu
1058 2389 1166 2418 essent
1198 2387 1372 2426 prosecuti.

332 2444 440 2479 Quum
468 2451 542 2483 ergo
566 2442 619 2474 ille
641 2442 694 2474 diu
730 2442 770 2475 de
796 2443 857 2475 ista
873 2452 920 2475 ,re
949 2444 1110 2477 dubitaret
1128 2444 1355 2485 haesitaretque
1370 2470 1379 2485 ‚

333 2500 498 2540 quoniam,
519 2500 646 2542 opinor,
666 2501 827 2533 neminem
855 2501 1039 2542 hujusmodi
1063 2503 1206 2543 proferre
1233 2505 1380 2545 poterat,

332 2561 403 2591 tum
424 2562 591 2592 Demonax
606 2567 615 2587 ε
631 2562 658 2592 0
674 2560 822 2601 ridicule,
837 2561 899 2601 ait,
917 2561 1065 2594 solumne
1078 2564 1111 2595 te
1123 2562 1380 2596 intolerabilibus

334 2619 426 2650 malis
442 2627 585 2659 pressum
609 2620 711 2659 putas,
731 2620 891 2652 neminem
909 2621 1022 2654 videns
1041 2621 1148 2654 luctus
1170 2622 1360 2663 expertem?

375 2680 427 2709 31.
452 2677 536 2715 Quin
554 2677 651 2709 etiam
667 2686 722 2710 eos
741 2678 932 2712 deridendos
945 2679 1163 2721 existimabat,
1188 2680 1244 2720 qui
1264 2680 1298 2712 in
1314 2689 1378 2712 ser-

334 2736 483 2768 monibus
502 2735 673 2768 utebantur
695 2736 868 2770 admodum
886 2738 1019 2771 vetustis
1044 2740 1076 2771 et
1091 2739 1252 2771 inusitatis
1280 2747 1376 2771 voca-

333 2795 430 2828 bulis.
453 2797 567 2836 Itaque
582 2804 684 2835 quum
709 2795 879 2836 aliquando
896 2797 1078 2838 quempiam
1096 2786 1218 2838 aliquid
1235 2798 1375 2830 interro-

334 2855 441 2895 gasset
458 2855 555 2894 atque
570 2853 622 2885 ille
646 2853 742 2886 nimis
768 2856 862 2888 attice
878 2855 1119 2898 respondisset,
1147 2858 1213 2897 Ego
1230 2856 1375 2898 quidem,

333 2913 459 2954 inquit,
484 2912 621 2955 sodalis,
652 2915 740 2946 bunc
763 2916 794 2946 te
823 2913 1034 2955 interrogavi,
1067 2916 1105 2947 tu
1134 2923 1211 2948 vero
1234 2916 1314 2948 mihi
1339 2916 1376 2948 ut

335 2974 584 3014 Agamemnonis
600 2974 744 3014 tempore
758 2973 945 3013 respondes.

338 3035 340 3037 “
375 3033 427 3063 32.
453 3031 584 3063 Dicente
613 3030 768 3063 sodalium
786 3030 960 3072 quopiam,
985 3031 1157 3072 abeamus,
1183 3034 1373 3072 Demonax,

333 3090 367 3122 in
387 3090 559 3131 AEsculapii
577 3090 685 3122 fanum
702 3098 757 3130 pro
776 3090 841 3121 tilio
861 3093 936 3122 vota
953 3090 1077 3129 facturi,
1090 3090 1194 3123 Valde
1208 3091 1345 3123 surdum
1359 3114 1369 3131 ,

333 3149 454 3190 inquit,
475 3148 692 3190 AEsculapium
708 3156 779 3181 esse
794 3156 917 3189 censeS,
944 3149 971 3180 si
995 3157 1060 3181 non
1087 3150 1194 3190 potest
1221 3145 1280 3182 nos
1299 3150 1375 3182 hinc

334 3208 499 3247 precantes
511 3206 632 3240 audire.

376 3269 433 3298 33.
457 3268 566 3303 Quum
595 3265 769 3307 aliquando
793 3265 877 3298 duos
903 3265 1037 3298 vidisset
1055 3265 1261 3307 philosophos
1277 3266 1374 3300 valde

335 3323 511 3356 ineruditos
540 3324 581 3357 de
602 3324 779 3365 quaestione
802 3324 1044 3363 concertantes,
1073 3323 1209 3356 alterum
1237 3324 1376 3357 absurda

335 3384 508 3424 rogantem,
523 3383 658 3415 alterum
679 3383 757 3415 nihil
771 3383 810 3415 ad
833 3392 900 3415 rem
913 3382 1174 3423 respondentem,
1189 3384 1302 3415 Nonne
1323 3383 1370 3415 vi-

336 3440 429 3486 detur
441 3441 545 3480 vobis,
555 3441 669 3482 inquit,
691 3451 711 3473 o
724 3441 839 3480 amici,
852 3441 967 3474 horum
982 3441 1061 3474 alter
1076 3440 1200 3473 hircum
1216 3441 1373 3481 mulgere,

336 3495 414 3530 alter
428 3497 474 3530 illi
492 3498 631 3532 cribrum
648 3502 845 3541 supponere?

1505 370 1551 396 34.
1573 356 1622 396 ’·Α
1612 355 1822 410 γαθοκλέους
1842 355 1877 394 δὲ
1897 359 1956 394 τοῦ
1984 357 2272 408 Περιπατητικοῦ
2297 355 2389 409 μέγα
2407 337 2492 410 φρα-4

1450 418 1583 459 νοῦντος
1600 415 1652 454 ὅτι
1669 414 1770 465 μόνος
1789 414 1891 458 αυτός
1913 416 1986 453 ἐστι
2003 414 2061 452 καὶ
2077 415 2214 467 πρῶτος
2229 416 2298 454 τῶν
2317 415 2494 455 διαλεκτι-

1449 475 1532 522 κῶν,
1551 472 1633 525 ἔφη,
1656 474 1729 513 Και
1749 472 1833 522 μήν,
1854 489 1884 511 ω
1899 472 2141 525 Ἀγαθόκλεις,
2161 474 2190 511 εἰ
2207 472 2269 525 μὲν
2287 474 2445 527 πρῶτος,
2453 473 2492 511 οὗ
2518 524 2522 526 ἡ

1451 532 1572 583 μόνος,
1596 534 1625 572 εἷ
1645 533 1681 572 δὲ
1705 532 1819 584 μόνος,
1839 533 1878 571 οὗ
1898 534 2047 584 πρῶτος.

1483 584 1726 643 (Lucianus
1745 591 1818 631 vit.
1840 592 2066 630 Demonact.
2087 605 2120 628 c.
2139 589 2228 643 29.)
2262 634 2265 637 ¹

1503 664 1552 691 ³⁶.
1568 650 1729 703 Κεθήγου
1747 650 1783 690 δὲ
1800 653 1860 690 τοῦ
1881 653 2071 697 ὑπατικοῦ,
2089 649 2194 688 ὁπότε
2216 650 2273 689 διὰ
2286 653 2347 698 τῆς
2362 649 2496 691 Ἑλλά-

1450 710 1505 754 δος
1524 711 1572 754 εἷς
1589 709 1652 757 τὴν
1676 709 1793 749 Ἀσίαν
1810 708 1919 761 ἀπῄει
1935 707 2160 760 πρεσόεύσων
2173 710 2224 761 τῷ
2236 707 2360 762 πατρί,
2379 707 2495 749 πολλὰ
2512 754 2516 759 ,

1450 767 1697 819 καταγέλαστα
1725 767 1786 806 καὶ
1812 766 1971 820 λέγοντος
1996 766 2055 805 καὶ
2070 769 2268 818 ποιοῦντος,
2287 766 2407 815 ἐπειδὴ
2424 782 2494 807 των

1451 827 1596 880 ἑταίρων
1615 844 1666 871 τις
1687 829 1776 880 ὁρῶν
1807 830 1919 866 ταῦτα
1939 825 1995 868 ἔλε
1982 841 2057 878 εγεν
2087 826 2189 864 αὐτον
2218 825 2309 878 μέγα
2329 826 2494 879 κάθαρμα

1451 879 1559 933 εἶναι,
1582 885 1644 925 Μὰ
1658 901 1715 924 τον
1735 885 1809 934 Δί’,
1828 885 1894 937 ἔφη
1913 888 1931 924 ὁ
1946 883 2135 934 Δημῶναξ,
2154 884 2230 923 οὐδὲ
2251 884 2358 937 μέγα.

1505 945 1720 998 (Lucianus
1739 945 1810 984 vit.
1839 945 2068 984 Demonact.
2092 956 2124 984 c.
2157 945 2222 984 30.
2238 945 2250 995 )

1506 1019 1551 1045 ao.
1579 1005 1652 1046 Και
1684 1003 1918 1044 Ἀπολλώνιον
1940 1004 1976 1042 δέ
1999 1018 2085 1042 ποτε
2107 1003 2165 1041 τὸν
2194 1001 2383 1056 φιλόσοφον
2410 1001 2493 1054 ἰδὼν

1453 1063 1543 1115 μετὰ
1577 1066 1717 1103 πολλῶν
1763 1066 1830 1102 τῶν
1868 1065 2033 1113 μαθητῶν
2078 1061 2302 1107 ἐξελαύνοντα
2334 1060 2424 1113 (ἤδη
2457 1059 2494 1099 ἃ

1452 1123 1559 1175 ἀπῄει
1581 1122 1832 1173 μετάπεμπτος
1854 1124 1900 1166 ὡς
1929 1120 1987 1159 ἐπὶ
2007 1119 2150 1173 παιδείᾳ
2168 1121 2218 1172 τῷ
2240 1119 2379 1172 βασιλεῖ
2394 1133 2496 1161 συνι-

1450 1181 1535 1231 σόμε
1539 1184 1631 1232 νος),
1658 1179 1922 1234 Προσέρχεται,
1940 1180 2027 1233 ἔφη,
2063 1181 2082 1220 ὁ
2110 1178 2344 1224 Ἀπολλώνιος
2367 1177 2428 1218 καὶ
2463 1179 2496 1217 οἱ

1449 1240 1675 1293 Ἀργοναυται
1698 1241 1817 1279 αὐτοῦ.

1505 1301 1721 1350 (Lucianus
1740 1301 1813 1339 vit.
1834 1281 2058 1337 Demonact.
2085 1311 2118 1338 c.
2141 1298 2204 1336 31.
2217 1295 2244 1348 )‘

1504 1372 1553 1399 37.
1585 1357 1713 1398 ’Άλλου
1748 1357 1786 1396 δέ
1817 1373 1902 1396 ποτε
1932 1356 2115 1410 ἐρομένου,
2143 1356 2173 1395 εἰ
2195 1355 2366 1400 ἀθάνατος
2399 1354 2497 1408 azert-3

1448 1422 1470 1465 ἡ
1491 1417 1585 1470 ψυχὴ
1604 1419 1698 1456 δοκεῖ
1711 1411 1819 1466 εἶναι,
1842 1416 2026 1459 Ἀθάνατος
2037 1445 2048 1463 ,
2072 1415 2137 1467 ἔφη
2148 1445 2160 1467 ,
2176 1415 2256 1454 ἀλλ’
2268 1416 2316 1460 ὡς
2333 1413 2466 1458 πάντα.
2482 1433 2486 1437 ·

1504 1476 1722 1528 (Lucianus
1741 1477 1812 1516 vit.
1837 1476 2063 1514 Demonact.
2082 1489 2118 1514 c.
2139 1472 2227 1526 32.)

1501 1543 1550 1569 ³8.
1583 1529 1671 1581 Περὶ
1705 1528 1825 1580 μέντοι
1859 1527 2024 1580 Ἡρώδου
2057 1526 2173 1579 ἔλεγεν
2213 1524 2391 1573 ἀληθεύειν
2435 1524 2495 1566 τὸν

1449 1587 1625 1627 Πλάτωνα
1646 1588 1815 1640 φάμενον,
1837 1588 1874 1626 οὗ
1895 1586 1978 1638 μίαν
1996 1590 2090 1636 ἡμᾶς
2109 1585 2225 1640 ψυχὴν
2246 1583 2349 1637 ἔχειν·
2369 1585 2408 1623 οὗ
2427 1583 2495 1638 γᾷρ

1449 1640 1537 1685 εἶναι
1565 1648 1627 1693 τ’ῆς
1648 1648 1756 1694 αὐτῆς
1778 1647 1892 1700 ψυχῆς
1911 1643 2102 1696 Ῥηγίλλαν
2121 1644 2181 1682 καὶ
2200 1641 2427 1687 Πολυδεύκην
2449 1644 2496 1683 ,ὣς

1451 1707 1582 1751 ζῶντας
1599 1708 1715 1744 ἑστιᾶν
1733 1707 1793 1744 καὶ
1813 1706 1856 1744 τὰ
1873 1708 2018 1743 τοιαῦτα
2035 1707 2201 1755 μελετᾶν.
2273 1700 2275 1702 ’

1503 1766 1711 1815 (Lucianus
1729 1766 1799 1818 vit,
1818 1766 2041 1804 Demonact.
2066 1779 2100 1804 c.
2125 1765 2201 1815 33.)

1501 1840 1550 1867 39.
1583 1826 1786 1877 Ἐτόλμησε
1815 1826 1854 1864 δέ
1881 1841 1966 1864 ποτε
1997 1824 2057 1863 καὶ
2087 1823 2288 1873 Ἀθηναίους
2319 1825 2496 1877 ἐρωτῆσαι

1447 1883 1599 1938 δημοσία
1612 1887 1673 1931 τ’ἦς
1689 1883 1914 1939 προρρήσεως
1934 1882 2097 1930 ἀκούσας,
2113 1883 2169 1922 διὰ
2185 1881 2263 1921 τίνα
2280 1881 2397 1921 αἰτίαν
2407 1884 2496 1929 ἀπο·

1447 1943 1601 1982 κλείουσι
1620 1943 1699 1986 τοὺς
1722 1942 1920 1996 βαρὸάρους
1933 1972 1944 1990 ,
1960 1942 2021 1980 καὶ
2042 1946 2152 1981 ταῦτα
2170 1944 2232 1980 τοῦ
2257 1940 2322 1989 τὴν
2349 1941 2492 1988 τελετὴν

1487 2094 1538 2125 34.
1565 2094 1673 2130 Quum
1695 2091 1887 2132 Agathocles
1914 2091 2149 2132 Peripateticus
2166 2090 2368 2132 gloriaretur,
2385 2099 2421 2123 se
2438 2099 2493 2123 so-

1446 2152 1512 2183 lum
1530 2156 1563 2183 et
1584 2154 1723 2191 primum
1736 2159 1805 2183 esse
1824 2145 2051 2190 dialecticum,
2068 2149 2180 2190 Atqui,
2198 2148 2322 2190 inquit,
2344 2149 2488 2189 Agatho·

1443 2210 1519 2249 cles,
1539 2210 1566 2242 si
1595 2209 1739 2252 primus,
1769 2218 1834 2240 non
1855 2208 1962 2249 solus;
1984 2207 2033 2240 sin
2059 2208 2168 2240 autem
2194 2206 2305 2247 solus,
2333 2214 2398 2239 non
2423 2206 2491 2248 pri-

1444 2276 1530 2300 mus.

1485 2330 1536 2358 35.
1557 2327 1658 2358 Porro
1676 2334 1777 2367 quum
1796 2325 1969 2366 cethegus,
1986 2324 2038 2357 vir
2057 2323 2261 2362 Consularis,
2288 2322 2418 2364 quando
2434 2330 2492 2363 per

1442 2384 1600 2416 Graeciam
1622 2384 1655 2415 in
1672 2383 1782 2416 Asiam
1798 2383 2069 2424 proficiscebatur,
2084 2383 2212 2415 futurus
2230 2381 2328 2422 patris
2348 2380 2380 2413 iu
2393 2389 2489 2430 exer-

1442 2443 1508 2476 citu
1523 2442 1674 2483 vicarius,
1692 2442 1825 2475 ridicula
1846 2442 1947 2474 multa
1964 2442 1996 2474 et
2019 2441 2139 2473 diceret
2153 2442 2186 2473 et
2201 2440 2341 2479 faceret,
2367 2441 2491 2492 postea·
2518 2439 2521 2441 ’

1443 2510 1540 2543 quam
1558 2501 1717 2534 sodalium
1749 2500 1908 2543 quispiam
1928 2509 1966 2532 ea
1985 2501 2189 2540 conspicatus
2209 2498 2303 2532 illum
2331 2506 2486 2540 maguum

1442 2561 1548 2593 scelus
1576 2569 1646 2593 esse
1668 2560 1768 2600 dixit,
1788 2561 1849 2591 Per
1867 2561 1997 2600 Jovem,
2015 2558 2119 2600 inquit
2147 2560 2335 2620 Domuum,
2355 2566 2396 2590 ne
2418 2566 2488 2590 ma-

1440 2629 1538 2660 guum
1560 2619 1702 2661 quidem.

1482 2682 1533 2712 36.
1566 2681 1675 2717 Quum
1706 2687 1783 2711 vero
1814 2677 2022 2719 Apollonium
2064 2676 2292 2717 philosophum
2323 2675 2488 2716 quondam

1440 2739 1614 2771 comitante
1642 2737 1874 2779 discipulorum
1898 2739 2028 2769 caterva
2050 2743 2136 2775 equo
2166 2734 2295 2766 vectum
2325 2733 2488 2766 discedere

1440 2797 1591 2837 vidisset,
1620 2796 1749 2838 quando
1779 2795 1948 2828 arcessitus
1966 2794 2084 2834 abibat,
2108 2794 2146 2826 ut
2165 2792 2252 2834 regis
2268 2791 2351 2826 foret
2365 2800 2487 2834 praeoe-

1442 2857 1527 2897 ptor,
1544 2855 1693 2895 Accedit,
1706 2855 1824 2896 iuquit,
1839 2852 2025 2894 Apollonius
2044 2852 2180 2893 eiusque
2198 2851 2409 2893 Argonauta.

1482 2919 1534 2949 37.
1559 2915 1628 2948 Alio
1643 2923 1722 2947 vero
1741 2913 1819 2946 olim
1836 2912 2072 2952 interrogante,
2090 2918 2167 2942 num
2193 2908 2254 2950 ipsi
2268 2907 2375 2942 anima
2393 2906 2499 2945 viden

1440 2977 1527 3008 retur
1559 2964 1770 3013 immortalis,
1805 2970 2020 3010 Immortalis,
2053 2968 2176 3010 iuquit,
2211 2967 2267 3000 sed
2295 2968 2333 3000 ut
2365 2966 2483 3003 caetera

1438 3043 1557 3067 omnia.

1480 3096 1531 3126 38.
1556 3095 1602 3126 De
1628 3091 1755 3125 Herode
1774 3090 1899 3123 dicebat
1922 3097 2036 3121 verum
2055 3086 2171 3119 dixisse
2187 3085 2373 3124 Platonem,
2391 3083 2480 3117 affir-
2506 3103 2512 3108 -

1438 3153 1578 3184 mantem
1598 3160 1662 3184 nou
1679 3158 1776 3182 unam
1795 3148 1889 3181 nobis
1905 3156 1976 3180 esse
1991 3138 2154 3178 animam.'
2187 3145 2298 3184 Neque
2314 3141 2399 3179 enlm
2413 3149 2484 3176 esse

1437 3210 1579 3251 eiusdem
1593 3200 1708 3242 animoe
1722 3207 1877 3248 Regillam
1890 3215 2022 3238 uxorem
2036 3205 2104 3244 ejus
2118 3207 2149 3236 et
2163 3202 2326 3235 Pollucem
2339 3207 2481 3240 servum,

1437 3270 1474 3301 ut
1491 3269 1585 3301 vivos
1599 3267 1700 3309 epulis
1712 3266 1850 3308 excipiat
1865 3274 1902 3297 ac
1917 3265 1992 3297 talia
2010 3263 2190 3295 meditetur.

1478 3330 1528 3365 39.
1550 3330 1655 3360 Ausus
1674 3326 1770 3359 etiam
1793 3326 1841 3358 est
1870 3322 2040 3365 aliquando
2058 3320 2264 3355 Athenienses
2286 3316 2411 3359 publice
2426 3315 2478 3348 iu-

1435 3385 1614 3425 terrogare,
1633 3384 1740 3416 audita
1760 3391 1922 3415 sacrorum
1948 3379 2152 3422 praefatione,
2167 3384 2266 3418 quam
2288 3373 2332 3406 ob
2346 3381 2478 3406 causam

1435 3442 1588 3475 barbaros
1600 3442 1818 3481 excluderent,
1828 3439 2005 3482 praesertim
2019 3446 2119 3480 quum
2133 3435 2185 3468 illa
2198 3442 2289 3467 sacra
2303 3434 2479 3474 Eumolpus·

1434 3500 1588 3534 barbarus
1609 3503 1641 3533 et
1658 3500 1764 3533 Thrax
1786 3499 1985 3532 instituisset.

2592 2874 2606 3391 ssQMmss1=mffifflmt—w-a
2596 2853 2606 2863 ι.
2602 2822 2606 2834 ,.
2604 2807 2606 2810 .
2598 2763 2606 2797 ιη.
