2638 3840
648 251 880 301 EJUSQUE
909 251 1199 292 DISCIPULIS
1227 252 1293 291 ΕΤ
1321 249 1745 292 SUCCESSORIBUS.

139 338 214 377 sub
231 338 306 377 hoc
333 346 521 390 praetextu
548 339 669 377 multa
685 347 723 377 et
741 339 876 390 gravia
898 339 1070 378 facinora
1097 352 1189 391 per-

138 405 311 448 petrant,
340 396 526 436 indecore
548 397 716 451 juvenes
742 406 926 449 tanquam
959 398 1033 437 reti
1062 410 1187 449 eoque

141 455 367 495 firmissimo
382 456 590 508 capientes.
609 455 722 496 Unde
740 457 784 495 fit
800 466 845 495 ut
867 457 1065 496 auditores
1095 470 1187 496 suos

137 527 295 566 asperos
323 524 362 554 et
394 529 581 568 procaces
598 515 786 564 reddant,
808 516 901 555 dum
926 516 1102 555 moribus
1128 517 1188 554 in-

138 575 367 626 compositis
401 576 675 628 corruptisque
716 575 854 615 divina
897 576 1004 615 illius
1046 576 1189 627 placita

136 641 406 685 praeceptaque
439 634 646 674 instillant.
668 633 763 672 Nam
795 633 1119 686 quemadmodum
1154 635 1187 673 si

137 691 227 743 quis
244 692 286 730 in
306 701 464 744 puteum
484 692 723 745 profundum
745 702 783 733 et
801 694 879 732 alto
898 694 981 732 luto
998 693 1187 745 repletum

136 764 275 804 puram
314 752 594 804 limpidamque
635 766 773 804 aquam
811 753 1024 800 infuderit,
1071 754 1187 792 simul

137 809 261 848 lutum
297 810 467 850 turbarit
507 812 623 851 simul
671 825 811 864 aquam
859 812 1094 865 perdiderit,
1132 813 1189 851 sic

135 868 270 908 eadem
304 869 444 909 horum
471 879 510 910 et
542 871 817 921 magistrorum
846 879 886 910 et
902 871 1187 923 discipulorum

137 928 238 967 ratio
263 937 334 968 est.
355 928 485 981 Ipsum
513 930 617 969 enim
637 940 772 982 pectus
796 939 835 970 et
854 944 924 970 cor
938 944 1096 979 eorum,
1119 931 1187 983 qui

137 1000 216 1026 non
244 1001 343 1040 pure
367 989 591 1042 disciplinis
618 989 841 1042 initiantur,
862 990 983 1029 densa
1012 990 1187 1042 quaedam

136 1055 251 1099 atque
281 1047 443 1087 horrida
477 1050 634 1088 dumeta
659 1048 860 1098 obsident,
880 1063 967 1102 quae
995 1049 1189 1101 quidquid

137 1106 291 1145 animus
307 1107 616 1147 mansuetudinis
629 1138 640 1159 ,
659 1108 832 1148 lenitatis
846 1117 884 1147 et
896 1109 1060 1148 rationis
1074 1107 1190 1147 habet

139 1164 352 1205 obscurant
361 1165 648 1219 prohibentque
661 1181 710 1207 ne
728 1177 860 1221 aperte
870 1176 1048 1219 augescat
1069 1181 1078 1205 :
1098 1166 1188 1206 sub-

138 1233 232 1263 eunt
264 1234 391 1264 autem
426 1226 502 1264 hoc
534 1227 646 1278 quasi
674 1227 926 1266 seminarium
962 1226 1092 1265 omnis
1123 1239 1189 1276 ge-

138 1284 247 1323 neris
279 1284 426 1334 flagitia
456 1285 600 1336 quibus
634 1286 879 1337 intelligendi
919 1285 1080 1324 facultas
1108 1294 1188 1323 tum

137 1342 289 1382 deletur
329 1352 410 1382 tum
455 1344 668 1396 impeditur
698 1346 910 1396 quominus
944 1353 1188 1397 prorumpat.

139 1400 270 1441 Liceat
297 1410 424 1441 autem
460 1403 557 1442 mihi
591 1404 763 1456 primum
790 1404 839 1443 de
866 1404 947 1443 illis
982 1404 1189 1443 disserenti

138 1474 274 1501 eorum
297 1470 437 1501 matres
455 1462 795 1515 intemperantiam
825 1473 864 1502 et
891 1465 1094 1503 avaritiam
1116 1477 1187 1502 no-

138 1519 308 1568 minare,
341 1534 505 1573 quarum
541 1531 706 1575 utraque
740 1523 855 1563 valde
900 1524 1080 1563 foecunda
1117 1534 1186 1563 est.

137 1578 233 1619 Nam
250 1593 299 1619 ex
319 1580 618 1633 intemperantia
634 1591 846 1621 nascuntur
865 1583 1024 1622 nefariae
1044 1583 1190 1635 nuptiae

137 1647 177 1678 et
196 1639 384 1680 libidines
408 1650 446 1680 et
464 1650 600 1694 stupra
618 1651 656 1681 et
676 1642 846 1681 ebrietas
859 1672 869 1690 ‚
891 1651 928 1681 et
946 1656 1033 1694 quae
1052 1651 1191 1695 praeter

138 1706 314 1737 naturam
325 1709 417 1739 sunt
433 1699 635 1751 flagitiosae
652 1701 892 1753 voluptates,
905 1710 943 1739 et
959 1702 1190 1754 cupiditates

139 1756 314 1809 quaedam
329 1758 640 1798 vehementiores
650 1760 697 1798 ad
709 1760 909 1799 interitum
922 1760 1186 1798 voluntarium

138 1823 178 1854 et
212 1816 432 1869 praecipitia
464 1819 740 1871 propellentes.
775 1818 861 1857 Jam
892 1819 996 1857 enim
1028 1819 1186 1870 quidam

141 1874 309 1915 libidine
342 1875 571 1915 inflammati
594 1890 671 1928 qua
696 1885 837 1916 matres
866 1891 943 1929 qua
963 1877 1064 1916 filias
1085 1878 1188 1916 ince-

139 1942 292 1973 starunt
305 1963 316 1983 ,
333 1943 372 1973 et
387 1936 584 1987 perruptis
603 1937 769 1975 civitatis
796 1936 950 1987 legibus
963 1965 973 1984 ‚
995 1937 1068 1976 sub
1081 1938 1190 1990 cupi·

138 1991 303 2032 ditatum
333 1993 560 2044 tyrannide,
582 1993 764 2033 manibus
783 1995 894 2046 quasi
921 2005 1010 2048 post
1034 2005 1185 2047 tergum

139 2052 353 2101 revinctis,
383 2052 491 2091 velut
526 2053 672 2105 captivi
706 2053 755 2092 ad
796 2063 961 2093 mortem
996 2055 1190 2095 violenter

139 2111 214 2150 acti
234 2120 337 2151 sunt.
359 2111 418 2150 Ex
440 2112 606 2151 avaritia
622 2113 807 2151 oriuntur
836 2114 982 2166 rapinae
1001 2127 1045 2153 ac
1077 2115 1193 2154 latro-

140 2170 268 2218 cinia,
297 2170 531 2223 parricidia,
563 2171 784 2222 sacrilegia,
804 2173 992 2212 veneficia
1017 2182 1056 2212 et
1086 2188 1191 2225 quae·

140 2243 295 2282 cunque
312 2229 375 2269 his
404 2230 568 2269 finitima
595 2240 700 2271 sunt.
721 2232 897 2271 Primum
929 2232 1051 2283 igitur
1075 2234 1192 2274 silvas

140 2287 251 2338 illas,
271 2290 315 2329 in
333 2288 478 2342 quibus
506 2289 547 2329 hi
570 2290 733 2330 affectus
761 2290 962 2339 habitant,
995 2293 1086 2342 igne
1115 2292 1191 2331 fer-

141 2360 265 2400 roque
284 2352 331 2388 vet
358 2347 541 2388 omnibus
581 2349 770 2388 doctrinae
801 2350 997 2402 praesidiis
1029 2351 1191 2403 purgari

140 2416 294 2460 oportet
323 2416 568 2461 mentemque
598 2410 713 2448 tantis
747 2410 860 2449 malis
892 2411 1014 2461 eripi,
1036 2423 1081 2449 ac
1112 2419 1191 2449 tum

141 2466 295 2506 demum
325 2468 362 2507 ei
391 2466 488 2507 boni
519 2468 669 2520 aliquid
700 2469 884 2509 inseriae
910 2470 1009 2509 tradi
1030 2483 1101 2522 par
1119 2479 1189 2509 est.

143 2524 233 2565 Haec
283 2537 499 2580 praecepta,
549 2527 795 2580 llipparche,
840 2542 992 2568 summo
1034 2529 1191 2581 quidem

141 2585 274 2626 studio
299 2587 537 2639 percepisti,
568 2587 634 2626 sed
655 2601 735 2626 non
761 2587 1004 2637 observasti,
1024 2603 1047 2627 ο
1072 2589 1192 2637 bone,

109 2681 115 2689 ,
142 2652 347 2697 postquam
381 2644 532 2685 Siculas
566 2646 726 2696 gustasti
760 2646 956 2695 lautitias,
988 2661 1010 2686 a
1048 2648 1192 2700 quibus

142 2702 248 2742 vinci
277 2712 314 2743 te
333 2717 412 2743 non
432 2704 702 2747 conveniebat.
724 2704 836 2745 Multi
868 2720 963 2746 vero
995 2707 1130 2746 dicunt
1159 2716 1194 2746 te

144 2761 302 2815 publice
334 2762 451 2802 etiam
485 2763 779 2817 philosophari,
816 2766 922 2817 quod
954 2766 1194 2818 Pythagoras

144 2820 375 2873 dedignatus
389 2832 447 2862 est
471 2823 540 2875 qui
559 2824 675 2863 etiam
694 2824 860 2864 Damoni
891 2825 982 2864 iiliae
1001 2839 1195 2864 commen-

145 2881 267 2921 tarios
296 2882 541 2923 committens
564 2883 783 2935 mandavit,
806 2897 854 2924 ne
877 2885 1058 2936 cuiquam
1087 2893 1194 2923 extra

147 2939 335 2980 familiam
365 2941 549 2982 traderet.
579 2941 675 2989 Quae
707 2956 827 2995 quum
860 2943 996 2994 grandi
1031 2943 1195 2996 pecunia

147 2997 274 3040 libros
292 2999 383 3039 illos
401 3000 571 3041 vendere
587 3010 737 3054 posset,
756 3002 906 3049 noluit,
925 3002 991 3041 sed
1021 3003 1192 3055 inopiam

147 3066 187 3098 et
216 3060 339 3111 patris
369 3059 549 3099 mandata
581 3073 677 3100 auro
707 3062 941 3115 pretiosiora
959 3074 1043 3100 csse
1061 3062 1194 3100 existi-

149 3116 288 3164 mavit,
306 3115 425 3169 idque
438 3118 619 3169 quamvis
640 3118 782 3158 mulier
797 3127 910 3159 essct.
932 3118 1065 3157 Fertur
1080 3119 1194 3157 etiam

149 3172 274 3214 Damo
287 3174 458 3215 moriens
471 3176 572 3215 idem
586 3175 661 3217 hoc
677 3177 845 3217 Bistaliae
856 3178 944 3216 iiliae
956 3177 1194 3230 praecepisse.

149 3230 201 3272 At
215 3246 310 3283 nos,
325 3247 444 3286 quum
458 3235 580 3275 simus
596 3236 693 3284 viri,
711 3250 789 3276 non
809 3245 910 3276 recte
926 3249 996 3275 nos
1012 3235 1197 3276 adversus

150 3291 262 3331 illum
292 3293 487 3344 gerimus,
521 3294 588 3334 sed
632 3296 811 3334 exuimus
843 3304 967 3348 pacta.
1001 3295 1041 3333 Si
1077 3295 1197 3346 igitur

151 3359 320 3391 mutatus
351 3351 495 3400 fueris,
526 3352 688 3393 laetabor
718 3369 726 3392 ι
763 3355 824 3393 sin
868 3354 1021 3402 miuus,
1061 3352 1195 3394 obiisti

150 3408 262 3451 mihi.
285 3428 301 3446 ι
326 3410 416 3451 nac
435 3421 665 3465 personatus
690 3412 756 3452 ille
775 3412 901 3465 Lysis.
923 3414 1051 3459 Quum
1076 3412 1197 3464 igitur

155 3466 400 3522 Hipparchus
430 3470 660 3523 Pythagorae
693 3471 835 3524 placita
865 3471 1036 3511 dilucide
1067 3473 1197 3525 expli-

2165 262 2285 289 xum

1249 353 1355 378 casse
1383 347 1624 390 argueretur,
1646 338 1756 390 ajunt
1783 350 1870 376 eum
1892 350 1914 375 a
1933 336 2291 388 philosophantium

1249 408 1351 437 coetu
1367 408 1605 449 segregatum
1626 398 1741 449 eique
1759 405 1941 448 tanquam
1960 404 2114 434 mortuo
2134 397 2291 447 cippum

1249 459 1418 509 positum
1438 471 1522 496 esse
1537 457 1632 510 (81).
1647 456 1705 495 Ex
1717 457 1800 506 ejus
1815 455 1864 494 de
1877 455 1998 494 animi
2016 455 2295 506 tranquillitate

1248 517 1354 556 libro
1388 518 1646 568 fragmentum
1673 515 1788 556 habet
1819 515 1994 555 Stobaeus
2024 515 2125 568 (82);
2158 523 2294 554 caetera

1249 585 1420 615 vetustas
1439 576 1640 617 absumsit.

1304 635 1348 673 ln
1368 636 1614 687 optimatium
1640 644 1678 674 et
1703 635 1832 688 plebis
1857 634 1963 686 apud
1987 634 2229 674 Crotoniatas
2247 634 2295 672 de

1250 694 1421 734 civitatis
1455 695 1576 733 forma
1605 693 1884 734 certaminibus
1914 701 2054 746 praeter
2076 693 2293 731 Diodorum

1250 762 1365 804 atque
1399 754 1612 806 Hippasum
1653 756 1822 806 Theages
1852 753 1988 806 populi
2028 765 2180 791 causam
2217 753 2297 801 egit

1249 811 1411 863 ejusque
1431 814 1638 865 imperium
1655 813 1926 852 commendare
1939 826 1984 851 ac
2000 812 2115 851 tutari
2137 820 2296 850 conatus

1248 879 1320 911 est.
1350 871 1455 917 Quin
1485 874 1600 910 etiam
1622 873 1824 912 interfecto
1858 885 1939 910 uno
1969 884 2018 910 ex
2048 870 2294 922 optimatium

1252 929 1468 969 fautoribus
1486 930 1586 969 bene
1607 932 1793 970 meruisse
1812 931 1860 970 de
1889 930 2015 982 patria
2038 930 2147 968 visus
2178 929 2296 968 trium

1250 989 1483 1028 talentorum
1503 1003 1692 1029 summam
1711 991 1914 1042 praemium
1931 1002 1952 1027 a
1972 990 2119 1042 populo
2134 990 2213 1039 (83)
2235 1002 2298 1027 ac·

1251 1048 1365 1100 cepit.
1384 1048 1510 1100 Hujus
1530 1050 1577 1088 de
1592 1051 1736 1088 virtute
1755 1049 1873 1100 liber,
1887 1049 2128 1101 praecipuum
2149 1048 2296 1098 ingenii

1250 1105 1336 1157 ejus
1355 1117 1393 1145 et
1414 1108 1678 1159 Pythagoricae
1697 1108 1958 1160 philosophiae
1979 1115 2270 1146 monumentum
2284 1136 2295 1154 ‚

1250 1165 1299 1204 ad
1313 1166 1454 1224 Stobaei
1465 1175 1612 1206 aetatem
1629 1167 1785 1214 mansit,
1795 1168 1864 1218 qui
1878 1166 2095 1219 plurainde
2108 1166 2300 1216 fragmina

1250 1224 1292 1263 in
1312 1225 1567 1277 Florilegium
1590 1226 1834 1278 transcripsit
1852 1226 1949 1277 (84).
1970 1226 2158 1264 Caeterum
2190 1224 2299 1276 ejus-

1252 1285 1337 1323 dem
1364 1286 1442 1324 viri
1474 1286 1651 1324 meminit
1678 1286 1814 1324 AEneas
1834 1285 1997 1324 Gazaeus
2016 1285 2057 1323 in
2077 1285 2233 1334 dialogo
2252 1284 2300 1322 de

1251 1344 1471 1383 animorum
1494 1345 1782 1383 immortalitate
1805 1344 1896 1397 (85).

1305 1403 1467 1454 Magnus
1489 1413 1675 1456 praeterea
1706 1403 1975 1455 Pythagoricae
1998 1402 2200 1455 sapientiae
2231 1403 2300 1441 do·

1252 1471 1349 1510 ctor,
1368 1472 1411 1501 ut
1432 1476 1517 1501 mea
1543 1463 1616 1501 fert
1636 1463 1795 1515 opinio,
1816 1464 1989 1513 Meropus
2015 1463 2097 1516 (86)
2120 1463 2192 1501 fuit
2219 1464 2302 1500 Me-

1252 1523 1497 1574 tapontinus‚
1530 1535 1552 1561 e
1595 1521 1707 1573 cujus
1753 1521 1801 1559 de
1839 1521 1987 1559 virtute
2020 1522 2300 1560 commentario

1252 1582 1392 1639 locumy
1405 1582 1578 1621 servavit
1597 1580 1779 1620 Stobaeus
1795 1594 1911 1634 quem
1931 1581 2035 1619 infra
2064 1593 2299 1633 proponam.

1252 1640 1378 1692 Hujus
1406 1648 1601 1692 praecepta
1630 1653 1717 1679 cum
1750 1640 1968 1678 Stoicorum
2001 1640 2110 1679 scitis
2142 1653 2301 1691 compa-

1252 1700 1356 1738 ravit
1384 1699 1598 1739 Salmasius
1623 1699 1674 1741 ad
1693 1699 1911 1751 Epictetum
1931 1712 2020 1751 pag.
2046 1699 2133 1737 151.
2155 1699 2229 1738 Sed
2254 1698 2303 1737 de

1251 1757 1336 1809 ejus
1353 1758 1433 1797 vita
1452 1758 1551 1796 nihil
1572 1771 1594 1796 a
1610 1757 1814 1798 veteribus
1834 1758 2018 1797 traditum
2039 1767 2111 1797 est.

1308 1820 1453 1857 Clinias
1471 1818 1711 1858 Tarentinus
1728 1818 1823 1870 (87),
1838 1820 1907 1871 qui
1924 1819 2119 1857 Heracleae
2135 1819 2238 1858 vixit
2256 1833 2301 1857 ac

1253 1876 1423 1916 Philolai
1455 1877 1618 1929 aequalis
1651 1877 1898 1930 perhibetur,
1930 1890 2182 1916 numerorum
2215 1878 2301 1929 pri-

1254 1937 1407 1976 mordia
1439 1937 1602 1976 immota
1629 1937 1699 1976 illa
1732 1937 1890 1988 quidem
1922 1945 1961 1975 et
1994 1937 2072 1975 fixa
2104 1936 2301 1975 manentia

1253 2003 1335 2034 tum
1366 1991 1651 2035 arithmeticam
1683 2005 1763 2034 tum
1787 1995 2039 2046 geometriam
2074 2007 2303 2046 generasse,

1254 2062 1363 2093 motu
1384 2063 1510 2094 autem
1532 2054 1676 2106 agitata
1696 2067 1774 2105 qua
1794 2054 2039 2092 harmoniam
2068 2067 2146 2106 qua
2173 2062 2303 2092 astro-

1254 2113 1424 2152 nomiam
1453 2126 1680 2166 procreasse
1707 2113 1950 2152 existimavit
1973 2114 2070 2166 (88).
2092 2112 2198 2152 Idem
2228 2113 2304 2151 tria

1254 2172 1397 2211 talenta
1412 2173 1568 2212 solvere
1578 2186 1694 2224 quam
1706 2171 1769 2211 vel
1784 2172 1900 2211 semel
1909 2171 2045 2224 jurare
2055 2172 2192 2211 maluit
2207 2170 2300 2223 (89).

1257 2230 1345 2270 Fuit
1365 2245 1461 2270 vero
1480 2233 1661 2282 egregius
1680 2231 1749 2270 irae
1769 2231 2027 2284 reprimendae
2054 2230 2209 2278 artifex,
2228 2243 2306 2282 qua

1254 2291 1564 2343 quotiescunque
1580 2290 1755 2339 ardebat,
1774 2290 1919 2330 fidibus
1933 2290 2109 2329 canendo
2128 2291 2302 2329 animum

1253 2402 1285 2435 at
1301 2402 1344 2444 μή
1354 2427 1363 2443 ,
1373 2402 1521 2439 trevanae
1538 2414 1651 2444 μοι.-
1664 2403 1730 2443 (81)
1742 2403 1891 2436 Clemens
1905 2402 2140 2435 Alexandrinus
2150 2404 2301 2435 stromat.

1254 2449 1309 2481 lih.
1328 2451 1356 2481 V
1373 2458 1443 2491 pag.
1459 2451 1517 2482 57⁴
1531 2450 1582 2483 ed.
1597 2449 1709 2482 colon.
1730 2463 1736 2482 :
1750 2450 1835 2482 Φασὶ
1850 2453 1925 2490 γοῦν
1938 2450 2114 2491 Ἵππαρχον
2129 2451 2182 2482 τὸν
2199 2450 2301 2483 nuo«-

1254 2497 1386 2538 γορειον.
1402 2498 1503 2529 αἰτίαν
1522 2498 1634 2539 ίχοντα
1649 2498 1827 2541 γράψασθαι
1844 2498 1884 2529 τὰ
1899 2501 1954 2530 τοῦ
1975 2496 2159 2539 Πυθαγόρου
2176 2500 2304 2539 σαφῶς,

1254 2543 1429 2581 ἐξελαθῆναι
1444 2547 1498 2582 τῆς
1514 2544 1686 2586 διατριδῆς,
1704 2544 1756 2576 καὶ
1774 2544 1889 2583 στήλην
1907 2543 1958 2577 ἐπ’
1976 2544 2062 2585 αὐτῷ
2078 2544 2237 2584 γινέσθαι,
2251 2544 2304 2576 οἶα

1253 2594 1353 2632 νεκρῷ
1364 2602 1371 2609 ·
1386 2592 1434 2622 διὸ
1448 2592 1500 2623 καὶ
1516 2592 1547 2623 ἐν
1559 2595 1598 2633 τῇ
1616 2592 1765 2634 βαρὸάρῳ
1778 2592 1943 2634 φιλοσοφίᾳ
1955 2592 2079 2633 νιιροὺς
2092 2593 2222 2624 καλοῦσι
2234 2592 2304 2629 τοὺς

1255 2638 1443 2675 ἐκπεσόντας
1458 2642 1521 2670 τῶν
1537 2639 1712 2680 δογμάτων,
1729 2641 1782 2671 καὶ
1798 2639 2069 2677 καθνποτάξαντας
2083 2639 2137 2671 τὸν
2151 2642 2224 2671 νοῦν
2239 2643 2304 2676 τοῖς

1255 2685 1366 2717 πάθεσι
1395 2689 1462 2723 τοῖς
1489 2687 1646 2728 ψυχικοῖς.
1675 2685 1829 2719 Similiter
1851 2686 2010 2719 Perii-um
2038 2687 2072 2719 et
2099 2686 2255 2727 cyionem
2286 2694 2305 2718 e

1255 2733 1365 2764 sci-ola
1383 2733 1590 2775 Pythagorica
1602 2733 1724 2774 ejectos
1738 2742 1811 2766 esse
1825 2734 1962 2767 testatur
1974 2733 2178 2766 snmbiictms
2193 2733 2233 2766 de
2246 2734 2304 2766 vit.

1256 2780 1391 2822 l'ylhag.
1417 2789 1489 2822 cap.
1516 2782 1550 2814 17
1567 2793 1575 2813 :
1590 2781 1772 2819 δυσκίνητος
1792 2781 1818 2813 sl
1835 2791 1881 2818 τις
1900 2781 1953 2813 καὶ
1974 2781 2304 2823 δυσπαρακολούθητος

1254 2828 1433 2868 copiamve,
1446 2829 1562 2868 στήλην
1574 2829 1607 2861 61
1620 2839 1689 2861 τινα
1700 2832 1747 2869 τῷ
1759 2829 1892 2870 τοιούτῳ
1909 2830 1962 2860 καὶ
1982 2832 2130 2870 μνημεῖον
2146 2828 2177 2860 ἐν
2192 2832 2231 2870 τῇ
2244 2830 2305 2860 δια-

1254 2875 1343 2918 τριδῄ
1361 2875 1536 2917 χώσαντες,
1556 2876 1639 2909 καθὰ
1663 2878 1716 2908 καὶ
1739 2876 1883 2918 Πιριλάῳ
1902 2879 1947 2918 τῷ
1966 2875 2090 2918 θουρῖῳ
2109 2876 2228 2917 λέγεται
2251 2876 2304 2908 καὶ

1259 2921 1379 2954 Κύλωνι
1395 2926 1441 2964 τῷ
1453 2923 1630 2966 tuamve„
1645 2923 1766 2965 ίξάρχῳ
1783 2924 2030 2965 ἀπογνωσῡιῖοιν
2045 2923 2224 2962 ὑπἀὺτῶν,
2240 2922 2305 2960 itii·

1255 2969 1367 3001 λαυνον
1381 2970 1419 3002 ἂν
1439 2973 1496 3003 τοῦ
1520 2970 1686 3012 banacim».
1700 2971 1823 3011 -(89)
1843 2970 1991 3004 Stohoeus
2011 2970 2095 3003 Flor.
2109 2971 2233 3010 cvm,
2252 2973 2304 3002 81.

1256 3034 1297 3044 -
1306 3016 1373 3057 (aa)
1385 3015 1588 3050 lamblichus
1602 3017 1644 3050 de
1656 3018 1713 3052 vit.
1726 3017 1859 3059 Pythsg.
1873 3026 1943 3058 cap.
1957 3021 2009 3050 85.
2020 3033 2062 3041 —
2072 3017 2140 3058 (84)
2157 3017 2305 3049 Stoboeus

1260 3062 1345 3096 Flor.
1374 3063 1400 3103 l,
1425 3066 1538 3103 ⁶7-883
1566 3065 1643 3097 ilem
1672 3066 1782 3097 6⁴·69,
1799 3083 1840 3092 -
1851 3066 1917 3104 (85)
1953 3064 2071 3096 AEness
2105 3066 2239 3096 Gszoeus
2272 3063 2304 3094 in

1255 3109 1476 3151 Theophrasto
1489 3119 1559 3153 pag.
1574 3115 1669 3144 25.—
1681 3113 1747 3152 (8⁶)
1764 3111 1939 3145 salmasius
1952 3110 1992 3143 ad
2006 3110 2185 3152 Epictetum
2200 3119 2229 3151 p.
2246 3111 2302 3142 ist

1257 3164 1355 3190 unam
1380 3156 1450 3199 eius
1467 3158 1658 3191 senientiam
1683 3158 1844 3191 emendari
1870 3167 1907 3190 ac
1926 3158 2068 3199 suppleri
2095 3157 2185 3197 vult,
2206 3165 2304 3197 quam

1256 3210 1317 3236 nos
1331 3210 1443 3237 sanam
1459 3205 1557 3246 atque
1575 3205 1728 3243 integram
1745 3205 1940 3245 iudicamus.

1299 3250 1365 3291 (⁸7)
1380 3250 1430 3284 cl.
1448 3251 1647 3285 lamblichus
1656 3251 1697 3285 de
1709 3252 1775 3285 vita
1790 3252 1923 3294 Pythag.
1938 3260 2009 3293 cap.
2024 3255 2096 3284 2³9.
2110 3267 2147 3276 -·
2166 3251 2232 3291 (88)
2244 3252 2303 3282 Au-

1256 3299 1328 3329 elor
1357 3296 1511 3339 Theolog.
1532 3299 1669 3333 Arltlitn.
1691 3308 1760 3340 cap.
1794 3303 1811 3332 4
1830 3301 1898 3341 περὶ
1920 3299 2061 3340 τιτράδος
2092 3306 2161 3339 pan.
2196 3299 2230 3329 17
2250 3296 2301 3329 eci.

1259 3346 1346 3377 Ast:
1367 3347 1504 3383 Κλιινίας
1530 3347 1562 3379 ἃ
1578 3347 1597 3379 6
1609 3348 1814 3390 Ταραντῖνος,
1839 3351 1936 3379 ταῦτα
1954 3348 2013 3388 γὰρ
2030 3346 2083 3386 (τὰ
2097 3347 2155 3378 τοῦ
2175 3344 2304 3387 &um

1257 3390 1427 3433 ῥιζώματα)
1444 3393 1503 3434 ἆρα
1528 3394 1659 3434 μένοντα
1678 3396 1746 3434 μέν,
1769 3393 1873 3435 φησίν,
1890 3393 2091 3434 ἁρώμητιιὰν
2110 3393 2162 3422 sni
2181 3400 2302 3431 γεωμι-

1256 3437 1344 3480 τρίαν
1361 3438 1532 3479 ἐγένναοιν,
1551 3440 1749 3478 inimoco-rs
1769 3441 1819 3479 δᾶ,
1844 3440 1991 3480 ἁρμονίαν
2013 3438 2066 3470 καὶ
2085 3438 2301 3480 ἀστρονομίαν.

1257 3502 1300 3513 -
1315 3486 1383 3527 (89)
1401 3486 1452 3520 Cf.
1474 3487 1607 3521 Basilius
1624 3487 1666 3521 do
1687 3487 1827 3529 legendis
1841 3491 2032 3521 Gra-cortun
2054 3485 2144 3519 libris
2157 3494 2228 3528 cap.
2254 3488 2300 3523 13.
