2638 3840
358 279 430 313 198
1067 281 1330 322 CHALCIDII
1366 284 1783 328 COMMENTARIUS

423 364 561 392 V'cinum
579 364 665 393 terris
681 365 879 395 circumvolat
892 374 980 395 aurea
998 369 1098 395 Luna:

422 419 518 452 Quam
531 425 621 455 super
632 417 784 446 invehitur
800 419 949 453 Cyllcnius
967 428 973 445 :
987 420 1061 448 alma
1081 428 1211 457 superne

420 473 596 500 Noetarcum
616 472 717 500 ridens
733 472 790 500 late
806 472 938 509 splendet
954 473 1107 507 Cytherea.

418 524 608 561 QuadrijugiS
624 526 760 554 invectus
774 526 856 561 (uluis
873 526 914 554 sol
930 526 1034 559 igneus
1048 527 1141 557 ambit

415 581 548 612 Quartus
561 581 591 607 ct
609 579 750 607 aethereas
766 581 868 613 metas,
884 587 971 615 quem
986 579 1096 609 deinde
1110 589 1240 619 superne

415 632 546 669 Despicit
562 633 743 670 armipotens
758 642 764 658 :
782 636 880 662 sextus
898 633 1112 663 Phaethontius
1127 635 1219 665 ardor

414 686 544 723 Suspicit
563 686 711 715 excelsum
726 686 853 714 brumali
869 685 982 721 frigore
997 687 1078 716 sidus
1089 709 1099 722 ,

413 739 606 769 Plectricanffi
623 739 743 768 citharae
760 741 872 776 septem
886 740 1109 770 discriminibus
1122 750 1197 779 quos

411 793 584 821 assimilans
598 793 718 828 genitor
731 792 876 821 concordi
893 794 1028 823 examine
1046 796 1158 831 junxit.

382 867 510 897 LXXlI.
549 865 784 905 Pythagoreum
820 865 938 907 dogma
968 868 1018 900 est
1046 869 1168 902 ratione
1200 870 1385 904 harmonica

337 926 482 956 constare
517 924 690 964 mundum,
739 924 947 966 coelestiaque
987 927 1140 960 distantia
1174 931 1323 970 congruis
1352 933 1384 964 et

335 983 484 1015 consonis
502 982 562 1014 sibi
582 983 717 1015 invicem
738 983 936 1025 intervallis,
959 985 1083 1027 impetu
1103 987 1202 1020 nimio
1221 992 1253 1021 et
1271 990 1381 1022 veloci-

335 1044 399 1075 tate
426 1043 567 1084 raptatus
587 1042 680 1074 edere
699 1051 795 1074 sonos
815 1044 964 1077 musicos.
1021 1047 1126 1084 Quem
1149 1049 1281 1079 secutus
1306 1050 1380 1080 Era-

335 1101 498 1133 tosthenes
516 1102 605 1132 motu
623 1101 752 1142 quidem
769 1101 934 1134 stellarum
955 1111 1050 1135 sonos
1070 1105 1210 1137 musicos
1228 1106 1280 1138 edi
1299 1115 1378 1138 con-

333 1160 448 1197 sentit;
469 1159 524 1192 sed
544 1160 689 1192 ordinem
708 1160 930 1193 collocationis
956 1171 1020 1194 non
1045 1163 1184 1196 eundem
1202 1173 1271 1197 esse
1291 1165 1378 1198 dicit.

331 1219 444 1251 Statim
471 1219 589 1260 quippe
602 1220 677 1260 post
693 1220 816 1251 Lunam
838 1220 1012 1252 secundam
1034 1222 1238 1255 altitudinem
1257 1232 1276 1255 a
1293 1225 1378 1256 terra

329 1278 385 1310 dat
406 1277 495 1316 Soli;
517 1287 700 1310 memorans
725 1278 891 1319 fabulose,
909 1279 1106 1313 Mercurium
1124 1285 1307 1315 commenta
1325 1292 1376 1315 re-

328 1346 403 1369 cens
421 1346 440 1370 a
460 1346 494 1369 se
503 1337 584 1378 lyra,
603 1346 676 1369 cum
690 1338 808 1370 coelum
824 1338 1028 1380 ascenderet,
1046 1340 1194 1382 primitus
1207 1342 1374 1374 transeun-

327 1398 389 1427 tem
411 1403 466 1436 per
484 1403 539 1435 ea,
560 1404 634 1436 quae
654 1397 744 1428 motu
762 1396 926 1437 planetum
954 1397 994 1429 ad
1026 1398 1212 1438 organicum
1240 1400 1374 1432 modum

327 1454 557 1494 personabant;
572 1463 590 1486 a
611 1463 645 1487 se
665 1453 955 1488 inventae'simitem
975 1456 1141 1497 miratum,
1161 1459 1247 1498 quod
1267 1459 1372 1500 imago

323 1521 342 1544 a
359 1521 393 1545 se
412 1513 536 1545 inventi
560 1514 665 1555 operis
681 1515 712 1546 iu
731 1515 815 1547 coelo
835 1524 964 1557 quoque
987 1517 1181 1557 reperiretur
1206 1519 1371 1551 stellarum

323 1571 551 1611 collocatione,
579 1581 653 1613 quae
682 1580 781 1606 causa
806 1576 890 1607 esset
915 1575 1149 1617 concinentiae,
1186 1586 1369 1618 recensere,

322 1630 463 1671 primum
481 1639 515 1663 se
527 1640 546 1663 a
563 1633 647 1664 terra
666 1633 882 1666 transmisisse
899 1635 1001 1667 Lunae
1017 1634 1161 1676 globum,
1179 1638 1253 1677 post
1272 1646 1370 1678 quem

324 1698 492 1731 superasse
511 1690 605 1730 solis,
627 1690 746 1724 debinc
768 1692 918 1724 Mercurii
938 1693 1115 1735 Stilbontis,
1138 1698 1170 1727 et
1193 1696 1370 1728 ceterorum

322 1757 397 1781 eum
415 1749 519 1790 aplani
534 1758 678 1790 summa,
695 1751 728 1783 et
746 1752 883 1784 excelsa.
903 1753 1122 1787 Mathematici
1138 1757 1247 1787 tamen
1266 1764 1370 1796 neque

322 1808 422 1848 hanc,
437 1817 541 1850 neque
558 1818 654 1841 unam
671 1819 796 1851 omnes,
813 1811 1046 1845 ordinationem
1076 1813 1241 1846 stellarum
1257 1823 1370 1847 erran-

320 1868 402 1900 tium
425 1870 568 1910 ponunt;
583 1868 638 1901 sed
657 1868 758 1901 solem
774 1869 905 1910 quidem
925 1873 997 1912 post
1010 1874 1133 1904 Lunam
1151 1882 1160 1904 :
1176 1873 1262 1905 ultra
1283 1874 1370 1907 hunc

319 1929 448 1969 autem,
473 1928 604 1969 quidam
629 1929 849 1972 Mercurium,
879 1931 1013 1971 quidam
1038 1933 1166 1974 autem,
1187 1933 1285 1966 alium
1309 1934 1367 1966 ali-

318 1996 414 2028 quem
444 1996 486 2019 ex
513 1987 648 2019 residuis
677 1988 847 2022 collocant.
907 1990 995 2022 Plato
1026 1991 1123 2023 etiam
1150 1992 1182 2024 in
1208 1993 1269 2025 hoc
1290 1992 1359 2035 ipso

318 2046 440 2079 Timaeo
469 2047 606 2088 primam
631 2047 834 2080 altitudinem
866 2057 885 2081 a
902 2052 985 2082 terra
1013 2060 1116 2092 usque
1143 2052 1183 2084 ad
1207 2054 1365 2090 Lunarem

317 2106 491 2147 circulum3
524 2107 699 2140 secundam
734 2117 835 2149 usque
854 2108 895 2140 ad
925 2109 1025 2142 solem
1051 2110 1172 2152 liquido
1200 2112 1366 2146 dimensus

316 2166 365 2197 est
388 2178 395 2197 :
416 2165 512 2198 etiam
534 2166 566 2198 in
585 2166 722 2206 Politia,
745 2175 809 2199 non
830 2167 1062 2202 ordinationem
1091 2170 1189 2203 modo
1218 2181 1363 2206 comme-

316 2235 444 2258 morans
457 2226 634 2268 planetum,
653 2227 708 2260 sed
728 2227 924 2269 singulorum
942 2230 1191 2272 magnitudines,
1207 2233 1362 2266 velocita-

316 2286 382 2325 tes,
407 2286 504 2317 etiam
535 2285 680 2326 colores,
705 2286 766 2318 hoc
794 2288 844 2319 est
875 2287 1081 2329 splendores,
1108 2298 1146 2321 ac
1175 2292 1365 2326 serenitates

316 2342 431 2373 notans
442 2366 450 2381 ‚
464 2351 557 2374 axem
577 2342 715 2375 caelitem
730 2342 822 2383 fuso,
841 2343 1043 2386 circulosque
1056 2354 1149 2378 axem
1167 2347 1360 2389 ambientes,

315 2402 382 2433 tam
404 2401 558 2442 extimos,
579 2403 612 2434 et
627 2402 750 2435 vicinos
772 2403 852 2444 polis
865 2428 875 2444 ,
892 2413 989 2445 quam
1006 2404 1130 2437 medios
1143 2408 1208 2439 tres
1221 2407 1362 2439 verticu-

315 2459 355 2491 lis
378 2469 579 2502 comparans.

356 2520 499 2551 LXXIII.
515 2519 665 2560 Superest
680 2521 718 2552 ut
735 2521 907 2562 tractatui,
928 2522 983 2563 qui
995 2522 1045 2555 est
1060 2522 1190 2556 habitus
1203 2523 1244 2556 de
1263 2525 1362 2557 stellis

314 2577 614 2619 errantibus,illud
630 2579 782 2620 addatur3
801 2580 955 2620 quasdam
976 2590 1088 2614 earum
1108 2591 1262 2623 sequaces
1276 2592 1363 2623 esse,

313 2645 392 2677 quas
407 2637 567 2678 appellant
593 2639 818 2676 ὑπολειπτικὰς
838 2640 1076 2682 mathematici,
1104 2645 1141 2674 ut
1164 2642 1212 2674 sol
1235 2643 1267 2675 et
1284 2643 1359 2675 luna

313 2698 402 2726 sunt.
447 2695 487 2727 Hi
519 2696 636 2737 quippe
663 2696 752 2737 ignes
780 2706 946 2739 nunquam
967 2699 1006 2731 ad
1027 2701 1243 2741 praecedentia
1268 2702 1357 2742 signa

313 2753 486 2785 transitum
521 2754 652 2795 faciunt,
682 2755 736 2787 sed
763 2756 803 2787 ad
823 2765 860 2788 ea
888 2765 1025 2798 semper,
1045 2768 1118 2800 quae
1154 2762 1354 2801 sequuntur;

312 2813 545 2853 proptereaque
574 2822 632 2845 nec
657 2814 836 2847 subsistunt
864 2816 897 2848 in
923 2821 1035 2858 motu,
1060 2828 1118 2851 nec
1147 2822 1357 2861 regradantur

311 2880 466 2912 unquam.
510 2873 595 2904 Alias
609 2882 685 2905 vero
701 2874 807 2907 stellas
823 2884 1054 2917 nonnunquam
1071 2880 1196 2921 praeire,
1207 2890 1354 2913 nonnun-

310 2940 408 2971 quam
427 2931 548 2970 deseri,
569 2933 606 2964 ut
622 2933 738 2965 ceteras
751 2957 759 2972 ‚
779 2943 853 2974 quae
875 2934 1039 2968 interdum
1066 2939 1162 2980 stare,
1187 2940 1353 2973 interdum

263 3012 265 3014 .
311 2989 430 3029 redire,
446 2998 504 3030 pro
521 2990 624 3030 spisso
644 2992 734 3022 motu
757 2991 918 3025 videntur.
964 2995 1022 3027 Est
1036 2996 1153 3037 quippe
1171 2999 1351 3039 sequacitas

309 3048 415 3079 visum
435 3042 683 3089 imaginatioque
700 3050 820 3090 stellae,
837 3051 926 3084 velut
941 3053 981 3084 ad
1000 3056 1166 3095 sequentia
1182 3058 1271 3098 signa
1288 3067 1356 3099 per-

307 3102 427 3142 gentis,
450 3104 549 3143 atque
576 3103 615 3134 ad
637 3104 793 3136 orientem
823 3106 1039 3148 transeuntis,
1058 3110 1096 3141 ut
1121 3119 1139 3142 a
1167 3116 1351 3147 cancroad

307 3160 446 3192 leonem.
491 3161 593 3193 Statio
621 3170 715 3201 vero,
740 3162 867 3203 visum,
886 3167 918 3196 et
944 3165 1128 3206 imaginatio
1154 3169 1267 3211 stetlae,
1298 3172 1352 3205 diu

308 3218 468 3251 manentis
492 3219 522 3251 in
540 3219 654 3252 eodem
677 3220 764 3261 loco,
779 3221 870 3261 juxta
889 3223 984 3255 aliam
1012 3225 1108 3258 fixam
1133 3227 1270 3269 stellam,
1294 3239 1354 3264 nec

306 3279 475 3310 errantem.
522 3280 621 3311 Porro
638 3281 829 3320 regradatio,
851 3282 956 3314 visum
968 3307 977 3323 ,
993 3284 1025 3316 et
1046 3284 1234 3324 imaginatio
1250 3288 1351 3321 stellae

306 3340 378 3376 post
397 3337 587 3378 stationem,
608 3338 699 3379 quasi
722 3339 762 3371 ad
780 3341 977 3374 contrarium
1003 3342 1063 3374 iter
1091 3344 1204 3384 prioris
1230 3345 1352 3380 itineris

306 3396 482 3434 provectio.
504 3398 583 3434 Quae
599 3398 706 3430 omnia
727 3399 770 3431 ita
787 3399 852 3431 tieri
872 3400 965 3432 nobis
985 3401 1146 3443 videntur,
1165 3404 1220 3436 sed
1239 3414 1350 3446 reapse

307 3461 370 3484 non
385 3453 430 3485 ita
447 3454 526 3487 liunt
540 3460 574 3487 ut
588 3456 749 3489 videntur.
795 3459 902 3490 Causa
918 3467 995 3491 vero
1011 3461 1129 3492 erroris
1149 3461 1182 3493 in
1204 3466 1348 3495 contem-

310 3511 426 3551 plando
445 3521 480 3544 ea
498 3518 563 3554 est,
581 3515 751 3555 quodcum
769 3525 824 3558 per
844 3518 988 3559 proprios
1007 3519 1103 3553 orbes
1118 3521 1271 3563 serantur,
1291 3531 1348 3556 seu

1450 374 1572 415 globos,
1595 375 1692 408 iidem
1712 374 1864 418 planetes,
1894 376 2038 419 Intraque
2061 379 2215 418 ἀπλανοῦς
2241 380 2329 415 orbls
2346 383 2496 426 excelsa,

1451 433 1546 467 nobis
1563 443 1581 467 e
1606 436 1732 477 regione
1757 438 1852 469 terrae
1874 437 2076 479 videntibus,
2097 439 2225 480 objectu
2252 442 2328 475 aerii
2355 445 2496 486 corporis

1450 493 1643 535 impediente
1660 490 1846 536 aspectum’,
1864 495 2031 527 zodiacum
2049 497 2242 530 exteriorem
2267 499 2378 533 orbern
2403 509 2495 543 pera-

1448 562 1538 594 grare
1554 553 1734 587 videantur.

1490 614 1631 647 LXXIV.
1651 614 1844 647 Faciendum
1861 624 1935 658 ergo
1952 617 2017 656 est,
2037 616 2235 658 utexpositis
2251 616 2496 653 demonstratis·

1447 681 1509 714 que
1524 682 1669 706 errorum
1690 675 1809 715 causis,
1824 674 1904 707 salsa
1922 675 2034 716 opinio
2059 676 2278 716 conquiescat.
2326 679 2382 711 Est
2397 678 2494 720 igitur

1445 732 1544 765 totius
1565 732 1677 765 mundi
1697 733 1769 766 talis
1786 734 1992 774 constitutio,
2011 743 2050 767 ex
2065 735 2254 776 corporibus
2276 737 2489 780 materiisque

1445 791 1597 832 integris,
1618 792 1830 834 providentiae
1848 793 2092 835 gubernaculis,
2118 794 2158 826 ad
2179 795 2305 828 motum
2321 782 2495 831 aeternitati

1444 852 1689 884 convenientem
1710 852 1830 885 directa
1847 866 1855 885 :
1873 854 2040 894 motuique
2056 855 2184 895 proprio
2202 854 2340 888 similem
2355 855 2493 890 sormam

1443 903 1620 952 praeterens¹
1632 912 1789 953 gtoheam.
1849 916 1970 948 Verum
1987 915 2028 948 ad
2051 916 2338 952 dinumerationem
2353 929 2491 955 conver·

1442 970 1611 1013 sionesque
1635 975 1842 1014 temporum,
1874 973 2185 1018 immutationesque
2213 981 2245 1010 et
2271 977 2490 1014 diversitatem

1442 1034 1641 1065 terrenorum
1651 1057 1661 1073 ,
1677 1034 1844 1066 stellarum
1858 1035 2034 1068 errantium
2046 1037 2153 1070 varius
2164 1042 2273 1072 motus
2289 1041 2489 1074 necessarius

1439 1091 1602 1131 omnibus,
1635 1093 1690 1133 qui
1714 1102 1803 1125 nunc
1829 1093 1992 1135 accidunt,
2026 1097 2237 1140 proventibus
2264 1100 2488 1134 auctoritatem

1438 1150 1538 1182 dedit.
1585 1151 1712 1192 Quippe
1729 1151 1867 1192 simplex
1883 1153 1980 1194 atque
1994 1154 2164 1188 uniformis
2176 1155 2351 1198 ἀπλανοῦς,
2373 1159 2489 1201 utpote

1436 1209 1580 1250 eJ'usdem
1608 1211 1748 1250 naturae,
1787 1213 1873 1250 rata,
1903 1214 2000 1253 atque
2023 1212 2136 1246 eadem
2165 1223 2303 1258 semper,
2320 1218 2488 1250 conversio

1437 1268 1570 1309 aequaus
1590 1270 1622 1301 et
1648 1269 1794 1302 ordinata
1819 1282 1827 1302 ε
1849 1271 2027 1304 errantium
2052 1281 2130 1305 vero
2157 1274 2338 1308 orbiculata
2356 1257 2487 1318 quidem

1435 1329 1468 1359 et
1488 1327 1578 1369 ipsa,
1597 1328 1653 1360 sed
1671 1337 1775 1369 neque
1803 1330 1955 1371 aequalis,
1979 1332 2012 1364 et
2038 1331 2230 1374 inordinata,
2251 1334 2284 1367 et
2308 1335 2408 1376 varia,
2424 1345 2486 1370 nec

1435 1395 1515 1426 una,
1533 1386 1589 1419 sed
1603 1386 1817 1420 multiformis.

1475 1445 1603 1477 LXXV.
1619 1447 1659 1477 At
1687 1454 1766 1478 vero
1780 1445 1841 1478 sub
1862 1447 1954 1478 Luna
1977 1455 2079 1488 usque
2100 1448 2141 1480 ad
2163 1457 2235 1491 nos,
2253 1458 2349 1484 omne
2383 1459 2484 1492 genus

1433 1508 1598 1545 motuum,
1619 1513 1715 1537 omne
1730 1505 1827 1537 etiam
1848 1505 2075 1548 mutationum,
2097 1516 2226 1548 prorsus
2244 1509 2280 1542 ut
2305 1510 2403 1543 estin
2424 1519 2479 1543 ve·

1433 1567 1498 1597 tere
1519 1573 1613 1596 versu
1631 1564 1736 1597 Naevii
1755 1573 1764 1593 τ

1502 1659 1634 1688 Exuviae
1643 1679 1651 1694 ‚
1669 1658 1779 1694 rabies,
1792 1659 1959 1694 sun'arum
1974 1660 2124 1691 examina
2138 1660 2238 1691 mille.

1430 1752 1578 1790 Namque
1591 1749 1757 1790 generatio
1779 1753 1813 1782 et
1833 1749 1910 1782 item
1927 1758 2015 1782 mors
2039 1750 2071 1782 in
2087 1750 2150 1784 isto
2170 1751 2264 1793 loco;
2280 1751 2480 1788 incrementa

1429 1817 1558 1850 quoque
1588 1811 1622 1841 et
1663 1809 1902 1842 imminutiones
1929 1819 1936 1838 ε
1963 1813 1996 1842 et
2040 1810 2208 1846 omnitaria
2243 1812 2478 1854 commutatio,

1428 1867 1644 1909 transitioque
1657 1877 1697 1900 ex
1714 1868 1793 1900 locis
1805 1868 1847 1900 ad
1863 1868 1946 1901 loca.
1992 1871 2074 1907 Quae
2089 1873 2217 1903 cunctae
2230 1871 2394 1912 passiones
2411 1872 2478 1904 ori-

1431 1927 1539 1968 ginem
1558 1927 1690 1960 trahunt
1706 1936 1746 1960 ex
1764 1928 1854 1960 motu
1869 1927 2044 1968 planetum.
2080 1928 2177 1966 Quod
2195 1930 2305 1962 tamen
2324 1929 2480 1964 haetenus

1430 1986 1488 2018 hac
1506 1986 1628 2019 ratione
1643 1986 1774 2026 dicitur,
1791 1995 1831 2018 ne
1852 1985 1926 2027 quis
1944 1988 2038 2027 putet
2055 1987 2110 2019 illa
2133 1987 2174 2020 de
2199 1989 2325 2021 aeterna
2336 1992 2369 2022 et
2386 1988 2479 2023 beata

1430 2046 1654 2086 generatorum
1689 2049 1721 2077 et
1748 2044 1960 2077 occiduorum
1989 2054 2107 2086 causa,
2136 2046 2183 2078 sic
2201 2054 2272 2080 esse
2300 2046 2478 2089 disposita,

1430 2105 1509 2145 quin
1533 2104 1640 2146 potius
1659 2103 1713 2136 illa
1735 2104 1867 2145 quidem
1893 2104 2010 2137 habere
2032 2093 2210 2146 congruum
2227 2105 2386 2139 felicitatis
2408 2114 2477 2140 suae

1425 2172 1554 2196 cursum
1579 2164 1674 2196 :lioec
1696 2172 1774 2196 vero
1793 2173 1833 2196 ex
1858 2163 2015 2196 accidenti
2041 2164 2204 2206 quodam,
2223 2166 2256 2197 et
2276 2165 2478 2207 aliquatenus

1426 2223 1638 2256 consentienti
1665 2231 1741 2255 cum
1764 2222 1827 2255 illis
1843 2222 2005 2254 consortio
2024 2222 2160 2264 imitari,
2180 2223 2287 2264 quoad
2315 2226 2471 2265 pooeunt,

1426 2283 1570 2315 divinam
1585 2282 1780 2315 felicitatem.
1826 2283 1869 2314 Ut
1883 2281 1969 2314 enim
1987 2282 2146 2315 universae
2166 2282 2211 2314 rei
2230 2282 2340 2315 motus
2359 2282 2473 2316 similis

1425 2343 1528 2382 esset,
1556 2350 1747 2383 semperque
1772 2340 1806 2372 in
1822 2340 1932 2372 orbem
1953 2342 2112 2383 rotaretur
2136 2340 2205 2382 ipsa
2221 2341 2292 2374 liaec
2317 2341 2471 2383 agitatio,

1426 2402 1503 2441 vita,
1521 2402 1623 2440 actus,
1636 2402 1734 2441 atque
1749 2400 1894 2440 operatio
1908 2399 2021 2432 mundi
2033 2400 2203 2441 exsistens,
2214 2401 2247 2433 et
2262 2400 2329 2433 vita
2340 2400 2471 2434 divina:

1423 2468 1554 2493 necesse
1574 2459 1633 2491 tuit
1658 2461 1776 2491 terram
1810 2458 1948 2491 mediam
1976 2467 2127 2499 manere,
2150 2458 2235 2491 circa
2257 2467 2379 2501 quam,
2396 2468 2471 2502 quae

1425 2527 1481 2559 per
1494 2517 1636 2550 medium
1654 2517 1823 2567 serrentqrg
1841 2516 1934 2549 irent.
1955 2518 2052 2548 Terra
2070 2525 2168 2557 porro
2187 2518 2348 2560 manente,
2365 2518 2470 2560 ignem

1421 2579 1582 2612 diversam
1608 2578 1768 2618 regionem
1799 2586 1984 2619 capessere,
2026 2578 2144 2619 levem,
2176 2578 2368 2620 altivagam,
2395 2588 2471 2621 quae

1421 2638 1587 2671 materiam
1620 2636 1826 2679 sequebatur.
1887 2637 2011 2678 Hisque
2046 2637 2110 2669 late
2137 2636 2350 2679 distantibus,
2385 2638 2470 2671 ratio

1421 2697 1591 2739 poscebat,
1608 2700 1730 2729 ceteras
1749 2704 1878 2737 quoque
1900 2695 1983 2728 aeris
1995 2720 2004 2736 ,
2032 2698 2065 2728 et
2085 2696 2163 2728 item
2187 2705 2299 2737 aqnae,
2318 2697 2470 2730 materias

1422 2755 1518 2788 inseri
1544 2754 1685 2795 medias,
1707 2753 1916 2787 continuandi
1948 2753 2048 2786 totius
2074 2753 2216 2794 corporis
2231 2762 2341 2802 cauea.
2407 2755 2468 2788 nis

1419 2825 1514 2858 porro
1543 2816 1583 2849 ad
1611 2824 1708 2848 unam
1741 2814 1842 2847 veluti
1861 2814 1975 2847 seriem
2004 2815 2216 2856 continuatis,
2243 2815 2377 2848 demum
2395 2818 2467 2850 erat
2507 2859 2510 2861 μ

1417 2885 1564 2918 necesse,
1580 2875 1647 2908 sore
1675 2875 1816 2915 aliquam
1834 2873 1876 2915 ad
1895 2873 1981 2906 aliud
1999 2883 2037 2906 ex
2061 2874 2124 2906 alio
2142 2874 2303 2908 elemento
2329 2875 2466 2908 “anstu—

1415 2936 1537 2968 sionem
1547 2959 1556 2975 ,
1571 2943 1645 2967 cum
1662 2943 1775 2967 eorum
1786 2934 1867 2966 silva
1880 2934 1922 2965 sit
1936 2933 2107 2975 utrobique
2129 2933 2306 2975 mutabilis,
2323 2934 2464 2976 ipsarum

1416 2997 1522 3026 autem
1541 2992 1746 3025 materiarum
1764 2991 1832 3032 vis,
1851 2992 1884 3023 et
1903 2992 2032 3031 natura,
2050 2990 2221 3023 contraria.

1458 3054 1604 3086 LXXVI.
1624 3053 1729 3084 Causa
1752 3051 1860 3092 itaque
1874 3050 2089 3082 mutationum
2115 3058 2155 3082 ex
2173 3050 2263 3082 vario
2279 3051 2370 3083 motu
2392 3049 2461 3092 pla·

1414 3114 1537 3145 netum.
1579 3114 1661 3146 Nam
1675 3111 1701 3143 si
1721 3119 1784 3143 una
1805 3109 1983 3150 eademque
1999 3110 2104 3149 esset,
2117 3109 2248 3149 perinde
2263 3111 2299 3142 ut
2318 3109 2458 3142 fixarum

1413 3172 1600 3211 stellarum,
1622 3170 1872 3209 circumvectio,
1892 3177 1994 3201 unum
2013 3176 2140 3209 semper
2165 3167 2372 3209 eundemque
2386 3177 2458 3201 mo-

1412 3230 1491 3262 dum
1510 3230 1756 3263 observantibus
1775 3228 1927 3262 omnibus
1945 3227 2063 3268 stellis,
2089 3236 2130 3259 ne
2146 3227 2204 3259 ista
2233 3226 2364 3268 quidem
2394 3227 2459 3259 ulla

1414 3290 1593 3330 proveniret
1610 3289 1789 3321 diversitas,
1834 3289 1873 3321 At
1889 3295 1975 3319 nunc
1997 3286 2233 3324 conversiones,
2251 3287 2284 3317 et
2313 3287 2457 3327 aequino-

1411 3350 1472 3382 ctia
1485 3358 1727 3390 processusque,
1744 3349 1777 3380 et
1791 3346 2038 3388 regradationes,
2052 3355 2107 3387 per
2119 3344 2322 3378 latitudinem
2338 3354 2457 3387 perque

1410 3408 1510 3439 altum
1531 3408 1671 3439 maxime
1696 3407 1827 3448 quidem
1852 3406 1953 3446 Solis,
1970 3407 2002 3438 et
2028 3407 2127 3438 Lunae
2155 3406 2243 3445 tum,
2274 3405 2454 3437 ceterorum

1410 3475 1539 3507 quoque
1555 3466 1710 3507 siderum,
1726 3466 1813 3498 vices
1823 3467 2004 3507 temporum
2018 3464 2157 3504 mutant,
2171 3464 2203 3496 et
2213 3472 2342 3496 omnem
2359 3463 2453 3495 istam

1380 3538 1387 3542 ·
1409 3525 1583 3566 important
1602 3524 1906 3572 commutationem,
1925 3528 2022 3565 atque
2042 3523 2304 3556 inconstantiam.
2370 3523 2452 3560 Quae
