2638 3840
366 261 424 290 xit

364 338 563 390 prioribus
582 351 658 376 non
680 338 935 375 consentiunt.
955 338 1141 373 Caeterum
1161 348 1273 371 nemo
1289 336 1404 372 mira-

363 397 470 435 bitur
495 397 683 436 'l'imaeum
710 397 874 435 Locrum
897 396 968 434 sub
991 397 1102 432 linem
1124 393 1215 432 libri
1240 395 1307 444 qui
1329 395 1405 432 ser-

364 465 426 494 tur
448 456 526 508 περὶ
544 458 659 509 ψυχᾶς
679 456 801 507 κόσμω
823 456 897 510 (68)
919 456 965 493 de
981 455 1051 491 hoc
1072 453 1248 502 dogmate
1274 453 1326 490 ita
1344 454 1403 490 lo-

363 516 455 565 qui,
489 525 529 553 ut
548 529 592 553 ea
612 529 697 566 quae
725 528 804 566 prae
825 528 864 552 se
895 514 966 551 sert
986 511 1033 549 ab
1061 512 1260 549 inferioris
1285 512 1405 550 aetatis

364 574 558 622 magistris
587 573 770 611 didicisse
805 573 995 610 videatur.
1032 570 1146 607 Recte
1187 570 1289 606 enim
1327 570 1404 607 viri

363 631 466 669 docti
506 631 680 669 libellum
721 631 833 682 cujus
878 642 989 667 nemo
1030 637 1120 665 ante
1170 627 1402 666 Clementem

364 690 666 728 Alexandrinum
686 690 762 741 (69)
785 688 958 726 meminit
977 700 1024 724 ex
1045 686 1291 737 antiquorum
1305 688 1404 725 scri-

362 757 517 799 ptorum
537 763 696 787 numero
717 755 951 786 exemerunt.
973 746 1133 783 Etiamsi
1156 758 1249 783 vero
1267 759 1406 783 arcana

380 807 441 858 70)
462 807 790 858 Pythagoreorum
808 806 1015 856 disciplina
1035 806 1129 843 olim
1152 806 1243 852 suit,
1265 814 1306 843 ut
1320 820 1406 857 quae

361 875 459 904 esset
473 880 565 904 vera
577 867 805 918 placitorum
817 875 852 903 et
867 865 1134 916 symbolorum
1154 866 1214 903 vis
1230 866 1302 903 soli
1321 866 1405 916 ejus

362 936 472 965 sectae
492 927 667 964 homines
687 926 831 963 scirent
852 938 976 976 neque
991 924 1107 963 hodie
1127 924 1239 962 nobis
1259 925 1348 963 licet
1365 926 1404 963 in

361 986 467 1024 omni
489 985 746 1036 philosophiae
770 993 879 1035 parte
901 984 1025 1035 ipsius
1047 983 1272 1034 Pythagorae
1289 985 1404 1022 ratio-

361 1057 445 1081 nem
469 1058 490 1082 a
522 1044 868 1095 Pythagoricorum
886 1042 1051 1094 judiciis
1078 1044 1320 1089 discernere,
1349 1053 1404 1081 ta-

360 1116 446 1140 men
463 1103 557 1153 quid
575 1104 658 1154 ipse
670 1103 911 1154 Pythagoras
925 1132 936 1151 ,
952 1102 1020 1152 (ιυί
1039 1115 1078 1140 se
1093 1103 1262 1153 primum
1279 1103 1405 1141 AEtha-

359 1162 462 1199 liden
474 1162 507 1214 (7
519 1161 567 1214 1),
578 1161 718 1200 deinde
730 1161 981 1212 Euphorbum
990 1190 999 1207 ,
1013 1170 1092 1198 tum
1104 1161 1401 1210 Hermotimum,

359 1231 491 1271 postea
517 1221 711 1272 Pyrrhum
732 1221 850 1259 fuisse
866 1219 1037 1271 jactabat
1057 1228 1260 1270 antequam
1284 1220 1403 1258 factus

357 1290 456 1318 esset
481 1281 742 1331 Pythagoras,
763 1278 1148 1329 ἀθμετενσωματώσει
1178 1280 1358 1326 senserit,
1383 1294 1405 1318 a

358 1341 512 1378 nemine
539 1353 708 1390 unquam
729 1339 947 1378 dubitatum
979 1347 1050 1376 est.
1074 1337 1264 1375 Caeterum
1290 1340 1404 1375 abso-

359 1400 439 1437 luto
472 1401 541 1437 illo
571 1408 765 1451 perpetuae
798 1397 1067 1436 conversionis
1103 1397 1293 1443 circuitu,
1326 1411 1403 1448 quo

358 1459 499 1496 accidit
525 1468 567 1496 ut
599 1459 726 1496 omnis
759 1458 913 1506 generis
941 1457 1166 1494 animalium
1198 1469 1404 1507 rerumque

360 1518 500 1555 formas
527 1517 690 1555 induant
710 1516 854 1562 animi,
875 1530 954 1553 non
980 1516 1149 1566 amplius
1175 1516 1216 1552 in
1238 1517 1405 1566 corpora

358 1576 626 1623 includuntur,
649 1575 714 1613 sed
737 1576 778 1612 in
799 1575 1028 1612 altissimum
1051 1574 1140 1612 coeli
1162 1574 1291 1612 locum
1313 1573 1403 1612 sub-

358 1635 493 1672 volant
514 1635 574 1672 vel
608 1635 649 1671 in
673 1634 833 1671 deorum
859 1646 979 1682 genus
1009 1633 1164 1671 abeunt.
1192 1633 1313 1683 Cujus
1347 1634 1403 1671 rei

358 1702 472 1731 testes
490 1693 665 1745 proferre
686 1706 772 1730 cum
792 1693 889 1730 alios
903 1693 993 1730 licet
1007 1723 1016 1741 ‚
1039 1701 1118 1730 tum
1142 1692 1402 1732 Alexandrum

356 1750 643 1801 Polyhistorem
663 1752 740 1803 (72)
763 1760 800 1788 et
815 1759 1007 1788 auctorem
1031 1749 1107 1802 (73)
1130 1752 1237 1789 aurei
1262 1752 1404 1788 carmi-

359 1809 421 1846 nis
444 1821 503 1846 vs.
531 1822 641 1856 70-71
673 1809 726 1846 ita
755 1808 987 1846 scribentem
1010 1822 1019 1847 z
1052 1826 1067 1842 α
1090 1809 1239 1855 Quodsi
1267 1810 1403 1847 relicto

358 1880 525 1918 corpore
563 1867 610 1904 ad
639 1866 807 1904 liberum
846 1867 1025 1904 aetberem
1059 1868 1399 1917 commigraveris‚

354 1925 432 1963 eris
460 1926 694 1963 immortalis
725 1926 841 1973 deus,
874 1927 1146 1977 incorruptus,
1169 1940 1293 1977 neque
1322 1940 1401 1964 am-

354 1983 458 2034 plius
477 1985 594 2021 morti
611 1983 820 2023 obnoxius.
842 2001 858 2017 »
885 1983 937 2021 Ea
953 1998 1044 2022 vero
1067 1985 1229 2023 felicitas
1247 1987 1396 2023 contin-

354 2054 444 2091 gere
460 2055 538 2080 non
555 2050 681 2093 potest
710 2043 789 2095 „nisi
818 2043 959 2080 animis
984 2044 1094 2094 puris
1111 2045 1296 2095 omnique
1316 2043 1403 2081 labe

352 2207 443 2244 γῆναι
464 2207 519 2235 τοῦ
536 2203 681 2243 σώματος
708 2205 761 2236 τὸν
779 2208 833 2241 τῆς
856 2204 1013 2241 εὐσεὸείας
1037 2205 1143 2243 ἀγῶνα
1159 2205 1399 2245 ἀγωνισαμένη.

355 2252 460 2292 (ἀγὼν
477 2252 509 2283 δὲ
523 2251 679 2287 εὐσεὸείας
693 2252 728 2283 τὸ
746 2255 859 2291 γνῶναι
882 2252 917 2283 τὸ
931 2253 1012 2283 θεῖον
1028 2253 1078 2283 καὶ
1102 2253 1217 2294 μηδένα
1233 2253 1401 2292 ἀνθρώπων

352 2299 539 2338 ἀδικῆσαι,)
558 2299 613 2336 ὅλη
634 2302 704 2335 νοῦς
725 2299 872 2339 γίγνεται.
894 2300 932 2330 Ἥ
955 2300 987 2330 δὲ
1004 2300 1119 2337 ἀσεὸὴς
1143 2300 1231 2340 ψυχὴ
1252 2300 1334 2340 μένει
1352 2301 1401 2331 ἐπὶ

353 2350 405 2384 τῆς
422 2347 500 2382 ἰδίας
513 2346 621 2381 οὐσίας
633 2347 683 2387 ὑφ’
697 2347 808 2383 ἑαυτῆς
820 2347 1012 2386 κολαζομένη
1024 2370 1032 2384 ,
1044 2347 1097 2378 καὶ
1113 2347 1217 2387 γήϊνον
1233 2351 1328 2387 σῶμα
1349 2349 1401 2384 ζη·

351 2396 450 2424 τοῦσα
466 2394 631 2432 εἰσελθεῖν,
648 2394 689 2429 εἷς
704 2393 895 2434 ἀνθρώπινον
913 2394 966 2425 δέ·
983 2393 1057 2425 ἄλλο
1070 2393 1130 2434 γὰρ
1151 2396 1246 2433 σῶμα
1259 2394 1295 2424 οὐ
1308 2397 1404 2434 χωρεῖ

351 2440 543 2481 ἀνθρωπίνην
559 2440 681 2481 ψυχήν,
707 2441 777 2472 οὐδὲ
795 2440 879 2480 θέμις
905 2441 988 2472 ἐστὶν
1011 2441 1052 2476 εἷς
1079 2440 1193 2480 ἀλόγου
1210 2441 1291 2482 ζῴου
1308 2445 1402 2480 σῶμα

351 2488 453 2528 ψυχήν
468 2487 658 2528 ἀνθρωπίνην
673 2491 863 2519 καταπεσεῖν
874 2496 881 2504 ·
897 2489 967 2519 θεοῦ
982 2488 1041 2529 γὰρ
1056 2487 1147 2527 νόμος
1163 2487 1251 2523 οὗτος
1262 2513 1270 2527 ,
1286 2488 1401 2527 φυλάσ-

352 2545 416 2564 σειν
434 2534 536 2574 ψυχὴν
566 2534 760 2574 ἀνθρωπίνην
786 2535 849 2566 ἀπὸ
878 2537 932 2571 τῆς
956 2534 1098 2571 τοιαύτης
1123 2534 1252 2575 ὕὸρεως.
1277 2534 1399 2570 Quodsi

354 2581 421 2611 h÷rc
440 2581 547 2611 omnia
564 2589 602 2611 ex
623 2581 736 2612 eodem
755 2580 835 2612 libro
850 2581 948 2620 petita
968 2583 1064 2619 sunt,
1083 2583 1169 2621 patet
1189 2581 1289 2620 spurii
1306 2580 1402 2621 hujus

353 2627 447 2658 libelli
475 2630 636 2667 parentem
654 2636 690 2659 ea
709 2637 780 2667 quae
799 2628 985 2667 praecedunt
1007 2628 1046 2659 ad
1075 2629 1188 2667 prioris
1215 2629 1319 2660 aetatis
1348 2629 1403 2660 do-

352 2673 672 2713 ctrinain,sequentia
685 2674 725 2705 ad
737 2674 907 2706 Jamblichi
923 2676 955 2706 et
969 2675 1123 2706 similium
1140 2674 1266 2706 decreta
1279 2683 1402 2707 accom-

353 2719 511 2751 modasse.
529 2740 569 2746 —
586 2721 651 2760 (68)
670 2721 811 2753 Tim-rus
828 2723 946 2753 Locrus
963 2722 1003 2752 de
1021 2722 1126 2753 anima
1151 2722 1263 2753 mundi
1281 2726 1363 2754 extr.
1391 2735 1398 2754 :

353 2769 395 2802 ὡς
411 2767 471 2807 γὰρ
485 2767 525 2799 τὰ
537 2769 673 2808 σώματα
688 2769 843 2800 νοσώδεσί
861 2780 945 2800 ποκα
966 2770 1129 2810 ὑγιάζομες
1143 2793 1152 2808 ,
1167 2770 1200 2801 αἷ
1214 2781 1256 2801 κα
1272 2771 1314 2810 μή
1331 2770 1400 2810 είκῃ

355 2816 419 2847 τοῖς
437 2813 673 2853 ὑγιεινοτάτοις,
692 2814 775 2846 οὕτω
790 2815 846 2851 τὰς
871 2815 972 2855 ψυχὰς
990 2815 1176 2857 ἀπείργομες
1201 2817 1327 2858 ψευδέσι
1347 2816 1399 2847 λό-

352 2871 435 2900 γοις,
452 2860 478 2891 εί
495 2872 537 2891 κα
557 2862 598 2900 μὴ
621 2862 733 2900 ἄγηται
746 2862 883 2893 ἀλαθέσι.
900 2863 1048 2902 Αέγοιντο
1062 2862 1088 2893 δ’
1106 2864 1141 2894 ἂν
1154 2863 1330 2902 ἀναγκαίως
1347 2864 1399 2895 καὶ

353 2907 497 2948 τιμωρίαι
516 2908 595 2943 ξέναι
610 2931 619 2945 ,
634 2910 676 2944 ὡς
691 2909 935 2949 μετενδυομένων
958 2911 1014 2940 τᾶν
1027 2910 1130 2949 ψυχᾶν
1147 2913 1208 2941 τῶν
1223 2911 1277 2950 μὲν
1292 2911 1399 2942 δειλῶν

353 2954 380 2989 ἐς
394 2955 541 2993 γυναικεά
557 2955 675 2986 σκάνεα
691 2954 760 2986 ποθ’
776 2955 861 2996 ι’)’ὅριν
877 2955 1057 2994 ἐκδιδὸμενα
1069 2980 1077 2993 ,
1095 2960 1158 2987 τῶν
1181 2957 1214 2987 δὲ
1230 2958 1399 2997 μιαιφόνων

353 3001 381 3035 ἐς
397 3000 508 3039 θηρίων
525 3001 662 3040 σώματα
675 3002 747 3032 ποτὶ
761 3002 889 3033 κόλασιν
900 3026 908 3040 ,
922 3003 1041 3040 λάγνων
1056 3002 1081 3033 δ’
1097 3003 1125 3038 ἐς
1141 3007 1224 3034 συῶν
1238 3005 1257 3041 ἢ
1271 3005 1399 3044 κάπρων

353 3047 466 3088 μορφάς
478 3072 486 3086 ‚
502 3047 625 3088 κούφων
644 3048 676 3079 δὲ
691 3049 743 3079 καὶ
765 3049 926 3089 μετεώρων
945 3049 974 3084 ἐς
992 3052 1117 3085 πτηνῶν
1136 3049 1331 3091 ἀεροπόρων,
1347 3051 1400 3092 ἀρ-

352 3097 416 3133 γῶν
430 3095 463 3125 δὲ
485 3095 536 3125 καὶ
555 3094 720 3135 ἀπράκτων
733 3095 862 3136 ἀμαθῶν
879 3106 911 3126 τε
922 3096 973 3126 καὶ
987 3096 1126 3133 ἀνοήτων
1145 3096 1174 3132 ἐς
1187 3097 1242 3127 τὰν
1259 3100 1320 3128 τῶν
1335 3098 1400 3129 ἐνύ-

353 3142 433 3180 δρων
447 3142 542 3173 ἰδέαν.
570 3142 629 3172 Hic
655 3142 749 3181 igitur
765 3143 819 3180 τὴν
847 3143 1125 3183 μετενσωμάτωσιν
1155 3145 1193 3173 ad
1213 3143 1359 3175 homines
1380 3154 1399 3177 a

354 3189 437 3220 vitiis
454 3189 678 3220 absterrendos
694 3198 871 3230 eorumque
891 3198 995 3220 mores
1008 3190 1223 3221 emendandos
1238 3186 1398 3224 inventam

353 3236 542 3266 existimans
566 3235 650 3267 tollit
667 3236 730 3267 vim
759 3237 933 3275 dogmatis,
953 3236 1014 3267 nisi
1041 3236 1121 3267 sorte
1139 3237 1206 3267 harc
1232 3237 1338 3277 opinio
1358 3247 1398 3270 ex

355 3281 406 3311 illa
422 3283 567 3312 veterum
588 3282 794 3321 persuasione
813 3284 883 3313 orta
902 3283 969 3320 est,
983 3291 1080 3322 quani
1100 3283 1260 3314 Philolaus
1276 3292 1397 3315 memo-

356 3331 403 3357 rat
419 3327 503 3365 apud
523 3328 722 3359 Clementem
745 3330 864 3360 Strom.
879 3331 922 3360 lll
943 3339 972 3367 p.
991 3331 1052 3361 433
1070 3329 1123 3369 (cs.
1141 3329 1215 3362 adn.
1235 3332 1272 3361 57
1287 3331 1343 3370 >et
1359 3331 1397 3362 ad

356 3382 502 3405 arcanam
537 3375 738 3414 quorundam
770 3376 1052 3415 Pythagoricorum
1082 3371 1284 3415 disciplinam
1320 3378 1397 3409 refe-

358 3420 464 3451 renda.
480 3439 520 3446 —
537 3421 602 3462 (69)
620 3422 767 3453 Clemens
785 3422 875 3453 Alex.
897 3424 1013 3453 Strom.
1033 3422 1087 3454 lib.
1103 3425 1173 3463 Vp.
1189 3425 1261 3455 604.
1280 3442 1320 3448 -
1332 3424 1396 3465 (70)

356 3466 439 3498 Vide
466 3468 539 3499 adn.
558 3470 610 3499 3'1.
630 3468 719 3501 Adde
745 3469 814 3500 hoec
831 3469 935 3500 Procli
966 3469 1061 3501 verba
1079 3469 1108 3501 in
1127 3470 1284 3501 Timarum
1303 3480 1334 3511 p.
1356 3475 1395 3503 92

1263 249 1328 286 DE
1361 249 1678 289 PYTHAGORA

1469 337 1701 374 carentibus.
1741 336 1796 373 De
1829 349 1906 385 quo
1945 344 2172 384 argumento
2204 337 2319 388 plura
2350 337 2434 376 dixi
2469 339 2513 378 in

1468 396 1790 434 commentatione
1804 407 1888 445 qua:
1910 394 2153 445 Empedoclis
2170 396 2348 448 reliquiis
2361 411 2514 450 praepo·

1469 455 1541 492 sita
1560 463 1631 491 cst.
1652 453 1737 491 Vid.
1755 452 1901 491 Philos.
1917 452 2040 491 Graec.
2058 452 2194 503 fragm.
2216 454 2294 493 vol.
2313 454 2327 492 Ι
2346 469 2384 507 p.
2403 455 2516 494 Xlll·

1468 512 1623 549 xxvii.
1646 511 1838 555 Quocirca
1856 510 2097 562 Pythagoras
2127 511 2205 561 (74)
2233 521 2355 551 totum
2385 527 2512 552 aerem

1469 573 1625 623 plenum
1643 584 1726 608 esse
1745 572 1960 608 animarum
1979 570 2178 608 contendit
2198 584 2284 622 quae
2298 585 2370 623 pro
2390 575 2515 622 geniis

1468 638 1505 667 et
1524 629 1712 667 heroibus
1739 629 1990 678 haberentur,
2012 627 2061 666 ab
2081 629 2209 679 iisque
2236 630 2388 668 somnia
2412 645 2516 670 mor-

1469 687 1689 738 borumque
1709 697 1745 725 et
1766 700 1964 739 prosperae
1995 687 2232 726 valetudinis
2254 690 2366 738 signa
2389 688 2517 729 homi-

1471 746 1588 785 nibus
1621 746 1768 798 objici,
1791 759 1917 798 neque
1948 747 2073 784 solum
2096 746 2340 792 hominibus,
2380 761 2515 787 verum

1469 807 1583 844 etiam
1600 805 1816 858 pecudibus
1833 814 1870 843 et
1887 804 2260 856 reliquisjumentis.
2279 805 2384 852 Quin
2399 807 2515 847 etiam

1469 866 1515 903 ad
1537 866 1606 904 hos
1621 866 1754 915 genios
1775 865 1911 903 referri
1925 865 2049 903 voluit
2069 874 2147 903 tum
2167 865 2415 904 lustrationes
2435 874 2515 905 tum

1469 925 1655 963 scelerum
1689 924 1950 974 expiationem
1972 923 2336 974 divinationemque
2360 938 2514 964 omnem

1469 992 1505 1021 et
1521 984 1653 1022 omina
1666 992 1703 1022 et
1722 993 1858 1021 caetera
1870 982 1910 1020 id
1924 995 2059 1032 genus.
2080 982 2323 1021 Divinationi
2339 976 2516 1033 magnam

1469 1044 1733 1080 auctoritatem
1752 1042 1990 1093 Pythagoras
2012 1041 2089 1093 (75)
2117 1041 2279 1088 tribuit,
2305 1043 2374 1093 qui
2399 1043 2515 1081 etiam

1469 1102 1552 1152 ipse
1586 1115 1709 1150 augur
1738 1114 1820 1139 esse
1852 1100 1979 1139 vellet.
2012 1100 2146 1151 Itaque
2187 1102 2301 1138 etiam
2339 1114 2419 1150 quo
2474 1102 2516 1140 in

1469 1160 1616 1197 somnis
1648 1160 1816 1197 certiora
1839 1159 2063 1205 videamus,
2092 1167 2326 1210 praeparatos
2347 1159 2516 1209 quodam

1469 1220 1573 1256 cultu
1597 1227 1710 1270 atque
1735 1219 1843 1256 victu
1875 1218 2071 1269 proficisci
2091 1218 2139 1255 ad
2160 1217 2432 1256 dormiendum
2457 1219 2519 1270 ju·

1469 1277 1532 1315 bet
1553 1276 1647 1329 (76).
1671 1276 1731 1314 Ab
1748 1277 1882 1315 eodem
1899 1276 2127 1315 doctissimo
2146 1277 2235 1314 viro
2254 1276 2353 1315 illud
2373 1276 2517 1316 dictum

1468 1345 1544 1383 est,
1567 1345 1647 1373 tum
1669 1336 1837 1373 maxime
1856 1344 1894 1373 et
1914 1336 2093 1386 pietatem
2115 1344 2153 1372 et
2173 1335 2401 1384 religionem
2424 1349 2518 1374 ver-

1468 1396 1545 1432 sari
1561 1396 1601 1432 in
1621 1395 1762 1432 animis
1778 1422 1788 1441 ,
1806 1407 1925 1445 quum
1942 1393 2058 1431 rebus
2075 1393 2223 1432 divinis
2237 1393 2414 1432 homines
2430 1407 2517 1446 ope-

1468 1468 1546 1491 ram
1582 1454 1717 1492 darent
1737 1453 1829 1505 (77).
1855 1453 1979 1491 Porro
2007 1453 2131 1493 vetuit
2153 1453 2336 1491 mortales
2363 1451 2518 1504 injussu

1468 1513 1721 1564 Imperatoris
1734 1542 1744 1560 ‚
1769 1513 1810 1550 id
1830 1520 1888 1550 est
1906 1512 2000 1559 Dei,
2020 1511 2068 1548 de
2091 1511 2274 1562 praesidio
2295 1520 2333 1549 et
2352 1512 2518 1551 statione

1467 1573 1558 1610 vitae
1574 1572 1759 1610 decedere
1776 1571 1875 1622 (78).
1898 1569 2094 1608 Carnibus
2113 1569 2217 1608 vesci
2232 1582 2318 1607 cum
2338 1570 2422 1621 ipse
2447 1584 2516 1609 no·

1468 1630 1563 1677 luit,
1614 1639 1693 1667 tum
1731 1628 1931 1667 sodalibus
1965 1629 2047 1666 suis
2090 1627 2282 1666 abstinere
2319 1627 2516 1679 ejusmodi

1467 1689 1650 1728 edulibus
1670 1689 1884 1741 persuasit,
1906 1700 2090 1726 exercens
2115 1696 2153 1725 et
2172 1687 2431 1726 assuefaciens
2450 1701 2516 1727 eos

1467 1748 1514 1785 ad
1538 1749 1690 1786 facilius
1721 1747 1881 1786 vivendi
1910 1759 2052 1796 genus,
2075 1755 2117 1784 ut
2147 1747 2330 1784 alimenta
2364 1759 2517 1798 semper

1466 1807 1661 1858 parabilia
1683 1807 1870 1857 haberent
1884 1835 1894 1853 ‚
1928 1807 2075 1857 quippe
2104 1805 2171 1856 qui
2206 1805 2316 1843 cibos
2350 1805 2515 1844 flammae

1467 1880 1545 1904 non
1578 1866 1733 1916 indigos
1760 1874 1957 1904 sumerent
1994 1874 2031 1902 et
2062 1864 2254 1915 simplicis
2283 1878 2393 1916 aquae
2419 1874 2515 1918 potu

1467 1928 1636 1964 contenti
1660 1934 1797 1964 essent.
1819 1925 1919 1963 Hinc
1940 1925 2043 1962 enim
2061 1932 2098 1961 et
2117 1924 2294 1975 corporis
2313 1924 2515 1963 sanitatem

1466 1995 1503 2023 et
1527 1985 1675 2034 ingenii
1694 1997 1856 2022 acumen
1884 1983 1981 2021 oriri
2002 1982 2097 2035 (79).
2117 1982 2263 2021 Carnes
2280 1991 2408 2021 autem
2424 1996 2517 2035 epu·

1467 2045 1600 2082 landas
1615 2057 1697 2082 esse
1712 2043 1894 2092 negavit,
1917 2055 1965 2080 ne
1982 2042 2071 2093 quis
2091 2050 2345 2091 cognatorum
2367 2042 2515 2081 anima-

1467 2207 1490 2235 E
1510 2217 1516 2236 :
1532 2205 1566 2235 τὸ
1584 2205 1616 2236 δὲ
1638 2204 1712 2244 μηδὲ
1732 2203 1859 2244 εὑρόντα
1879 2203 2008 2234 δυνατὸν
2024 2202 2103 2233 εἶναι
2122 2201 2221 2241 λέγειν
2242 2200 2325 2241 τάχα
2341 2201 2397 2241 μὲν
2409 2202 2516 2235 καὶτὸ

1465 2255 1526 2282 τῶν
1543 2251 1764 2291 Πυθαγορείων
1782 2251 1848 2286 ἔθος
1867 2250 2019 2281 ἐδείκνυτο
2041 2249 2098 2287 ἄν,
2112 2249 2141 2280 οἳ
2155 2249 2224 2284 τοὺς
2242 2249 2311 2290 περὶ
2337 2251 2402 2279 τῶν
2424 2248 2515 2280 θείων

1464 2297 1574 2336 λόγους
1595 2297 1788 2338 ἀποῤῥήτους
1802 2297 1889 2338 εἶχον
1909 2296 2012 2327 καὶού
2024 2295 2099 2336 πρὸς
2115 2294 2231 2331 πάντας
2253 2294 2425 2335 διελέγοντο
2445 2297 2515 2338 περὶ

1465 2346 1567 2376 αὐτῶν
1581 2354 1587 2359 “
1603 2345 1641 2375 τὰ
1653 2345 1711 2385 γὰρ
1726 2347 1789 2375 τῶν
1807 2344 1931 2376 πολλῶν
1952 2343 2081 2383 ὄμματα
2101 2346 2260 2384 καρτερεῖν
2283 2343 2358 2383 πρὸς
2379 2344 2416 2376 τὸ
2441 2344 2515 2384 ἀλη-

1465 2393 1511 2426 θὲς
1526 2392 1688 2433 ἀφορῶντα
1702 2391 1853 2423 ἀδύνατόν
1876 2402 1969 2431 φησιν
1983 2391 2001 2421 ὁ
2014 2390 2159 2427 Ἐλεάτης
2183 2390 2276 2427 ξένος.
2300 2390 2391 2432 Τάχα
2409 2391 2443 2423 δὲ
2461 2393 2514 2425 καὶ

1463 2443 1554 2471 τοῦτο
1570 2441 1652 2480 λέγοι
1667 2439 1704 2470 ἂν
1723 2439 1776 2470 καὶ
1790 2439 1897 2479 πολλῷ
1916 2441 2007 2470 τοῦτο
2028 2437 2212 2479 σεμνότερον
2224 2462 2232 2476 ,
2253 2438 2300 2470 ὅτι
2315 2438 2368 2471 τὸν
2385 2440 2515 2481 εὑρόντα

1463 2487 1561 2529 λέγειν
1578 2489 1620 2524 ὡς
1648 2487 1710 2518 εἶδε
1735 2486 1811 2528 πρός
1827 2497 1911 2522 τινας
1931 2486 2089 2517 ἀδύνατον.
2102 2502 2143 2508 —-
2163 2485 2230 2526 (71)
2245 2486 2404 2525 Diogenes
2419 2490 2512 2521 Laer-

1466 2533 1529 2564 tius
1555 2533 1609 2564 lib.
1630 2534 1722 2573 vlll,
1740 2534 1811 2564 4-5.
1831 2532 1925 2563 Ovid.
1954 2532 2170 2571 Metamorph.
2194 2532 2248 2563 lib.
2274 2534 2346 2572 XV,
2369 2542 2416 2565 vs.
2455 2540 2512 2568 152

1464 2588 1552 2620 seqq.
1570 2580 1720 2612 Horatius
1732 2581 1840 2612 carm.
1862 2579 1918 2612 lib.
1935 2581 1962 2617 Ι,
1988 2582 2037 2611 28.
2059 2599 2101 2606 -
2115 2579 2179 2618 (72)
2196 2579 2287 2612 Alex.
2317 2580 2511 2621 polyhistor.

1464 2627 1556 2667 Apud
1575 2627 1705 2666 Diogen.
1725 2629 1830 2659 Laert.
1849 2627 1902 2658 lib.
1925 2628 2015 2664 VlII,
2039 2630 2090 2658 31.
2107 2625 2182 2657 Vid.
2202 2626 2275 2658 adn.
2292 2630 2344 2659 55.
2367 2645 2411 2651 —
2434 2628 2513 2669 (73)

1463 2675 1548 2705 auct.
1564 2683 1633 2704 aur.
1646 2682 1744 2705 carm.
1766 2683 1814 2705 vs.
1831 2675 1923 2706 70-71
1945 2685 1951 2704 ε
1967 2675 2004 2711 ἢν
2017 2673 2042 2704 δ’
2063 2673 2235 2713 ἀπαλείψας
2254 2676 2349 2713 σῶμα
2365 2674 2395 2710 ἐς
2415 2675 2510 2715 αἰθέρ’

1463 2721 1618 2763 ἐλεύθερον
1647 2721 1750 2760 ἔλθῃς,
1780 2721 1888 2752 ἔσσεαι
1911 2719 2060 2755 ἀθάνατος
2089 2719 2175 2758 θεὸς,
2193 2719 2365 2761 ἅμὸροτος,
2389 2721 2446 2752 οὐκ
2468 2722 2513 2755 ἔτι

1464 2768 1581 2805 θνητὸς.
1594 2768 1714 2808 --(74)
1729 2767 1860 2806 Diogen.
1883 2769 1986 2799 Laert.
2000 2766 2056 2798 lib.
2076 2767 2162 2806 vni,
2182 2770 2220 2798 32
2240 2779 2248 2798 :
2266 2766 2344 2798 εἷναί
2363 2779 2398 2799 τε
2412 2767 2514 2801 πάντα

1463 2815 1514 2846 τὸν
1529 2815 1604 2856 ἀέρα
1620 2816 1731 2856 ψυχῶν
1749 2814 1890 2855 ἔμπλεων
1901 2823 1908 2830 ·
1923 2814 1975 2845 καὶ
1991 2813 2118 2849 τούτους
2134 2812 2279 2852 δαίμονάς
2290 2824 2326 2845 τε
2343 2814 2396 2845 καὶ
2409 2815 2513 2856 ἥρωας

1462 2862 1656 2903 νομίζεσθαι·
1683 2862 1738 2894 καὶ
1763 2862 1826 2894 ὑπὸ
1852 2862 1972 2892 τούτων
1996 2861 2174 2901 πέμπεσθαι
2193 2860 2365 2902 ἀνθρώποις
2386 2861 2458 2898 τούς
2479 2873 2513 2894 τε

1462 2910 1595 2951 ὀνείρους
1616 2910 1669 2941 καὶ
1691 2909 1730 2940 τὰ.
1747 2911 1864 2947 σημεῖα
1884 2907 1979 2940 νόσου
1999 2918 2033 2939 τε
2052 2908 2105 2939 καὶ
2130 2907 2265 2946 ὑγιείας·
2284 2908 2337 2939 καὶ
2362 2909 2400 2940 οὐ
2419 2908 2513 2949 μόνον

1463 2957 1633 2998 ἀνθρώποις
1646 2981 1654 2996 ,
1669 2956 1747 2988 ἀλλὰ
1760 2955 1814 2987 καὶ
1833 2955 1998 2995 προὸάτοις
2016 2954 2069 2985 καὶ
2086 2957 2150 2991 τοῖς
2166 2954 2268 2990 ἄλλοις
2290 2954 2448 2990 κτήνεσιν·
2467 2955 2512 2991 εἷς

1461 3015 1494 3035 τε
1513 3004 1639 3040 τούτους
1661 3003 1797 3043 γίνεσθαι
1817 3002 1887 3038 τούς
1906 3013 1940 3033 τε
1965 3001 2142 3042 καθαρμοὺς
2158 3002 2213 3032 καὶ
2237 3001 2513 3041 ἀποτροπιασμοὺς

1464 3051 1613 3090 μαντικήν
1623 3061 1657 3082 τε
1675 3053 1780 3082 πᾶσαν
1796 3049 1849 3080 καὶ
1866 3048 2017 3086 κληδόνας
2041 3048 2095 3079 καὶ
2117 3048 2157 3079 τὰ
2173 3048 2278 3088 ὅμοια.
2298 3066 2340 3074 -
2365 3048 2431 3089 (75)
2456 3050 2511 3080 Ci-

1462 3106 1534 3129 ccro
1554 3098 1594 3129 de
1620 3098 1684 3130 div.
1708 3098 1734 3138 1,
1756 3101 1787 3128 3.
1805 3113 1846 3120 -—
1863 3097 1941 3135 (76)
1959 3095 2074 3127 Cicero
2093 3094 2133 3126 de
2154 3093 2221 3125 div.
2241 3096 2286 3131 II,
2316 3097 2364 3126 58.
2384 3112 2427 3118 —
2444 3095 2511 3136 (77)

1462 3144 1576 3176 Cicero
1594 3144 1634 3176 de
1649 3145 1727 3184 legg.
1748 3143 1804 3175 lib.
1830 3143 1879 3180 11,
1897 3151 1966 3183 cap.
1990 3144 2038 3174 ¹1.
2060 3159 2102 3164 —
2117 3141 2183 3181 (78)
2201 3141 2312 3173 Cicero
2325 3141 2366 3173 de
2384 3143 2510 3174 senect.

1462 3199 1532 3231 cap.
1553 3195 1603 3223 20.
1623 3209 1664 3214 —
1684 3191 1749 3231 (79)
1770 3189 1928 3227 Diogenes
1954 3189 2099 3221 Laertius
2115 3188 2169 3219 lib.
2190 3189 2281 3225 vm,
2307 3186 2343 3220 13
2367 3196 2376 3219 ε
2402 3191 2512 3220 τοῦτον

1460 3238 1519 3279 γὰρ
1547 3239 1600 3270 καὶ
1626 3240 1661 3270 τὸ
1677 3238 1812 3279 φονεύειν
1831 3236 2054 3277 ἀπαγορεύειν,
2072 3236 2115 3276 μὴ
2135 3235 2183 3267 ὅτι
2203 3246 2238 3272 γε
2266 3234 2418 3268 ἅπτεσθαι
2447 3238 2510 3266 τῶν

1461 3286 1550 3326 ζῴων
1567 3287 1670 3317 κοινὸν
1683 3286 1802 3317 δίκαιον
1819 3286 1892 3325 ἡμῖν
1904 3283 2040 3324 ἐχόντων
2059 3283 2173 3323 ψυχῆς.
2194 3282 2255 3313 Καὶ
2267 3282 2338 3313 τόδε
2354 3282 2408 3322 μὲν
2421 3281 2458 3320 ἦν
2474 3282 2511 3314 τὸ

1460 3332 1652 3373 πρόσχημα·
1670 3333 1705 3364 τὸ
1728 3332 1754 3364 δ’
1774 3332 1902 3369 ἀληθές,
1928 3333 1990 3361 τῶν
2013 3329 2163 3370 ἐμψύχων
2196 3328 2390 3369 ἀπηγόρευεν
2412 3328 2508 3360 ἅπτε-

1460 3379 1531 3408 σθαι
1544 3402 1553 3417 ,
1566 3382 1731 3410 συνασκῶν
1745 3378 1799 3409 καὶ
1819 3376 1983 3414 συνεθίζων
1999 3377 2042 3412 εἰς
2060 3375 2204 3407 εὐκολίαν
2220 3375 2289 3416 βίου
2301 3375 2373 3411 τοὺς
2390 3375 2508 3415 ἀνθρώ-

1459 3434 1552 3461 πους·
1582 3427 1664 3457 ὥστε
1696 3425 1896 3466 εὐπορίστους
1923 3423 2030 3459 αὐτοῖς
2061 3423 2138 3454 εἶναι
2158 3422 2213 3459 τὰς
2244 3422 2372 3462 τροφάς,
2404 3422 2508 3463 ἄπυρα

1460 3473 1716 3515 προσφερομένοις
1739 3472 1791 3503 καὶ
1812 3471 1895 3523 λιτὸν
1921 3471 2004 3511 ὕδωρ
2025 3470 2177 3502 πίνουσιν.
2194 3468 2354 3501 Ἐντεῦθεν
2377 3468 2436 3509 γὰρ
2455 3469 2506 3501 καὶ
