2606 3828
274 211 346 246 250

196 283 228 320 N!
270 283 405 317 essentia
416 283 543 326 quidem
556 282 687 324 alicuius
702 282 745 315 rel
759 281 934 314 substantia
946 280 1013 320 est;
1027 279 1161 321 qualitas
1176 279 1293 318 autem,

270 352 343 384 quoe
362 342 455 375 rebus
472 342 682 376 substantiam
699 340 887 374 habentibus
908 337 1063 378 contingit
1078 346 1115 369 ac
1141 337 1295 379 provenit.

270 401 302 434 Si
322 401 546 440 observemus,
560 402 596 433 ut
612 409 747 441 semper,
761 398 883 440 quoties
900 400 1044 429 naturam
1061 396 1154 427 istam
1175 395 1298 436 penitus

271 459 528 500 introspicimus,
548 459 732 499 partemque
751 457 841 488 aliam
862 456 930 495 ejus
954 453 1098 485 videmus
1122 453 1257 485 deiicere
1278 462 1297 484 a

271 525 323 557 se,
337 518 370 548 et
388 516 418 548 iu
435 516 528 548 aliam
549 516 710 547 materiam
727 514 877 552 migrare,
895 513 929 543 ut
944 512 1020 552 puta
1036 511 1139 551 ignem
1151 535 1161 552 ,
1179 519 1243 543 non
1263 511 1299 544 ut

271 575 417 607 constans
433 572 568 614 aliquid,
587 574 618 605 et
642 580 764 611 semper
789 570 891 610 idem,
910 571 994 601 certa
1021 569 1218 610 pronominis
1245 578 1298 611 ap-

271 632 438 674 pellatione
449 633 670 669 monstremus,
681 629 822 661 dicentes
834 627 909 667 hoc,
919 627 968 659 vel
983 627 1074 660 illud
1081 637 1093 670 ,·
1103 627 1171 659 haec
1182 626 1299 668 quippe

272 690 457 732 pronomina
474 690 548 722 sunt
566 687 709 721 essentiae
727 687 814 726 signa
826 710 834 725 ,
850 685 905 717 sed
928 685 981 718 illo
1005 685 1105 726 magis
1125 688 1253 718 utamur
1266 685 1299 719 in

271 748 550 787 demonstratione,
561 745 645 786 quod
658 746 705 776 est
721 743 882 784 proprium
900 743 1080 783 qualitatis;
1092 743 1299 784 dicamusque

270 817 331 840 non
343 806 414 846 hoc,
432 805 485 838 sed
499 805 602 846 potius
617 803 705 842 tate3
716 810 774 834 nec
789 801 894 842 illud,
907 801 962 834 sed
975 801 1078 843 potius
1093 801 1297 841 illiusmodi,

270 866 319 897 vel
342 861 547 903 hujusmodi.
591 862 699 900 Neque
718 859 803 891 enim
820 858 902 899 ignis
925 867 1022 899 quam
1042 858 1159 899 patitur
1181 858 1298 890 immu-

211 908 217 914 ⁰
270 922 419 955 tationem
433 920 554 961 jactura
567 919 615 950 est
631 917 774 950 essentiae
786 940 794 956 ,
814 916 870 949 sed
894 916 1067 957 qualitatis.
1111 917 1192 948 Cum
1218 916 1299 956 ignis

270 981 304 1012 tit
330 988 394 1018 aer,
422 978 533 1011 transit
561 976 594 1008 in
625 975 804 1014 diversam,
833 974 1086 1016 contrariamve,
1117 974 1297 1007 materiam.

269 1038 398 1071 Certum
428 1037 476 1069 est
503 1034 677 1076 siquidem,
694 1033 864 1066 essentiam
892 1033 970 1065 nihil
993 1033 1025 1065 in
1044 1041 1079 1066 se
1102 1032 1162 1065 sibi
1182 1033 1299 1066 babere

268 1095 473 1134 contrarium,
488 1092 542 1126 sed
557 1092 663 1134 potius
676 1092 761 1124 circa
776 1091 910 1124 eandem
928 1092 1096 1125 essentiam
1114 1101 1164 1125 res
1179 1092 1299 1124 versari

267 1153 449 1187 contrarias.
472 1154 582 1192 Itaque
600 1151 784 1191 conversio,
799 1151 1092 1192 commutatioque,
1116 1151 1152 1184 fit
1171 1160 1235 1184 non
1251 1160 1299 1184 es-

269 1211 389 1250 sentiae,
406 1209 459 1242 sed
478 1208 648 1250 qualitatis,
665 1208 697 1240 in
713 1216 776 1250 qua
792 1209 824 1252 et
842 1207 1019 1248 diversitas,
1033 1209 1065 1240 et
1078 1208 1297 1249 contrarietas,

265 1268 434 1301 invenitur.
477 1266 594 1300 Eadem
614 1266 693 1299 ratio
711 1260 765 1299 est
775 1267 962 1299 caeterorum
978 1275 1106 1308 quoque
1122 1267 1296 1299 elemento-

265 1337 346 1361 rum.
389 1327 515 1368 Quippe
532 1325 609 1358 nihil
633 1334 743 1358 eorum
767 1325 863 1358 habet
880 1325 1051 1358 essentiam
1068 1326 1226 1367 propriam
1238 1350 1247 1366 ,
1265 1327 1299 1358 et

264 1394 322 1418 nos
341 1383 562 1427 praesumimus
577 1392 618 1416 ex
634 1382 865 1416 consuetudine
880 1382 925 1415 uti
944 1383 1214 1416 demonstratione
1227 1392 1298 1425 pro-

265 1443 427 1476 nominum
443 1451 551 1475 eorum
567 1450 639 1483 quae
656 1441 730 1473 sunt
747 1441 909 1480 essentiae,
922 1449 997 1473 cum
1014 1440 1157 1482 qualitati
1171 1451 1298 1475 accom-

265 1501 401 1534 modatis
413 1499 653 1542 pronominibus
667 1499 821 1532 utendum
836 1500 946 1540 potius
963 1499 1017 1532 sit.
1061 1501 1192 1541 Semper
1201 1501 1298 1540 enim,

265 1560 297 1591 et
313 1559 381 1591 sine
399 1557 629 1590 intermissione
647 1556 742 1590 ullius
759 1557 931 1598 temporis,
947 1557 1051 1590 ssuunt
1067 1557 1137 1590 haec
1163 1559 1301 1599 quatuor

267 1625 420 1658 corpora;
436 1616 588 1658 priusque
605 1625 644 1648 ex
660 1616 866 1648 conversione
884 1616 1058 1655 mutantur,
1083 1625 1179 1657 quam
1207 1619 1301 1650 erunt

266 1675 485 1716 cognominata
503 1686 511 1707 z
528 1683 617 1707 more
633 1675 793 1713 torrentis,
807 1674 1011 1707 irrefrenabili
1028 1675 1165 1716 quodam
1181 1675 1298 1717 impetu

266 1732 455 1774 proruentis.

306 1791 365 1824 Ἀεὶ
381 1790 398 1822 ὃ
413 1791 591 1832 καθορῶμεν
605 1789 712 1822 ἄλλοτε
721 1789 795 1831 ἄλλῃ
810 1789 998 1831 γιγνόμενον,
1015 1791 1056 1827 ὡς
1069 1793 1142 1833 πῦρ,
1158 1792 1199 1832 μή
1209 1794 1300 1824 τοῦτο

267 1849 344 1881 ἀλλὰ
367 1850 403 1881 τὸ
421 1852 559 1881 τοιοῦτον
581 1848 727 1881 ἑκάστοτε
753 1849 990 1891 προσαγορεύειν
1016 1852 1096 1891 πῦρ,
1115 1850 1191 1891 μηδὲ
1218 1851 1300 1892 ὕδωρ

266 1910 356 1940 τοῦτο
371 1907 448 1940 ἀλλὰ
465 1908 500 1940 τὸ
515 1910 653 1940 τοιοῦτον
668 1907 726 1940 ἀεί.
963 1948 966 1953 ¹

309 1967 501 1999 CCCXXIV.
526 1967 671 2008 ltaque,
684 1966 802 2008 inquit,
819 1968 908 2008 tynis
924 1969 1002 2008 iste,
1019 1969 1079 2009 qui
1096 1967 1187 2000 velut
1201 1976 1300 2001 exsu-

269 2024 357 2057 dans
373 2025 409 2056 in
430 2032 548 2056 aereas
570 2032 676 2056 auras
696 2023 913 2064 dissolvitur,
927 2032 1006 2057 cum
1030 2024 1204 2057 instabilis
1227 2033 1300 2058 mu·

268 2082 452 2124 tabilisque
461 2084 519 2122 sit,
533 2090 593 2114 nec
606 2081 731 2115 habeat
742 2084 948 2123 perpetuam
955 2084 1217 2123 proprietatem,
1233 2091 1299 2116 non

269 2143 320 2173 est
333 2141 421 2182 iqnis
435 2140 622 2172 censendus
634 2164 644 2180 ‚
658 2139 716 2172 sed
729 2142 867 2181 iqneum
886 2140 1066 2182 quiddam.
1110 2143 1200 2181 Nec,
1225 2149 1302 2183 quae

270 2198 446 2231 exhalatis
471 2198 655 2239 vaporibus
677 2200 714 2230 in
742 2207 849 2232 auras
873 2208 969 2241 aqua
996 2201 1157 2241 vertitur,
1176 2200 1302 2233 humor

269 2259 320 2289 est
341 2255 594 2297 nuncupanda,
613 2255 672 2288 sed
687 2256 869 2289 humidum
887 2257 984 2299 quid.

311 2318 434 2348 Gaetera
452 2315 607 2349 similiter.
651 2316 693 2348 Et
705 2317 888 2357 exsequitur
904 2328 913 2349 ι

313 2374 363 2406 Ἐν
386 2374 412 2418 ᾧ
437 2374 469 2406 δὲ
487 2374 686 2416 ἐγγιγνόμενα
713 2375 760 2407 ἀεὶ
786 2376 903 2407 ἕκαστα
927 2376 1028 2408 αὐτῶν
1046 2371 1224 2418 φαντάζεται
1250 2378 1303 2410 καὶ

271 2432 361 2464 πάλιν
377 2433 488 2465 ἐκεῖθεν
513 2433 680 2465 ἀπόλλυται
690 2457 700 2474 ,
715 2434 806 2475 μόνον
824 2434 924 2467 ἐκεῖνο
944 2434 984 2466 αὖ
1003 2436 1240 2478 προσαγορεύειν
1258 2439 1304 2477 τῷ

274 2502 306 2522 τε
319 2493 411 2522 τοῦτο
423 2491 474 2522 καὶ
487 2494 532 2531 τῷ
544 2490 614 2523 τόδε
626 2493 882 2533 προσχρωμένους
895 2493 1033 2535 ὀνόματι.

313 2550 357 2580 At
371 2557 450 2580 vero
466 2550 522 2587 ia,
539 2556 574 2580 m
590 2557 655 2589 quo
665 2548 748 2588 fieri
774 2549 936 2582 videntur
951 2551 1020 2583 haec
1037 2554 1164 2584 cuncta
1183 2553 1303 2594 singil-

278 2605 390 2645 latim,
405 2607 438 2637 et
452 2604 588 2638 demum
601 2605 749 2644 dissolvi,
760 2610 1009 2650 pereuntiaque
1019 2609 1066 2642 ad
1081 2610 1174 2642 alias
1188 2613 1305 2643 trans-

275 2662 472 2702 iresormas.
493 2663 611 2695 Silvam
621 2663 739 2696 scilicet
745 2665 855 2697 solum
865 2665 956 2698 illud
964 2667 1210 2708 appellandum
1221 2672 1304 2710 puto

276 2723 366 2753 certo
376 2723 762 2764 pronomine:recceque
780 2722 822 2755 de
837 2732 873 2756 eo
882 2724 948 2757 dici
957 2733 1053 2766 posse
1063 2726 1125 2759 hoc
1135 2728 1189 2760 vel
1209 2728 1301 2762 illud.

318 2778 441 2811 Merito.
480 2778 552 2811 Sola
581 2779 665 2811 enim
696 2779 784 2820 haec,
801 2783 837 2813 ut
859 2782 952 2823 cuius
979 2784 1065 2816 nulla
1091 2786 1226 2827 qualitas
1245 2788 1306 2829 sit,

278 2837 430 2877 nullaque
443 2836 554 2878 forma,
564 2837 665 2871 necin
675 2839 849 2872 contrarias
858 2842 1036 2884 qualitates,
1048 2853 1107 2876 nec
1120 2845 1152 2877 in
1165 2845 1308 2880 diversas

278 2895 408 2935 formas,
422 2894 539 2935 patitur
557 2896 796 2929 conversionem
812 2910 821 2930 z
839 2900 871 2931 et
886 2900 958 2939 quia
973 2910 1096 2943 semper
1111 2904 1221 2937 eadem
1238 2913 1308 2937 ma·-

279 2955 346 2992 net,
363 2954 450 2985 certo
468 2953 596 2985 nomine
615 2954 767 2995 appellari
781 2955 870 2988 tirme
885 2959 999 2997 potest.
1038 2962 1140 3002 Atque
1158 2964 1194 2995 ut
1214 2972 1308 2996 omne

281 3011 426 3043 nubilum
441 3011 594 3043 naturalis
611 3011 781 3045 discuteret
802 3013 1022 3057 obscuritatis,
1040 3018 1183 3053 adhibito
1202 3021 1308 3062 splen·

280 3070 358 3102 dore
377 3069 509 3102 illustris
533 3069 688 3112 exempli,
705 3071 794 3111 iubet
811 3074 976 3114 concipere
1001 3075 1108 3109 animo
1126 3081 1159 3111 et
1180 3079 1310 3120 infigere

280 3126 477 3168 cogitationi,

322 3187 360 3218 Ei
373 3185 431 3226 γὰρ
444 3184 546 3218 πάντα
557 3197 602 3223 τις
616 3187 766 3228 σχήματα
777 3188 896 3226 πλάσας
910 3190 944 3222 ἐκ
965 3195 1082 3232 χρυσοῦ
1103 3195 1195 3234 μηδὲν
1216 3206 1309 3237 μετα-

280 3244 421 3277 πλάττων
439 3245 568 3278 παύοιτο
585 3245 702 3278 ἕκαστα
715 3248 757 3284 εἷς
771 3247 903 3281 ἅπαντα.

327 3303 489 3344 Opificem
500 3312 544 3336 ex
555 3312 626 3337 uno
639 3305 823 3348 eodemque
847 3315 935 3340 auro
947 3308 1147 3344 innumeras
1164 3314 1238 3346 sine
1257 3315 1310 3346 in-

286 3364 491 3396 termissione
501 3363 715 3403 formantem
729 3365 885 3407 fiquras,

983 198 1240 240 CHALCIDII
1270 196 1680 238 COMMENTARIUS

1356 278 1454 312 modo
1484 277 1677 320 pyramidis,
1703 277 1735 310 et
1758 285 1799 310 ex
1819 284 1856 309 ea
1885 283 1962 308 mox
1989 274 2150 318 octaedri,
2168 268 2318 319 dictoque
2342 277 2391 311 ci·

1359 338 1421 370 tius
1447 337 1599 370 icosaedri
1612 360 1621 375 ,
1634 338 1666 369 et
1684 336 1760 368 item
1777 333 1849 367 cubi
1871 333 1994 375 species
2006 335 2154 376 coeteras,
2167 335 2200 368 id
2211 337 2278 378 est,
2292 335 2390 372 trian-

1356 395 1501 437 gulorum
1520 396 1747 437 quadratorum
1765 392 1930 434 hemicycli
1946 393 2067 427 circuli.

1397 456 1575 493 Δεικνύντος
1588 455 1626 494 δή
1638 465 1718 491 τινος
1731 454 1832 486 αὐτῶν
1842 453 1872 484 ἑν
1882 453 1934 499 καὶ
1947 453 2184 494 προσερομὲνου,
2194 452 2224 486 τί
2232 453 2302 487 ποτ’
2312 453 2391 495 ἐστί,
2406 463 2408 466 ·

1361 517 1468 556 μακρῷ
1481 514 1556 556 πρὸς
1577 514 1720 552 ἀλήθειαν
1733 511 1964 552 ἀσφαλέστατον
1979 511 2076 543 εἰπεῖν
2091 510 2138 543 ὅτι
2160 511 2291 554 χρυσός,
2302 513 2339 546 τὸ
2360 513 2393 545 δὲ
2460 526 2475 538 ³·

1357 572 1504 613 τρίγωνον
1522 571 1583 603 ὅσα
1606 582 1638 603 τε
1661 570 1738 603 ἄλλα
1755 569 1904 610 σχήματα
1922 568 2109 610 ἐνεγίγνετο,
2126 570 2278 611 μηδέποτε
2296 571 2394 613 λέγειν

1357 633 1454 662 ταῦτα
1472 631 1513 667 ὡς
1530 630 1604 662 ὄντα
1615 653 1623 669 ,
1639 628 1659 660 ἅ
1672 639 1706 667 γε
1725 627 1835 669 μεταξὺ
1847 627 2005 669 τιθεμένου
2019 627 2219 670 μεταπίπτῃ,

1406 690 1501 721 Tunc
1525 689 1556 720 si
1583 688 1659 729 quis
1683 686 1789 719 electa
1817 685 1974 728 qualibet
1998 685 2118 729 fiyura
2144 689 2282 729 qua-rat
2309 688 2396 731 quid

1359 745 1452 779 illud
1470 748 1539 787 m,-
1555 753 1683 778 aurum
1701 753 1772 778 esse
1789 744 1992 787 responderi
2011 747 2166 787 oportere
2185 747 2316 788 censet,
2333 754 2397 782 nec

1359 807 1388 837 sl
1400 803 1620 846 pyramidem
1633 811 1705 836 esse
1718 811 1916 845 responsum
1923 804 1989 844 stt,·
2003 803 2091 837 illa
2078 812 2115 837 tn
2126 803 2395 847 allamma-am

1359 871 1452 904 mox,
1470 865 1503 896 et
1521 864 1611 895 inter
1638 863 1716 904 ipsa
1741 861 1843 895 verba
1867 863 2117 903 responsionis,
2130 864 2319 905 mim-ante,
2334 865 2396 908 qut

1357 922 1407 953 sic
1424 921 1654 961 responderit,
1669 921 1874 953 mentiatur.

1401 977 1521 1011 Eodem
1554 978 1647 1018 igitur
1674 977 1770 1010 modo
1799 986 1860 1011 nec
1887 977 2005 1020 ignem,
2029 978 2085 1020 qui
2108 979 2158 1012 eet
2179 979 2396 1021 pyramoides,

1351 1032 1464 1074 'ignem
1481 1042 1548 1066 esse
1564 1033 1826 1075 respondebimus
1837 1057 1848 1075 ,
1862 1033 1918 1067 sed
1940 1035 1990 1068 vel
2005 1034 2136 1077 ignitam
2154 1035 2245 1069 silvae
2262 1037 2396 1084 partein,

1358 1092 1408 1124 vel
1433 1092 1555 1133 igneam
1579 1092 1778 1134 qualitatem,
1797 1101 1859 1126 nec
1874 1092 2061 1126 octaedrum
2071 1093 2254 1135 spirabilem
2269 1093 2396 1135 silvam,

1360 1158 1418 1182 nec
1444 1150 1663 1191 icosaedrum,
1682 1160 1742 1184 nec
1765 1150 1904 1190 cubum.
1925 1151 1981 1185 sed
1999 1151 2182 1186 humectam
2209 1151 2313 1192 banc,
2334 1153 2396 1186 ter-

1359 1217 1468 1241 renam
1489 1209 1575 1241 illam
1587 1233 1596 1251 ‚
1615 1209 1704 1242 silvae
1720 1209 1924 1243 soliditatem.

1399 1268 1580 1302 cccxxv.
1605 1271 1669 1302 Nec
1681 1278 1758 1302 vero
1769 1268 1946 1311 putandum
1958 1270 2020 1310 est,
2032 1277 2123 1312 agere
2135 1277 2221 1303 nnnc
2231 1269 2398 1304 Platonem

1360 1326 1399 1358 de
1415 1327 1582 1359 nominum
1603 1327 1812 1369 proprietate,
1826 1327 1903 1370 quin
1918 1328 2022 1370 potius
2036 1328 2114 1361 dare
2127 1337 2276 1371 operam,
2287 1329 2325 1362 ut
2346 1337 2399 1362 as-

1359 1394 1542 1418 suescamus
1569 1386 1724 1419 sinceram
1763 1386 1878 1419 silvam
1920 1395 1994 1429 quae
2042 1395 2200 1420 concursu
2238 1387 2398 1421 variorum

1358 1452 1530 1485 corporum
1559 1444 1687 1486 tegitur,
1702 1444 1743 1478 ab
1766 1444 1941 1478 eorundem
1970 1453 2142 1487 corporum
2169 1445 2397 1488 permixtione,

1359 1503 1498 1535 sollertia
1513 1504 1628 1536 mentis
1641 1503 1851 1546 distinguere.
1895 1504 1947 1538 Ait
1961 1504 2046 1537 enim
2067 1516 2076 1537 ε

1399 1562 1438 1594 Ὁ
1451 1562 1540 1599 αὐτὸς
1557 1563 1594 1601 δὴ
1606 1562 1695 1603 λόγος
1710 1563 1843 1606 καὶπερὶ
1857 1566 1910 1602 τῆς
1923 1563 1962 1595 τὰ
1972 1563 2074 1596 πάντα
2084 1563 2252 1605 δεχομένης
2263 1563 2400 1604 σώματα

1360 1620 1479 1661 φύσεως
1491 1632 1499 1639 ·
1515 1621 1625 1654 ταύτὸν
1643 1621 1739 1660 αὐτὴν
1752 1621 1798 1653 ἀεὶ
1812 1622 2014 1664 προσρητέον.
2057 1622 2116 1654 Ἐκ
2137 1622 2195 1663 γὰρ
2214 1625 2268 1661 τῆς
2290 1622 2401 1661 ἑαυτῆς

1359 1678 1395 1710 τὸ
1411 1679 1559 1720 παράπαν
1574 1679 1630 1711 οὐκ
1645 1679 1801 1715 ἐξίσταται
1815 1679 1983 1720 δυνάμεως.
2028 1679 2158 1722 Δέχεταί
2169 1691 2203 1712 τε
2216 1680 2276 1721 γὰρ
2293 1681 2342 1713 ἀεὶ
2360 1681 2400 1712 τὰ

1360 1737 1461 1770 πάντα
1474 1739 1527 1770 καὶ
1545 1738 1659 1779 μορφὴν
1683 1737 1826 1780 οὐδεμίαν
1839 1738 1915 1771 ποτὲ
1927 1738 2026 1770 οὐδενὶ
2039 1741 2100 1770 τῶν
2113 1737 2272 1771 εἰσιόντων
2283 1738 2395 1779 ὁμοίαν

1360 1796 1480 1839 εἱληφεν
1496 1796 1616 1838 οὐδαμῇ
1632 1796 1795 1838 οὐδαμῶς.·

1404 1854 1538 1888 Eadem
1552 1856 1585 1888 et
1599 1856 1788 1888 consimilis
1804 1857 1914 1896 ratio,
1930 1853 2190 1898 difficultasque
2200 1857 2237 1889 in
2250 1863 2311 1898 ea,
2323 1864 2400 1899 quae

1362 1916 1504 1947 cunctas
1531 1915 1658 1956 recipit
1687 1923 1870 1956 corporum
1891 1914 2044 1956 formas,
2072 1916 2259 1957 reperitur.
2317 1917 2401 1949 Haec

1361 1973 1489 2013 quippe
1507 1973 1650 2005 minime
1668 1972 1797 2006 recedit
1815 1981 1860 2005 ex
1876 1972 2072 2005 conditione
2082 1974 2239 2014 propria.
2269 1974 2400 2016 Recipit

1358 2032 1454 2063 enim
1475 2033 1618 2071 cuncta,
1641 2039 1703 2064 nec
1720 2031 1835 2063 ullam
1855 2030 1897 2063 de
1914 2031 2006 2064 hisce
2025 2031 2137 2064 trahit
2149 2031 2318 2071 sor-niam.

1401 2090 1483 2130 Ergo
1501 2089 1638 2122 formata
1658 2089 1789 2130 quidem
1813 2090 1890 2122 sunt
1915 2098 2068 2131 corpora;
2090 2090 2170 2122 silva
2196 2089 2266 2123 sine
2285 2090 2398 2123 t'orma.

1364 2149 1517 2189 Cumque
1543 2149 1640 2181 intra
1669 2150 1836 2190 qremium
1857 2148 1931 2188 ejus
1949 2147 2162 2187 sortirentur,
2178 2147 2295 2190 inquit,
2322 2157 2402 2191 quae

1362 2208 1598 2248 recipiuntur.
1642 2207 1884 2248 consequenter
1915 2205 2106 2248 supradictis
2131 2205 2213 2239 dixit
2230 2218 2239 2239 :
2256 2215 2330 2248 quae
2350 2215 2401 2240 re·

1362 2265 1535 2306 cipiuntur.
1580 2265 1733 2298 Omnium
1760 2265 1879 2306 quippe
1906 2273 1977 2298 eam
2001 2273 2173 2306 corporum
2191 2263 2402 2307 appellaverat

1365 2316 1614 2364 receptaculum.
1669 2324 1744 2365 Ipsa
1770 2322 1914 2355 informis
1946 2324 2071 2364 manet,
2093 2325 2205 2364 estque
2229 2330 2305 2356 usus
2332 2323 2403 2365 eius

1363 2381 1450 2414 molli
1481 2381 1669 2423 cedentique
1699 2381 1841 2414 materiae
1859 2380 1992 2417 similis,
2018 2381 2053 2413 in
2079 2390 2143 2423 qua
2170 2380 2403 2423 imprimuntur

1364 2440 1454 2472 varia
1473 2440 1646 2480 signacula.
1690 2439 1898 2481 Perspicuum
1920 2440 1970 2472 est
1987 2439 2092 2481 aliqua
2110 2448 2180 2473 esse
2203 2439 2311 2473 mollia
2330 2449 2401 2473 cor-

1365 2507 1463 2540 pora,
1480 2507 1553 2540 quae
1575 2498 1722 2531 cedentia
1741 2498 1903 2530 variorum
1927 2498 2170 2531 simulacrorum
2186 2499 2403 2540 impressioni-

1364 2557 1423 2590 bus
1433 2581 1444 2598 ,
1458 2558 1584 2598 recepta
1596 2557 1651 2590 diu
1667 2558 1856 2590 conservent
1866 2557 2014 2598 imposita
2023 2556 2197 2598 signacula,
2205 2561 2243 2590 ut
2254 2558 2282 2591 si
2297 2566 2402 2591 ceram
2419 2585 2422 2588 .

1364 2615 1436 2656 quis
1453 2616 1504 2648 vel
1532 2615 1710 2657 plumbum,
1727 2615 1776 2647 vel
1803 2615 1970 2656 argentum
1991 2614 2156 2655 consignet
2173 2614 2327 2657 undique,
2342 2614 2404 2648 erit

1364 2675 1442 2706 tunc
1459 2673 1491 2706 in
1519 2673 1610 2706 silvae
1631 2673 1735 2706 vicem
1751 2681 1824 2705 cera
1841 2672 1985 2704 informis
1998 2695 2008 2713 ,
2023 2673 2056 2704 et
2072 2672 2201 2705 habebit
2221 2673 2403 2706 innumeras

1366 2733 1505 2773 formas,
1525 2741 1588 2764 non
1611 2741 1702 2773 suas,
1722 2731 1777 2764 sed
1805 2731 1933 2763 aliunde
1961 2730 2121 2763 adhibitas
2150 2730 2224 2763 sibi.
2269 2731 2403 2765 Ratione

1364 2790 1472 2831 igitur,
1485 2794 1518 2823 et
1544 2791 1641 2831 recte,
1654 2790 1727 2823 usui
1745 2789 1837 2822 silvae
1858 2797 2038 2830 corporeae,
2054 2797 2127 2830 quae
2151 2789 2337 2831 consignata
2354 2791 2404 2824 est

1367 2849 1508 2891 undique
1537 2858 1709 2891 corporum
1728 2848 1862 2889 formis,
1905 2849 2017 2880 natura
2057 2847 2161 2880 mollis
2201 2847 2405 2890 cedentiaque

1367 2908 1506 2941 materiae
1519 2908 1731 2950 comparatur.

1408 2967 1603 3000 CCCXXVI.
1627 2965 1688 2999 sed
1720 2965 1762 2998 de
1787 2974 1860 2999 cera
1897 2964 2027 3006 quidem
2054 2964 2151 2998 etiam
2176 2965 2210 2997 in
2239 2964 2404 2999 Theaeteto

1367 3024 1495 3058 locutus
1514 3026 1580 3066 est,
1595 3033 1669 3057 cum
1689 3024 1824 3058 diversae
1842 3023 2010 3056 hominum
2038 3023 2212 3066 memoriae,
2233 3020 2405 3057 tenacioris

1369 3085 1400 3115 et
1416 3084 1532 3116 tabidae
1548 3091 1662 3116 causas
1683 3083 1885 3125 exprimeret.
1899 3083 1951 3115 Ait
1965 3090 2034 3115 esse
2044 3082 2078 3114 in
2093 3082 2260 3114 hominum
2271 3082 2405 3123 ingeniis

1370 3142 1434 3174 vim
1456 3143 1616 3184 quandam
1635 3151 1718 3175 cerae
1743 3141 1958 3181 simillimam,
1978 3149 2050 3182 quae
2069 3141 2163 3174 faciat
2182 3142 2215 3174 et
2230 3142 2342 3174 acutos
2361 3140 2403 3173 ad

1369 3201 1621 3242 intelligendum,
1638 3203 1670 3234 et
1689 3201 1807 3233 celeres
1825 3200 1864 3232 ad
1883 3199 2089 3233 ediscendum
2102 3223 2112 3241 ,
2130 3200 2163 3232 et
2178 3198 2306 3232 eosdem
2324 3198 2404 3232 sub-

1371 3259 1443 3291 inde
1459 3260 1644 3292 obliviosos.
1679 3260 1762 3293 Item
1774 3259 1854 3291 alios
1866 3258 1995 3300 quidem
2007 3258 2115 3291 tardos
2129 3258 2168 3290 ad
2185 3256 2400 3299 ediscendum,

1370 3325 1486 3349 verum
1505 3318 1621 3359 jugiter
1640 3326 1809 3351 memores.
1853 3317 2018 3356 Quosdam
2036 3316 2080 3349 ita
2096 3315 2269 3357 ingeniatus
2283 3318 2320 3347 ut
2338 3316 2404 3348 cito

1371 3374 1510 3415 discant,
1524 3377 1556 3408 et
1567 3376 1621 3408 (liu
1637 3376 1789 3409 memoria
1802 3375 1941 3417 vigeant.
1984 3376 2067 3408 Nam
2081 3382 2216 3415 quorum
2241 3374 2272 3405 in
2295 3374 2405 3406 animo
