2606 3828
276 257 353 292 422

275 341 434 387 dicitur,
453 338 559 390 quod
576 337 702 376 cervis
724 345 761 374 et
777 333 999 373 cornicibus
1019 333 1138 370 vitam
1159 332 1314 371 diutur-

275 407 387 444 nam,
411 405 575 444 quorum
615 390 656 428 id
688 389 784 427 nihil
818 388 1039 432 interesset;
1060 384 1287 424 hominibus
1302 416 1313 434 ‚

275 465 441 504 quorum
458 451 624 489 maxime
640 447 890 495 interfuisset,
907 453 981 482 tam
1001 444 1178 494 exiguam
1196 444 1316 482 vitam

274 511 444 549 dedisset
462 522 472 549 ε
501 521 666 559 quorum
689 506 721 544 si
742 513 832 543 aetas
852 504 1041 555 potuisset
1059 515 1143 541 esse
1161 504 1317 553 longin-

276 571 407 622 quior,
446 570 616 608 suturum
650 565 789 611 fuisse,
824 571 889 613 ut,
923 561 1106 600 omnibus
1136 562 1318 613 perfectis

275 630 446 678 artibus,
481 627 587 666 omni
621 624 799 663 doctrina
828 622 1031 661 hominum
1068 621 1149 660 vita
1179 622 1318 661 erudi-

276 699 395 729 retur.
839 731 843 734 ‚

327 747 390 788 Ad
410 744 632 785 irridendas
652 743 768 781 falsas
789 741 836 780 de
857 741 935 779 diis
963 740 1170 792 opiniones
1193 741 1318 793 perti-

276 816 368 847 nent
387 819 472 855 quae
490 817 511 842 e
530 803 666 842 Bionis
685 799 884 840 volumine
904 802 1037 838 nescio
1066 813 1144 851 quo
1171 800 1320 852 profert

275 867 419 905 Seneca
438 864 494 903 De
524 859 726 901 beneficiis
754 859 825 898 lib.
848 858 918 897 vll
945 871 1031 910 cap.
1055 872 1092 906 7.
1116 858 1237 906 Bion,
1260 858 1320 897 in-

275 925 381 976 quit,
411 921 528 960 modo
563 931 698 958 omnes
731 917 940 967 sacrilegos
971 917 1210 967 argumentis
1237 929 1320 955 esse

276 982 445 1032 colligit,
464 980 581 1018 modo
608 978 817 1017 neminem.
838 977 966 1022 Quum
986 989 1120 1015 omnes
1149 976 1197 1014 de
1227 989 1320 1014 saxo

275 1042 496 1092 dejecturus
515 1047 596 1086 est,
619 1038 716 1076 dicit
738 1051 746 1075 :
771 1036 951 1088 quisquis
972 1036 1012 1074 id
1033 1035 1139 1087 quod
1159 1035 1319 1073 deorum

275 1109 331 1138 est
361 1098 517 1138 sustulit
545 1107 582 1136 et
611 1097 827 1135 consumsit
855 1105 969 1147 atque
996 1096 1038 1134 in
1064 1109 1176 1134 usum
1207 1109 1319 1134 suum

275 1158 407 1206 vertit,
421 1157 632 1206 sacrilegus
641 1164 699 1194 est
718 1170 727 1194 ε
743 1157 874 1193 omnia
887 1163 1011 1193 autem
1027 1155 1191 1193 deorum
1206 1163 1318 1193 sunt:

276 1218 381 1269 quod
398 1218 564 1269 quisque
579 1229 671 1266 ergo
690 1215 817 1268 tollit,
834 1214 994 1252 deorum
1014 1215 1134 1262 tollit,
1155 1227 1320 1265 quorum

276 1277 409 1315 omnia
441 1284 531 1316 sunt
559 1286 570 1317 ζ
601 1288 696 1325 ergo
726 1274 906 1326 quisquis
936 1274 1038 1312 tollit
1068 1274 1241 1323 aliquid,
1261 1287 1322 1312 sa·

276 1336 444 1386 crilegus
477 1342 548 1373 est.
585 1333 733 1372 Deinde
765 1345 885 1384 quum
912 1333 1070 1382 effringi
1101 1330 1264 1384 te‘mpla,
1286 1343 1325 1373 et

277 1395 444 1447 expilari
463 1394 623 1446 impune
643 1391 881 1443 Capitolium
899 1390 1032 1441 jubet,
1055 1391 1151 1429 dicit
1171 1391 1321 1430 nullum

279 1454 525 1503 sacrilegium
555 1465 661 1499 esse,
687 1451 780 1502 quia
812 1449 1005 1500 quidquid
1039 1448 1235 1488 sublatum
1268 1458 1324 1488 est

278 1526 327 1552 ex
342 1526 388 1551 eo
408 1513 494 1550 loco
515 1512 583 1563 qui
603 1511 765 1548 deorum
792 1517 899 1559 erat,
917 1509 961 1546 in
986 1521 1074 1546 eum
1096 1509 1325 1547 transfertur

278 1573 407 1610 locum
422 1601 432 1620 ,
451 1571 519 1622 qui
543 1571 705 1609 deorum
725 1576 796 1608 est.
815 1567 888 1606 Hic
901 1567 1174 1618 respondetur,
1194 1569 1326 1606 omnia

281 1632 437 1683 quidem
465 1631 627 1669 deorum
662 1641 772 1675 esse,
796 1628 864 1666 sed
894 1640 974 1664 non
1006 1626 1138 1664 omnia
1162 1626 1236 1664 diis
1265 1626 1323 1664 di-

281 1701 379 1729 cata.

335 1750 484 1788 Caetera
502 1748 638 1787 Bionis
653 1747 834 1796 dogmata
851 1758 872 1783 e
893 1744 1091 1783 sententiis
1112 1743 1214 1781 infra
1242 1743 1322 1781 col-

283 1811 392 1850 lectis
428 1815 724 1858 cognoscentur.
745 1805 840 1843 Nam
872 1805 1062 1856 plurimos
1098 1816 1186 1841 eum
1217 1815 1325 1840 com-

286 1868 497 1906 mentarios
533 1866 713 1916 dictaque
741 1864 855 1902 utilia
886 1872 924 1900 et
956 1862 1089 1912 gravia
1123 1861 1328 1910 reliquisse

283 1935 440 1965 testatur
460 1925 653 1974 Diogenes
674 1923 866 1962 Laertius.
885 1922 963 1975 (35)
980 1920 1182 1972 Quidquid
1202 1929 1327 1958 autem

285 2050 389 2078 28.—
406 2043 471 2084 (35)
488 2043 641 2083 Diogenes
653 2041 800 2074 Laertius
814 2040 869 2072 lib.
886 2041 943 2080 lv,
957 2041 995 2071 47
1014 2047 1020 2066 :
1040 2037 1170 2070 πλεῖστά
1183 2048 1215 2069 τε
1230 2047 1329 2068 κατα-

283 2093 421 2124 λέλοιπεν
441 2091 668 2131 ὺπομνήματα,
687 2088 764 2120 ἀλλὰ
785 2088 837 2119 καὶ
859 2087 1082 2126 ἀποφθέγματα
1101 2083 1237 2126 χρειώδη
1252 2093 1330 2123 πρα-

955 241 1356 285 CYRENAICORUM
1384 238 1719 282 FRAGMENTA.

1376 339 1500 371 exstat
1521 332 1821 382 fragmentorum
1833 359 1844 378 ,
1864 338 2069 382 postquam
2089 330 2154 373 Jo.
2172 330 2288 370 Conr.
2307 331 2418 372 Orel-

1376 389 1453 429 lius
1473 389 1551 442 (36)
1566 398 1604 428 et
1617 389 1705 428 Jan.
1730 389 1824 428 Mar.
1849 389 2056 438 Hooguliet
2073 388 2212 442 (37)ea
2235 389 2419 441 divulga-

1378 457 1488 496 runt,
1505 448 1712 499 diligenter
1734 448 1911 486 recensui
1931 460 1975 485 ac
1996 447 2114 486 latine
2146 448 2420 500 interpretatus

1378 520 1476 545 sum.
1511 506 1660 546 Praeter
1690 506 2005 558 Borysthenitam
2037 506 2141 545 haud
2169 508 2283 560 pauci
2315 508 2422 547 fuere

1378 566 1531 606 Biones.
1542 567 1681 605 Decem
1700 567 1803 605 enim
1821 566 2041 618 praecipuos
2057 565 2231 617 ejusdem
2247 567 2422 607 nominis

1378 626 1486 664 viros
1517 626 1723 676 distinguit
1759 625 1935 664 Laertius
1969 624 2061 678 (38).
2092 625 2235 674 Eorum
2271 626 2423 678 primus

1378 692 1436 723 est
1472 684 1784 734 Proconnesius,
1816 684 2056 736 Pherecydis
2104 683 2210 735 Syn-ii
2241 684 2434 736 aequalis3<

1379 744 1592 792 secundus,
1612 744 1744 790 rhetos·
1774 744 2065 796 Syracusanus;
2091 744 2250 792 tertius,
2281 743 2348 782 hic
2374 743 2425 783 de

1379 816 1458 854 quo
1495 804 1644 854 egimus
1676 803 1971 855 Borysthenita3
2010 812 2193 855 quartus,
2220 802 2426 843 Abderites

1381 863 1692 912 mathematicus3
1719 864 1902 915 quintus,
1925 861 2095 902 Solensis
2123 874 2252 900 rerum
2279 860 2427 900 AEthio-

1380 923 1554 975 picarum
1585 924 1775 974 scriptor;
1809 930 1965 968 sextus,
1993 920 2148 960 dicendi
2173 915 2333 967 artifex}
2369 932 2428 959 se-

1380 983 1527 1034 ptimus
1540 1011 1551 1030 ‚
1568 990 1683 1033 poeta
1702 981 1878 1033 lyricus3
1897 988 2078 1028 octavus,
2095 980 2303 1020 statuarius
2315 978 2426 1021 Mile·⁹

1381 1042 1511 1093 psius;
1533 1054 1680 1088 nonus,
1701 1049 1817 1093 poeta
1835 1040 2025 1090 tragicus;
2040 1038 2234 1086 decimus,
2255 1037 2430 1090 sculptor

1382 1100 1654 1140 Clazomenius
1683 1101 1767 1139 sive
1799 1099 1935 1138 Chius.
1964 1098 2150 1150 Reliquos
2178 1097 2438 1148 cognomines<

1382 1160 1489 1199 viros
1512 1159 1743 1198 omittimus.
2415 1159 2435 1172 ·“

1384 1323 1534 1366 γματείαν
1551 1325 1675 1366 ἔχοντα.
1693 1341 1731 1353 -ν-
1749 1324 1815 1364 (36)
1829 1322 1968 1356 Orellius
1988 1323 2110 1363 Opusc.
2128 1321 2201 1354 vet.
2220 1321 2325 1356 Groeo.
2342 1321 2428 1354 senff.

1385 1374 1417 1405 et
1439 1372 1552 1405 moral.
1571 1372 1643 1404 Vol.
1661 1373 1695 1404 11
1721 1380 1754 1412 p.
1774 1365 1920 1404 174-184.
1938 1387 1979 1395 -
1993 1370 2059 1411 (37)
2074 1370 2147 1402 Jan.
2164 1369 2246 1401 Mar.
2264 1367 2433 1410 Hooguliet

1385 1419 1547 1459 specimen
1582 1418 1968 1460 philosophico-criticum
2001 1417 2168 1449 continens
2200 1415 2359 1448 diatribeu
2390 1414 2432 1448 de

1385 1466 1482 1498 Bione
1499 1466 1724 1507 Borysthenita
1738 1465 1897 1506 (Lugduni
1917 1466 2110 1498 Batavorum
2129 1463 2304 1504 1821)‚pag.
2324 1465 2431 1496 tta-27.

1386 1534 1425 1540 --
1443 1513 1510 1554 (38)
1529 1514 1622 1554 Diog.
1643 1514 1746 1547 Laert.
1763 1513 1818 1545 lili.
1833 1515 1892 1552 IV,
1909 1516 1947 1545 58
1962 1511 2130 1551 εγεγὸνασι
2150 1510 2183 1543 δὲ
2199 1510 2313 1547 Βίωνες
2333 1509 2437 1542 δέκα*

1386 1563 1506 1602 πρῶτος
1522 1561 1539 1592 ὁ
1555 1559 1724 1602 Φερεκύδει
1738 1563 1782 1601 τῷ
1793 1559 1896 1601 Συρίῳ
1912 1560 2129 1599 συνακμάσας,
2141 1557 2180 1589 οὗ
2191 1558 2313 1598 φέρεται
2327 1556 2433 1598 βιὸλία

1386 1608 1458 1648 δύο,
1478 1608 1544 1640 ἔστι
1571 1608 1604 1639 δὲ
1622 1608 1865 1648 Προκοννήσιος.
1883 1607 2050 1646 Δεύτερος,
2070 1605 2300 1646 Συρακούσιος,
2322 1605 2433 1645 τέχνας

1387 1655 1552 1697 ῥητορικὰς
1579 1654 1749 1695 γεγραφώς.
1767 1653 1874 1696 Τρίτος
1885 1677 1895 1693 ,
1913 1653 1931 1684 ὁ
1947 1651 2038 1688 αὐτὸς
2057 1651 2159 1687 οὗτος.
2177 1651 2346 1692 Τέταρτος,
2365 1651 2430 1688 Δη-

1388 1702 1557 1743 μοκρίτειος
1585 1702 1638 1733 καὶ
1667 1700 1881 1742 μαθηματικὸς
1914 1698 2091 1740 Ἀὅδηρίτης
2102 1722 2111 1738 ,
2136 1697 2246 1731 Ἀτθίδι
2273 1696 2434 1739 γεγραφὼς

1387 1750 1440 1781 καὶ
1465 1748 1560 1781 Ἰάδι·
1575 1749 1664 1785 οὗτος
1679 1751 1802 1789 πρῶτος
1817 1747 1903 1779 εἶπεν
1919 1746 1998 1779 εἶναί
2015 1756 2099 1781 τινας
2120 1745 2259 1783 οἰκήσεις
2269 1767 2280 1783 ,
2297 1744 2368 1776 ἔνθα
2385 1743 2436 1784 γί·

1387 1798 1493 1829 νεσθαι
1518 1796 1548 1833 ἓξ
1576 1798 1681 1836 μηνῶν
1711 1796 1781 1833 τὴν·
1797 1795 1895 1826 νύκτα
1919 1794 1972 1825 καὶ
1994 1793 2025 1830 ἒξ
2043 1795 2099 1830 τὴν
2118 1791 2247 1832 ἡμέραν.
2269 1790 2432 1832 Πέμπτος,

1390 1845 1517 1884 Σολεύς,
1537 1843 1705 1876 Αἰθιοπικὰ
1725 1842 1896 1883 γεγραφώς.
1912 1841 2045 1879 Ἕκτος,
2064 1837 2241 1881 ῥητορικός,
2259 1836 2298 1870 οὗ
2313 1837 2434 1878 φέρεται

1389 1892 1475 1924 ἐννέα
1493 1891 1597 1933 βιὸλία
1611 1892 1748 1922 Μουσῶν
1764 1887 2004 1930 ἐπιγραφόμενα.
2019 1886 2191 1925 Ἕὸδομος,
2205 1883 2330 1925 μελικὸς
2346 1893 2435 1922 stom—

1388 1940 1453 1977 τής.
1474 1939 1627 1979 Ὄγδοος,
1657 1937 1809 1975 Μιλήσιος
1837 1933 2110 1977 ἀνδριαντοποιός,
2133 1931 2171 1964 οὗ
2197 1931 2350 1973 μέμνηται
2379 1930 2434 1971 καὶ

1391 1987 1556 2028 Πολέμων.
1570 1985 1721 2023 Ἔνατος,
1740 1984 1871 2021 ποιητὴς
1887 1981 2059 2024 τραγῳδίας
2082 1983 2144 2012 τῶν
2157 1980 2323 2022 Ταρσικῶν
2343 1977 2438 2018 lero·

1391 2034 1503 2074 μένων.
1531 2033 1689 2070 Δέκατος,
1713 2029 1987 2071 ἀγαλματοποιός,
2011 2027 2216 2068 Κλαζομένιος
2234 2027 2255 2064 ἢ
2279 2025 2376 2061 Χῖος·
2397 2022 2443 2056 οὗ

1391 2081 1540 2121 μέμνηται
1557 2078 1610 2111 καὶ
1626 2077 1794 2113 Ἱππῶναξ.
