2638 3840
268 234 338 265 178

260 312 354 344 nobis
381 312 519 353 videtin,
543 314 574 343 et
601 311 789 352 plerumque
805 310 895 350 juxta
909 309 988 348 ignis
1001 309 1151 350 effigiem,
1165 318 1227 342 non
1243 311 1304 351 est,

260 370 384 412 opinor,
396 370 486 411 ignis,
502 370 557 402 sed
573 371 701 410 igneum
715 369 890 410 quiddam;
908 377 966 400 nec
985 377 1051 408 aer,
1066 368 1121 400 sed
1138 377 1267 400 aereum
1296 382 1302 402 :

262 438 323 461 nec
352 429 483 460 omnino
511 429 683 470 quicquum
702 428 790 460 velut
815 428 936 459 liabens
959 426 1057 459 ullam
1085 427 1303 460 stabilitatem.

261 489 404 529 Denique
435 497 476 520 ne
499 487 739 528 pronominibus
760 486 888 528 quidem
922 486 994 518 ullis
1022 486 1177 527 dignanda
1210 488 1305 526 sunt,

259 547 374 588 quibus
389 549 420 579 in
433 547 705 580 demonstratione
725 545 768 577 nti
785 546 943 577 solemus:
964 554 1037 577 cnm
1054 545 1192 578 dicimus
1204 570 1214 587 ,
1233 546 1304 586 boc,

260 607 308 638 vel
325 606 411 638 illud.
426 606 562 646 Fugiunt
574 606 675 645 enim,
688 614 746 637 nec
762 606 949 645 exspectant
965 614 1033 636 eam
1048 606 1304 646 appellationem,

258 675 332 707 quae
362 666 401 698 de
421 666 477 707 iis,
497 668 649 707 tanquam
678 665 718 696 dc
745 663 993 702 exsistentibus,
1015 664 1162 699 liabetur.
1207 666 1307 707 Igitur

259 727 363 766 ignem
383 734 511 766 qnoque
528 734 600 756 eum
620 733 694 756 vere
709 732 779 755 esse
799 723 988 764 putandum,
1004 723 1059 764 qui
1076 732 1203 764 semper
1222 724 1306 756 idem

258 786 340 816 est·
362 786 395 816 et
414 793 529 822 omne,
550 783 641 823 quus
664 782 839 824 proprietas
868 784 988 815 manet.
1032 785 1073 814 At
1092 792 1169 815 vero
1196 783 1247 824 id,
1276 783 1308 815 in

259 854 324 886 quo
350 844 415 876 lieri
435 844 504 875 baec
523 843 648 883 singula
673 843 833 884 videntur,
848 845 879 875 et
907 843 1037 875 demum
1057 843 1212 883 dissolvi,
1234 854 1307 886 per-

259 903 429 944 cuntiaqne
457 903 496 934 ad
517 903 595 934 alias
616 902 690 934 inde
709 902 844 934 transire
865 902 1002 942 formas,
1021 903 1127 935 solum
1152 903 1230 935 illud
1252 912 1306 944 ap-

261 962 444 1003 pellandum
479 963 555 1002 pnto
586 963 671 993 certo
701 961 898 1001 pronomine.
945 964 1042 994 Recte
1072 963 1189 1003 quippe
1214 971 1309 1003 posse

261 1022 324 1053 dici
352 1021 392 1053 ‹le
423 1030 480 1060 eo,
498 1021 577 1062 lioc,
596 1020 644 1052 vel
662 1019 750 1052 illud.
797 1022 916 1061 Porro,
937 1020 1023 1061 qnod
1045 1021 1156 1062 recipit
1175 1021 1309 1062 qualita-

262 1085 326 1114 tem
341 1106 350 1123 ,
369 1082 418 1113 vel
437 1081 533 1113 etiam
551 1081 631 1112 verti
655 1082 759 1121 polest
782 1080 815 1112 in
833 1081 1010 1112 contrarias
1033 1080 1215 1121 qualitates,
1232 1081 1307 1112 cali-

206 1148 208 1150 ’
261 1141 337 1172 dum
360 1140 439 1179 dici,
462 1141 512 1172 vel
544 1139 737 1180 candidum;
766 1140 981 1180 proprioque,
997 1141 1033 1172 et
1056 1141 1162 1179 certo,
1179 1141 1310 1172 nomine

260 1200 429 1240 appellari,
449 1198 534 1239 quod
569 1199 610 1230 sit
634 1198 792 1230 incertum
812 1201 843 1230 et
863 1198 1171 1252 mutabileaminime
1193 1208 1308 1231 conve-

259 1259 340 1291 nire.
385 1259 448 1291 Sed
480 1258 605 1299 opinor,
632 1258 727 1290 etiam
756 1258 844 1290 nunc
871 1259 1014 1299 apertius
1043 1258 1082 1291 de
1111 1258 1222 1290 eodem
1251 1258 1311 1290 erit

257 1317 429 1348 dissertare
445 1316 640 1348 conandum.
686 1317 719 1349 Si
740 1317 812 1358 quis
828 1317 913 1349 enim
931 1319 1064 1348 cunctas
1080 1317 1216 1356 formas,
1236 1316 1310 1357 ligu-

260 1385 387 1417 rasque,
407 1385 448 1408 ex
471 1385 533 1408 nna
559 1376 738 1417 eademqne
757 1376 826 1408 anri
854 1376 985 1408 materia
1009 1376 1118 1416 fictas,
1132 1375 1260 1417 jugiter,
1281 1377 1312 1409 et

258 1435 327 1467 sine
342 1434 599 1474 intermissione,
616 1435 649 1466 in
674 1434 771 1474 alias,
786 1436 883 1475 atque
901 1435 997 1475 alias,
1014 1435 1163 1467 reformet
1182 1449 1190 1468 z
1211 1436 1289 1467 tunc
1301 1459 1309 1474 ,

259 1495 285 1524 si
321 1494 393 1534 quis
423 1495 523 1526 electa
548 1503 613 1526 nna
647 1494 792 1535 qnalibet
824 1494 945 1534 figura,
975 1496 1099 1534 quaerat
1126 1503 1198 1535 quae
1230 1494 1269 1526 sit
1301 1507 1309 1526 z

259 1553 385 1594 opinor,
402 1562 496 1593 posse
517 1553 628 1592 firme,
649 1555 682 1584 et
698 1552 877 1593 diligenter,
892 1561 930 1584 ac
952 1552 1020 1584 sine
1044 1553 1311 1594 reprehensione,

260 1611 465 1653 responderi,
483 1621 596 1643 aurum
616 1611 691 1643 illud
715 1620 785 1643 esse
810 1621 818 1642 :
841 1620 900 1643 nec
926 1612 1041 1643 addere
1070 1612 1237 1653 trianguli,
1255 1622 1311 1654 cy-

261 1671 412 1711 lindrive,
443 1680 576 1712 cujusve
608 1670 740 1702 alterius
772 1670 885 1703 sormoe
915 1670 1084 1703 videbitur.
1130 1671 1248 1703 Eadem
1279 1675 1311 1704 et

261 1729 435 1762 consimilis
455 1732 556 1771 ratio,
572 1729 823 1771 difficultasque,
848 1730 879 1761 in
896 1739 934 1762 ea
955 1735 1086 1770 natura,
1105 1740 1178 1771 qnae
1197 1733 1313 1764 cuncta

262 1788 371 1830 recipit
389 1797 542 1829 corpora,
565 1788 737 1829 reperitur,
755 1788 824 1821 lianc
844 1789 961 1830 quippe
984 1788 1116 1821 minime
1134 1789 1251 1821 recedit
1272 1799 1312 1822 ex

262 1927 393 1966 τούτων
407 1926 605 1978 τιθεμένους
620 1921 687 1965 ὧδε
707 1926 832 1978 λέγειν·
852 1926 905 1964 ἀεὶ
931 1925 948 1964 ὃ
967 1929 1170 1979 καθορῶμεν
1187 1927 1310 1966 ἄλλοτε

264 1988 354 2038 ἄλλῃ
385 1987 601 2039 γιγνόμενον,
620 1988 667 2030 ὣς
691 1989 774 2039 πῦρ,
796 1986 845 2037 μὴ
865 1990 966 2024 τοῦτο
994 1986 1086 2026 ἀλλὰ
1102 1987 1142 2025 τὸ
1161 1993 1312 2026 τοιοῦτον

261 2046 429 2085 ἑκάστοτε
450 2045 719 2099 προσαγορεύειν
742 2048 812 2098 πῦρ
828 2076 838 2095 ,
859 2044 948 2097 μηδὲ
970 2045 1061 2097 ὕδωρ
1088 2049 1190 2084 τοῦτο
1222 2046 1313 2084 ἀλλὰ

262 2105 303 2144 τὸ
334 2111 483 2144 τοιοῦτον
507 2104 580 2154 ἀεί,
598 2104 687 2156 μηδὲ
720 2105 805 2143 ἄλλο
832 2105 916 2143 ποτὲ
951 2104 1059 2155 μηδὲν
1079 2105 1125 2149 ὥς
1144 2108 1208 2144 τιν’
1231 2105 1311 2159 ἔχον

263 2165 495 2218 βεὸαιότητα,
515 2165 581 2203 ὅσα
611 2162 802 2208 δεικνύντες
826 2167 876 2218 τῷ
906 2163 1038 2218 ῥήματι
1067 2167 1117 2217 τῷ
1144 2164 1223 2203 τόδε
1253 2165 1311 2204 καὶ

261 2228 364 2262 τοῦτο
374 2223 643 2278 προσχρώμενοι
654 2223 780 2270 δηλοῦν
793 2224 972 2275 ἡγούμεθά
984 2239 1028 2262 τι·
1040 2223 1156 2276 φεύγει
1169 2222 1236 2276 γὰρ
1248 2226 1312 2276 οὐχ

264 2283 436 2335 ὑπομένον
449 2283 511 2329 τὴν
523 2286 582 2321 τοῦ
597 2282 673 2321 τόδε
690 2282 750 2320 καὶ
767 2281 831 2330 τὴν
842 2282 964 2324 τούτου
981 2282 1041 2322 καὶ
1062 2281 1124 2329 τὴν
1146 2284 1234 2335 τῷδε
1254 2282 1314 2321 καὶ

263 2348 382 2380 πᾶσαν
403 2340 468 2388 ὅση
491 2341 622 2393 μόνιμα
642 2343 688 2384 ὡς
717 2340 800 2379 ὄντα
830 2341 920 2379 αὖτὰ
953 2341 1164 2380 ἐνδείκνυται
1195 2343 1311 2396 φάσις.

263 2401 367 2440 Ἀλλὰ
386 2404 499 2439 ταῦτα
523 2400 585 2451 μὲν
607 2399 741 2439 ἕκαστα
765 2399 814 2451 μὴ
833 2402 960 2452 λέγειν,
977 2401 1016 2439 τὸ
1033 2400 1069 2440 δὲ
1087 2405 1240 2441 τοιοῦτον
1262 2401 1314 2440 ἀεὶ

262 2459 532 2514 περιφερόμενον
570 2459 689 2511 ὅμοιον
723 2460 869 2499 ἑκάστου
908 2460 986 2513 πέρι
1014 2461 1076 2500 καὶ
1104 2460 1314 2512 ξυμπάντων

263 2519 354 2557 οὕτω
385 2520 517 2557 καλεῖν·
535 2519 596 2557 καὶ
617 2518 658 2565 δὴ
681 2518 741 2557 καὶ
761 2523 830 2572 πῦρ
850 2519 890 2558 τὸ
910 2519 966 2558 διὰ
988 2519 1118 2564 παντὸς
1145 2523 1312 2568 τοιοῦτον,

262 2593 324 2616 και
354 2577 446 2616 ἅπαν
480 2580 558 2616 ὅσον
581 2593 646 2629 περ
680 2577 721 2615 ἂν
740 2576 804 2630 ἔχῃ
837 2575 980 2629 γένεσινζ
1037 2579 1097 2617 Ἔν
1117 2573 1145 2632 ᾧ
1165 2579 1238 2617 δὲ’
1223 2595 1314 2631 εγγι-

263 2636 420 2687 γνόμενα
428 2636 481 2675 ἀει
495 2635 627 2675 ἕκαστα
647 2637 696 2674 αὐ
698 2638 983 2698 εωνέαντάζεται
996 2638 1055 2677 καὶ
1070 2620 1175 2677 πάλιν
1189 2641 1315 2680 ἐκεῖθεν

267 2696 502 2746 ἀπόλλυται,
497 2694 599 2734 μόνον
618 2697 728 2734 ἐκεῖνο
743 2699 786 2733 αὖ
806 2697 1075 2750 προσαγορεύειν
1092 2714 1142 2736 τω
1162 2714 1198 2736 τε
1215 2701 1316 2737 τοῦτο

266 2754 326 2793 καὶ
350 2771 400 2807 τῳ
421 2755 498 2792 τόδε
519 2754 813 2806 προσχρωμένους
835 2755 1006 2807 ὀνόματι,
1023 2757 1061 2795 τὸ
1079 2755 1115 2795 δὲ
1137 2760 1315 2796 ὁποιονοῦν

267 2830 321 2863 τι,
344 2813 469 2866 θερμὸν
491 2811 513 2859 ἢ
533 2814 656 2851 λευκὸν
689 2813 711 2859 ἢ
742 2812 803 2851 καὶ
835 2818 946 2854 ὁτιοῦν
970 2787 1039 2854 τίῦν
1060 2816 1238 2866 ἐναντίων,
1257 2818 1317 2855 καὶ

267 2873 368 2912 πάνθ’
387 2872 452 2910 ὅσα
474 2874 514 2911 ἐκ
534 2871 682 2922 τούτων,
706 2872 812 2922 μηδὲν
833 2875 942 2912 ἐκεῖνο
964 2868 1008 2912 αὖ
1028 2875 1159 2913 τούτων
1179 2878 1312 2915 καλεῖν.

266 2929 352 2970 Ἔτι
373 2930 407 2968 δὲ
430 2929 644 2983 σαφέστερον
666 2932 770 2968 αὐτοῦ
791 2930 872 2983 πέρι
892 2934 1133 2984 προθυμητέον
1156 2929 1251 2980 αῦθις
1272 2938 1319 2975 εἷ-

269 2989 360 3031 πεῖν.
421 2990 466 3028 Εἰ
487 2988 555 3040 γὰρ
576 2989 693 3026 πάντα
716 3005 765 3032 τις
785 2989 953 3040 σχήματα
975 2994 1113 3036 πλάσας
1132 2996 1169 3031 ἐκ
1186 2999 1317 3046 χρυσοῦ

270 3047 377 3098 μηδὲν
399 3048 653 3098 μεταπλάττων
674 3047 822 3086 παύοιτο
842 3048 975 3087 ἕκαστα
996 3052 1043 3092 εἰς
1072 3051 1230 3104 ἅπαντα,
1248 3055 1318 3092 δει-

268 3106 410 3151 κνύντος
431 3107 472 3153 δή
499 3123 588 3150 τινος
615 3110 726 3145 αὐτῶν
748 3106 782 3144 ἓν
804 3108 863 3146 καὶ
892 3110 1148 3161 προσερομένου
1177 3110 1209 3148 τί
1240 3111 1319 3150 ποτῗ

272 3165 364 3213 ἐστί,
381 3170 508 3219 μακρῷ
529 3167 614 3219 πρὸς
647 3166 811 3213 ἀλήθειαν
842 3167 1104 3221 ἀσφαλέστατον
1128 3171 1234 3207 εἰπεῖν
1265 3169 1318 3209 ὅτι

271 3225 423 3277 χρυσός,
447 3226 486 3263 τὸ
507 3225 542 3263 δὲ
563 3225 730 3277 τρίγωνον
752 3225 817 3263 ὅσα
843 3242 878 3264 τε
909 3226 999 3264 ἄλλα
1021 3228 1190 3279 σχήματα
1211 3229 1318 3279 ἐνεγί·

272 3296 394 3331 γνετο,
415 3283 590 3332 μηδέποτε
620 3282 732 3332 λέγειν
754 3286 864 3322 ταῦτα
885 3287 930 3328 ὡς
959 3284 1060 3333 ὄντα,
1081 3284 1104 3322 ἅ
1123 3301 1162 3335 γε
1192 3285 1319 3334 μεταξὺ

272 3343 449 3391 τιθεμένου
484 3343 719 3392 μεταπίπτει,
742 3343 818 3380 ἀλλ’
839 3344 897 3381 ἐὰν
919 3345 986 3398 ἄρα
1018 3345 1076 3382 καὶ
1100 3345 1138 3382 τὸ
1170 3348 1321 3383 τοιοῦτον

276 3400 351 3449 μετ’
378 3402 568 3452 ἀσφαλείας
601 3402 699 3453 ἐθέλῃ
733 3400 895 3453 δέχεσθαί
920 3419 1032 3451 τινος,
1061 3405 1218 3456 ἀγαπᾷν.
1278 3404 1321 3443 Ὁ

274 3458 377 3503 αὐτὸς
395 3460 437 3507 δὴ
460 3463 557 3512 λόγος
578 3461 637 3500 καὶ
660 3458 739 3512 περὶ
757 3463 819 3507 τ’ἧς
839 3462 881 3500 τὰ
907 3461 1022 3501 πάντα
1045 3463 1232 3514 δεχομένης
1252 3462 1319 3501 σώ-

1215 223 1455 262 CHALcmi
1461 224 1480 262 1

1367 310 1548 344 conditione
1576 312 1715 353 propria.
1760 312 1884 353 Recipit
1908 290 1994 344 enim
2022 313 2156 352 cuncta,
2172 320 2232 345 nec
2259 311 2357 345 ullam
2370 321 2411 346 ex

1367 370 1478 403 iisdem
1496 370 1633 403 sormam
1662 370 1776 411 trabit3
1795 372 1839 412 et,
1862 380 1935 403 cum
1954 371 2041 403 velut
2060 371 2143 403 iutra
2163 371 2320 412 gremium
2343 371 2413 413 eius

1371 429 1561 470 formentur,
1579 438 1651 471 quae
1671 430 1877 471 recipiuntur,
1893 430 1963 471 ipsa
1988 430 2133 462 informis
2149 431 2280 463 manet:
2299 431 2414 471 estque

1368 499 1447 523 usus
1462 491 1531 532 eJus
1550 490 1660 523 similis
1680 491 1767 523 molli
1794 490 1982 531 cedentique
2008 490 2170 532 maier-im,
2185 490 2216 523 in
2233 499 2329 532 quam
2352 490 2414 523 im·

1370 551 1547 592 primuntur
1566 551 1653 584 varia
1669 551 1831 592 signacula
1854 561 1863 583 ε
1886 553 2116 590 moveturque,
2134 552 2167 583 et
2184 550 2413 590 conformatur,

1368 610 1554 643 omnimode
1573 611 1614 643 ab
1641 600 1897 650 introeuntibus,
1918 610 1987 651 ipsa
2008 619 2068 642 nec
2088 610 2242 650 sormam,
2261 618 2322 642 nec
2343 618 2414 642 mo·
2471 648 2476 659 ι

1367 670 1457 711 tum,
1477 670 1597 703 liabens
1627 678 1665 703 ex
1698 671 1812 702 natura
1845 678 1915 701 sua.
1960 672 2040 708 Qnae
2075 677 2149 700 vero
2180 667 2414 709 ingrediuntur,
2470 665 2476 683 ⁹

1369 728 1486 761 formas
1505 730 1650 769 mutant5
1669 729 1810 770 aliasque
1827 728 1906 768 alia,
1922 730 1953 760 et
1973 728 2102 760 diversa
2114 751 2123 766 ,
2142 727 2315 759 cernuntur
2334 739 2343 760 :
2361 735 2417 760 en·
2464 748 2466 750 »

1369 787 1528 829 demque,
1543 797 1616 829 qua:
1647 788 1831 827 introeunt,
1848 789 1881 820 et
1905 786 2123 828 egrediuntur,
2147 786 2318 819 simulacra
2339 788 2418 818 sunt

1369 856 1443 880 vere
1457 847 1681 880 exsistentium
1699 856 1816 886 rerum,
1830 847 1910 878 miro
1922 846 2076 888 quodam,
2088 846 2207 886 vixque
2223 844 2417 886 explicabili,

1371 907 1465 939 modo
1480 907 1614 939 formata
1623 907 1663 939 ab
1676 907 1791 939 iisdem
1803 915 1877 938 vere
1890 906 2120 939 exsistentibus
2134 905 2230 937 rebus
2240 929 2248 943 ,
2263 904 2418 946 quemad·

1370 966 1502 997 modum
1520 975 1593 997 mox
1614 966 1834 997 demonstrare
1850 964 2008 997 enitemur
2025 972 2083 1004 pro
2105 963 2239 995 viribus.

1413 1024 1433 1066 §
1453 1028 1503 1057 24.
1529 1027 1572 1058 At
1599 1034 1677 1058 vero
1702 1033 1787 1061 nunc
1815 1023 1933 1056 trinum
1957 1032 2057 1063 genus
2082 1022 2192 1054 animo
2226 1021 2420 1055 sumendum
2460 1035 2501 1059 7⁸·
2519 1004 2541 1043 ἶ)

1371 1087 1438 1123 est,
1457 1083 1542 1124 quod
1559 1083 1710 1124 gignitur,
1727 1083 1805 1115 item
1824 1082 1928 1121 aliud,
1947 1082 1979 1114 in
2002 1090 2067 1122 quo
2091 1080 2250 1121 gignitur3
2266 1081 2423 1121 praeterea

1371 1143 1519 1184 tertium,
1537 1151 1574 1175 ex
1594 1151 1657 1183 quo
1680 1141 1922 1174 similitudinem
1951 1140 2061 1178 trabit,
2078 1141 2318 1180 mutuaturque,
2331 1143 2419 1180 quod

1370 1202 1518 1243 gignitur.
1564 1203 1663 1234 Decet
1686 1210 1761 1241 ergo
1790 1201 1892 1233 facere
1917 1198 2208 1240 comparationem,
2235 1197 2422 1235 similitudi-

1372 1270 1510 1301 nemque
1531 1260 1703 1301 impertiri,
1722 1260 1766 1293 illi
1787 1259 1936 1301 quidem,
1955 1257 2041 1299 quod
2069 1257 2220 1299 suscipit,
2238 1256 2371 1302 matris5
2390 1262 2426 1294 at

1373 1328 1451 1352 vero
1468 1319 1553 1351 unde
1575 1318 1725 1358 obvenit,
1747 1318 1843 1359 patris
1862 1330 1869 1349 :
1888 1316 1932 1349 illi
1950 1319 2059 1350 autem
2085 1319 2227 1362 naturae,
2242 1325 2314 1358 quoe
2330 1321 2425 1356 ,inter

1373 1381 1442 1412 baec
1458 1378 1533 1412 ‘duo
1564 1380 1631 1419 est,
1647 1379 1756 1420 proliS.
1802 1378 1903 1410 Simul
1929 1378 1972 1410 ita
1998 1377 2261 1418 intelligendum,
2275 1376 2340 1409 lieri

1375 1448 1487 1480 posse,
1502 1440 1537 1471 ut
1553 1447 1617 1470 una
1635 1437 1769 1470 exsistat
1789 1436 1901 1477 facies,
1920 1445 1995 1477 quae
2017 1444 2127 1468 omnes
2149 1444 2257 1468 rerum
2279 1443 2332 1467 om

1374 1499 1510 1537 formas,
1528 1497 1617 1529 vultu
1629 1505 1723 1537 sque,
1740 1495 1919 1536 contineat;
1935 1495 2086 1536 variaque
2113 1494 2257 1535 corporis
2283 1490 2349 1531 und
2362 1489 2364 1491 ’
2379 1483 2381 1485 ,

1374 1565 1430 1588 ora
1446 1556 1655 1595 demonstret,
1676 1555 1737 1587 nisi
1760 1555 1905 1594 subjecto
1929 1553 2054 1585 informi
2071 1552 2159 1593 prius
2178 1552 2287 1593 aliquo
2308 1545 2360 1584 ω’

1374 1623 1446 1646 rum
1469 1614 1588 1655 gremio
1611 1627 1619 1646 :
1651 1613 1800 1655 perinde,
1823 1614 1857 1645 ut
1882 1622 1954 1653 quae
1984 1611 2016 1643 in
2050 1611 2184 1653 picturis
2205 1610 2380 1644 substernit

1374 1673 1655 1705 infectio-decolor
1675 1672 1714 1704 ad
1728 1672 1874 1704 colorum
1890 1671 2010 1703 lumina
2027 1670 2250 1703 subvehenda.
2293 1671 2387 1703 Eteni

1372 1732 1398 1763 si
1417 1733 1478 1764 erit
1497 1731 1630 1771 alicujus
1650 1740 1781 1772 eorum,
1801 1740 1875 1772 quae
1901 1731 1933 1762 in
1954 1739 1989 1762 se
2011 1730 2142 1770 recipit,
2158 1729 2262 1762 simile
2281 1729 2425 1770 recepta-

1375 1791 1503 1832 culum;
1517 1795 1591 1823 cum
1610 1791 1687 1832 quid
1704 1791 1853 1823 obveniet
1869 1789 2022 1822 dissimile
2039 1789 2097 1830 iis,
2113 1789 2231 1830 quibus
2244 1788 2348 1821 simile
2362 1790 2426 1828 est,

1376 1945 1471 1979 ματα
1488 1929 1636 1982 φύσεως.
1694 1928 1832 1968 Ταύτὸν
1854 1927 1962 1976 αὐτὴν
1980 1927 2034 1966 ἀεὶ
2053 1927 2280 1981 προσρητέον·
2300 1927 2339 1964 ἐκ
2357 1925 2427 1979 γὰρ

1375 1991 1437 2035 τῆς
1454 1990 1579 2035 ἑαυτῆς
1599 1989 1638 2026 τὸ
1653 1986 1821 2040 παράπαν
1841 1989 1904 2026 οὐκ
1925 1986 2101 2031 ἐξίσταται
2118 1986 2307 2036 δυνάμεως.
2361 1985 2428 2025 Δι’·

1375 2047 1477 2099 χεταί
1493 2063 1528 2085 τε
1544 2048 1612 2100 γὰρ
1633 2047 1688 2085 ἀεὶ
1705 2046 1749 2084 τὰ
1765 2045 1881 2084 πάντα
1894 2076 1905 2096 ,
1921 2046 1981 2084 καὶ
2002 2045 2138 2099 μορφὴν
2155 2045 2319 2096 οὐδεμίαν
2335 2043 2420 2083 ποτὲ
2450 2047 2475 2081 C

1377 2106 1487 2145 οὐδενὶ
1508 2109 1577 2145 τῶν
1598 2106 1772 2145 εἰσιόντων
1789 2105 1912 2156 ὁμοίαν
1936 2104 2075 2159 εἴληφεν
2095 2106 2232 2157 οὐδαμῇ
2247 2105 2408 2155 οὐδαμῶς

1379 2167 1563 2217 ἐκμαγεῖον
1584 2168 1652 2219 γὰρ
1680 2164 1780 2218 φύσει
1803 2165 1909 2203 παντὶ
1927 2170 2061 2216 κεῖται,
2079 2163 2281 2215 κινούμενόν
2309 2179 2347 2202 τε
2366 2162 2426 2202 καὶ

1378 2225 1743 2277 διασχηματιζόμενον
1767 2224 1835 2263 ὑπὸ
1855 2227 1923 2262 τῶν
1944 2222 2133 2263 εἰσιόντων.
2193 2222 2367 2262 Φαίνεται
2385 2221 2422 2261 δὲ

1377 2285 1395 2323 δ
1399 2288 1419 2322 ι’
1439 2285 1554 2323 ἐκεῖνα
1576 2285 1701 2323 ἄλλοτε
1720 2285 1872 2325 ἀλλοῖον.
1930 2282 1987 2323 Τὰ
2001 2282 2037 2321 δὲ
2054 2282 2203 2321 εἰσιόντα
2216 2282 2277 2321 καὶ
2292 2281 2425 2327 ἐξιόντα

1377 2346 1444 2382 τῶν
1480 2343 1588 2382 ὄντων
1626 2343 1679 2381 ἀεὶ
1715 2342 1928 2394 μιμήματα,
1964 2342 2167 2380 τυπωθέντα
2214 2341 2276 2379 ἀπ’
2310 2342 2425 2380 αὐτῶν

1377 2402 1504 2455 τρόπον
1531 2403 1610 2442 τινὰ
1636 2402 1853 2456 δύσφραστον
1883 2401 1942 2440 καὶ
1975 2400 2189 2452 θαυμαστόν,
2210 2399 2246 2439 ὃν
2276 2399 2428 2444 εἰσαῦθις

1379 2461 1539 2514 μέτιμεν.

1429 2523 1451 2572 S
1475 2529 1540 2562 24.
1558 2521 1620 2560 'Ev
1641 2522 1670 2559 δ’
1688 2514 1746 2559 οῧν
1775 2523 1825 2559 τῶ
1841 2519 1988 2573 παρόντι
2010 2519 2079 2572 χρὴ
2097 2519 2180 2570 γένη
2202 2520 2440 2568 διανοηθῆναι·

1378 2580 1515 2634 τριττά,
1537 2579 1576 2618 τὸ
1597 2580 1660 2630 μὲν
1682 2578 1901 2630 γιγνόμενον,
1920 2579 1958 2618 τὸ
1979 2580 2008 2616 δ’
2029 2581 2063 2617 ἓν
2086 2581 2115 2631 ᾧ
2135 2578 2314 2630 γίγνεται,
2335 2576 2375 2615 τὸ
2395 2577 2426 2615 δ’

1377 2640 1451 2678 ὅθεν
1480 2638 1753 2693 ἀφομοιουμενον
1787 2638 1911 2692 φύεται
1932 2639 1972 2677 τὸ
2002 2637 2220 2688 γιγνόμενον.
2278 2635 2404 2675 Kal&

1378 2697 1439 2735 καὶ
1462 2697 1694 2750 προσεικάσαι
1720 2697 1847 2750 πρέπει
1868 2698 1906 2736 τὸ
1929 2696 1990 2747 μὲν
2023 2695 2207 2748 δεχόμενον
2240 2693 2372 2747 μητρί,
2388 2694 2428 2732 τὸ

1378 2757 1407 2796 δ’
1428 2757 1502 2796 ὅθεν
1533 2756 1661 2810 πατρί,
1681 2757 1744 2804 τὴν
1778 2755 1814 2796 δὲ
1847 2755 1978 2807 μεταξὺ
1999 2755 2130 2794 τούτων
2152 2754 2254 2808 φύσιν
2275 2751 2426 2805 ἐκγόνῳ,
2479 2789 2482 2792 .

1378 2817 1504 2866 νοῆσαί
1524 2833 1560 2856 τε
1578 2819 1623 2861 ὡς
1639 2818 1702 2855 οὐκ
1721 2815 1764 2854 ἂν
1785 2815 1899 2859 ἄλλως
1918 2813 2171 2865 ἐκτυπώματος
2186 2811 2328 2851 ἔσεσθαι
2343 2811 2429 2884 μέλ-

1378 2877 1529 2920 λοντος)
1521 2877 1603 2914 ιδεῖν
1628 2875 1787 2914 ποικίλου
1815 2874 1934 2918 πάσας
1963 2872 2138 2917 ποικιλίας
2167 2872 2259 2910 τοῦτ’
2279 2870 2363 2909 αὗτὸ
2393 2871 2428 2908 ἐν

1380 2930 1408 2989 ῳ
1397 2935 1679 3008 κέκτυπούμενον
1699 2932 2028 2985 ἐνίσταται,γένοιτ’
2039 2933 2079 2971 ἂν
2096 2927 2427 2982 παρεσκευασμένον

1380 2999 1435 3041 εὖ,
1456 2993 1592 3042 πλὴν”
1570 3010 1726 3048 αμορφον
1743 2992 1780 3032 ὂν
1805 2993 1944 3032 ἐκείνων
1965 2993 2113 3030 ἁπασῶν
2133 2992 2201 3028 τῶν
2226 2990 2325 3029 ἰδεῶν
2344 2986 2428 3031 ὅσας

1381 3048 1502 3105 μέλλοι
1530 3054 1692 3107 δέχεσθαί
1719 3056 1835 3092 ποθεν.
1893 3050 2044 3101 εὈμιοιον
2065 3049 2132 3103 γὰρ
2155 3047 2192 3087 ὂν
2213 3050 2281 3086 τῶν
2309 3048 2428 3086 ἐπεισ-

1383 3113 1502 3152 ιόντων
1531 3129 1598 3151 τινι
1629 3112 1674 3151 τὰ
1705 3115 1767 3159 τῆς
1799 3109 1956 3154 ἐναντίας
1986 3109 2032 3147 τά
2051 3124 2090 3146 τε
2110 3123 2172 3155 της
2191 3107 2230 3145 τὸ
2259 3105 2429 3157 παράπαν

1383 3172 1492 3219 ἄλλης
1513 3173 1667 3225 φύσεως,
1688 3170 1783 3210 ὁπότ’
1805 3169 1919 3217 ἔλθοι,
1943 3167 2129 3220 δεχόμενον
2149 3166 2265 3206 κακῶς
2284 3178 2325 3200 αν
2342 3164 2427 3215 ἀφο-

1383 3236 1498 3280 μοιοῖ,
1517 3230 1580 3277 τὴν
1597 3233 1701 3269 αυτοῦ
1719 3234 1961 3282 παρεμφαῖνον
1982 3226 2007 3265 ὅν
2031 3241 2073 3265 ιν.
2130 3224 2192 3262 Διὸ
2209 3222 2268 3261 καὶ
2287 3221 2428 3259 πάντων

1383 3290 1478 3333 ἐκτὸς
1504 3290 1604 3327 εἰδων
1637 3292 1725 3326 εἰναι
1752 3285 1866 3340 χρεὼν
1885 3285 1924 3324 τὸ
1946 3284 1990 3324 τὰ
2011 3283 2126 3322 πάντα
2148 3279 2366 3330 ἐκδεξάμενον
2393 3281 2428 3317 ἐν

1383 3363 1477 3385 αυτω
1521 3347 1602 3399 γένη
1617 3377 1627 3394 ,
1663 3346 1824 3398 καθάπερ
1857 3344 1938 3397 περὶ
1973 3342 2018 3382 τὰ
2065 3341 2286 3391 ἀλείμματα,
2318 3338 2429 3377 ὁπόσα

1384 3405 1509 3456 εὐώδη,
1524 3406 1629 3459 τέχνῃ
1650 3408 1879 3458 μηχανῶνται
1895 3406 2032 3456 πρῶτον
2047 3402 2140 3440 τοῦτ’
2154 3398 2239 3439 αὐτὸ
2257 3398 2429 3450 ὑπάρχον,

1387 3468 1543 3502 ποιοῦσιν
1564 3465 1617 3503 ὅτι
1647 3465 1802 3516 μάλιστα
1836 3462 1953 3510 ἀνώδη
1979 3477 2022 3500 τα
2053 3459 2107 3505 δεξ
2109 3459 2216 3511 όμενα
2249 3456 2338 3510 ὑγρὰ
2369 3459 2431 3500 τὰς
