2638 3840
0 2777 5 2789 Ι

0 2798 5 2813 ὴ

0 2818 7 2913 ἑ,

0 2941 9 2949 ’

336 261 356 285 ,Ι
1201 228 1267 265 DE
1304 224 1622 265 PYTHAGORA

334 334 412 363 tum
437 325 584 362 rexisse
605 323 750 375 prodit,
788 322 890 360 haud
925 316 1227 358 contemnendus
1260 315 1381 352 Samii
1417 315 1422 375 Ῑ
1450 328 1527 352 non
1549 313 1671 362 magis
1690 311 1919 362 Pythagorae
1931 323 2046 362 quam
2063 311 2229 350 aliorum
2252 311 2499 363 philosopho·

333 383 557 435 philosophi
576 395 774 421 successor
788 382 1086 430 dogmatumque
1099 375 1183 426 ejus
1197 374 1378 412 defensor
1448 388 1533 412 rum
1560 372 1785 410 memoriam
1806 370 2058 422 amplissimis
2077 372 2337 410 monumentis
2360 382 2497 410 conse-

333 443 420 480 suit.
439 442 537 481 Sunt
556 442 623 492 qui
645 442 692 479 de
711 438 1050 478 nominehominis
1071 434 1262 481 dubitent,
1281 432 1386 484 quod
1418 453 1422 480 t
1450 433 1586 471 cravit.
1611 432 1784 481 Namque
1805 429 2008 468 ferebatur
2028 430 2121 468 olim
2149 429 2238 482 ejus
2260 439 2502 470 commenta-

334 510 408 539 tam
436 501 538 554 apud
557 500 816 538 Jamblichum
835 511 949 549 quam
971 495 1073 547 apud
1093 493 1287 531 Stobaeum
1307 505 1379 529 va·
1418 484 1422 539 ξ
1450 493 1533 530 rius
1578 491 1626 529 de
1655 490 1821 528 musices
1872 488 2085 527 secundum
2137 489 2420 541 Pythagoricos
2462 499 2502 528 et

334 561 392 598 rie
427 559 625 599 scribitur.
674 559 767 597 Nam
810 558 851 595 in
896 553 1124 594 melioribus
1168 551 1382 590 Jamblic'11i
1418 541 1422 633 i
1454 553 1729 590 Aristoxenum
1763 548 2008 596 differentia,
2043 561 2092 587 ex
2122 562 2200 600 quo
2233 549 2361 588 locum
2389 550 2502 588 affert

333 618 625 671 exemplaribus
653 632 769 655 manu
789 616 953 655 exaratis
980 615 1119 651 Aresas
1144 611 1379 663 appellatur,
1448 610 1695 663 Porphyrius
1718 608 1767 647 ad
1793 607 1994 645 Ptolemaei
2019 607 2253 647 Harmonica
2273 609 2316 647 in
2335 606 2502 648 Wallisii

334 679 373 715 in
402 679 489 716 aliis
517 678 746 716 Oresander.
774 672 961 714 Similiter
988 674 1029 710 in
1056 671 1216 723 optimis
1239 668 1384 707 Stobaei
1419 639 1422 734 Ξ
1449 670 1564 721 Oper.
1582 678 1677 707 tom.
1698 667 1754 705 llI
1774 679 1812 718 p.
1837 680 1928 714 210,
1948 679 2062 717 quein
2085 667 2127 705 in
2153 667 2384 707 illustranda
2403 669 2503 707 Ari-

335 736 572 774 membranis
595 741 732 773 Aresas
758 742 932 781 vocatur,
960 732 1002 769 in
1022 729 1256 781 quibusdam
1280 728 1386 766 AEsa-
1419 739 1423 816 Ι
1450 728 1602 767 stoxeni
1620 726 1798 765 doctrina
1811 726 2002 775 integrum
2021 724 2225 765 exhibebo.
2245 726 2357 765 Hunc
2373 736 2499 766 autem

334 809 412 843 ras,
435 797 475 833 in
493 795 691 833 nonnullis
711 793 847 831 Isaras.
872 790 950 829 Nos
976 791 1136 827 Aresam
1161 787 1387 826 nominabi-
1450 799 1572 839 prope
1589 785 1736 838 ubique
1757 793 1911 824 secutus
1935 792 1993 823 est
2008 813 2019 833 ,
2049 785 2200 824 etiamsi
2216 798 2318 839 saepe
2333 800 2412 826 non
2431 800 2502 826 no·
2535 797 2539 800 ”

335 868 432 893 mus.
466 855 592 900 Quum
629 863 751 890 autem
787 850 1031 888 Jamblichus
1057 849 1099 887 in
1131 848 1197 898 iis,
1220 860 1306 898 quae
1337 846 1385 884 de
1419 821 1423 902 1
1450 845 1585 893 minat,
1611 844 1844 882 Ptolemaeus
1872 843 1914 882 in
1935 843 2203 894 Harmonicis;
2232 845 2346 897 cujus
2375 846 2432 885 rei
2453 855 2504 885 te-

334 914 408 951 hoc
442 913 638 964 sapientiae
670 911 829 948 doctore
859 909 990 956 refiert,
1019 907 1297 946 Nicomachum
1321 906 1383 943 v'el
1420 905 1423 957 Ι
1451 912 1546 941 stem
1560 902 1747 941 habemus
1761 901 2024 953 Porphyrium
2037 902 2340 943 adPtolemaeum
2351 918 2393 957 p.
2413 919 2502 956 191.

338 973 616 1018 Dicaearchum,
645 970 899 1019 gravissimos
921 977 1118 1015 auctores,
1142 975 1294 1006 secutus
1311 967 1382 1013 sit,
1420 960 1423 980 ¹
1451 962 1557 1000 Idem
1583 975 1676 1013 pag.
1706 975 1776 1011 191
1807 960 1948 1008 refert,
1987 960 2237 1001 Ptolemaeum
2270 962 2503 1015 plerumque

337 1035 491 1069 Arc-sam
527 1031 630 1068 circa
659 1029 931 1081 Olympiadem
965 1027 1287 1079 septuagesimam
1325 1026 1386 1063 vel
1420 1051 1423 1088 Ι
1449 1021 1784 1073 Pythagoreorum
1818 1019 1997 1070 vestigiis
2023 1020 2190 1070 ingredi.
2207 1021 2310 1060 Citat
2327 1035 2421 1061 vero
2440 1024 2505 1063 Di-

336 1091 437 1127 circa
467 1102 610 1127 annum
638 1088 990 1139 quingentesimum
1023 1096 1111 1124 ante
1137 1085 1228 1125 Chr.
1250 1099 1289 1125 n.
1316 1085 1387 1122 sso-
1421 1090 1423 1121 Ι
1452 1081 1560 1132 dymi
1575 1079 1723 1119 librum
1743 1083 1930 1132 praeterea
1949 1094 1990 1131 p.
2009 1094 2102 1131 209.
2125 1095 2202 1119 210
2223 1090 2262 1120 et
2277 1096 2368 1123 212.
2389 1083 2504 1135 Ejus-

336 1150 462 1187 ruisse
481 1147 758 1186 existimamus.
780 1146 948 1185 Unicum
968 1144 1052 1196 ejus
1081 1146 1337 1195 fragmentum
1366 1157 1386 1182 e
1451 1139 1538 1178 dem
1573 1138 1654 1192 περὶ
1691 1138 1907 1191 ὁμοιοτήτων
1940 1139 2127 1178 volumen
2169 1141 2339 1192 primum
2358 1142 2503 1182 'laudat
2537 1136 2549 1145 ’

337 1209 440 1246 libro
462 1208 509 1246 de
540 1216 678 1245 natura
695 1206 867 1244 hominis
896 1207 939 1244 in
973 1204 1130 1254 Eclogis
1153 1203 1269 1242 habet
1297 1204 1389 1242 Sto-
1450 1211 1538 1249 pag·
1583 1212 1673 1236 210-
1707 1198 1816 1236 Adde
1846 1197 1953 1249 quod
1997 1198 2174 1238 Clemens
2211 1199 2500 1242 Alexandrinus

336 1267 456 1305 baeus.
490 1267 662 1318 Apparet
692 1279 740 1303 ex
771 1265 841 1303 illo
876 1265 962 1302 loco
997 1263 1198 1301 Lucanum
1227 1260 1405 1300 virtutis
1451 1257 1595 1297 Strom.
1626 1257 1696 1297 lib.
1715 1257 1733 1295 I
1751 1271 1791 1309 p.
1819 1258 1909 1295 300.
1939 1257 2016 1307 309
2036 1265 2074 1295 et
2095 1257 2164 1295 lib.
2195 1257 2247 1296 lv
2275 1271 2316 1310 p.
2337 1259 2413 1298 503
2434 1260 2505 1299 Di-

337 1327 564 1376 magistrum
583 1326 636 1363 ita
652 1324 881 1363 disseruisse
896 1324 944 1361 de
966 1323 1170 1361 hominum
1200 1322 1384 1372 ingeniis,
1420 1315 1424 1364 ξ
1452 1319 1613 1370 dymum
1637 1319 1679 1356 in
1713 1316 1850 1355 libello
1880 1317 1929 1355 de
1963 1316 2225 1367 Pythagorica
2251 1317 2505 1371 philosophia

335 1395 377 1424 ut
413 1386 595 1437 inprimis
635 1384 755 1422 animi
792 1384 951 1422 humani
987 1391 1166 1421 naturam
1197 1381 1385 1431 viresque
1421 1368 1424 1419 l
1455 1382 1511 1432 (ἐν
1548 1384 1598 1433 τῷ
1635 1379 1716 1434 περὶ
1743 1380 1990 1431 Πυθαγορικῆς
2033 1379 2258 1433 φιλοσοφίας)
2299 1390 2499 1422 memorat.

338 1444 578 1496 patefaceret.
601 1443 698 1482 Tres
732 1456 826 1481 vero
856 1442 977 1480 animi
1010 1450 1139 1493 partes
1159 1454 1244 1479 esse
1275 1440 1383 1488 vult,
1451 1440 1526 1478 Sed
1547 1439 1742 1478 uberrime
1762 1439 1959 1490 Didymus
1976 1438 2024 1476 de
2047 1438 2373 1491 philosophorum
2398 1441 2506 1480 fami·

338 1512 517 1551 mentem,
539 1503 789 1554 cupiditatem
804 1511 842 1540 et
860 1501 1118 1548 iracundiam,
1140 1513 1303 1551 quarum
1329 1500 1391 1537 in·
1420 1507 1424 1599 ἱ
1451 1499 1517 1538 liis
1536 1499 1765 1550 disputavit.
1783 1498 1916 1549 Neque
1935 1498 2038 1536 enim
2059 1506 2117 1536 est
2134 1511 2183 1536 ex
2201 1498 2384 1538 omnibus
2406 1513 2505 1551 quos

340 1572 398 1601 ter
422 1576 461 1601 se
478 1562 800 1601 necessitudinem
820 1562 1000 1612 explicat.

1453 1558 1638 1596 novimus
1665 1557 1862 1609 Didymis,
1884 1557 1949 1595 cui
1978 1557 2108 1608 potius
2129 1557 2302 1608 assignes
2319 1571 2501 1609 magnum

397 1626 578 1659 Aris-[ceas-
598 1622 681 1659 sive
700 1625 886 1658 Aristoeon
903 1649 912 1667 ,
950 1620 1233 1671 Damophontis
1266 1620 1385 1667 filius,
1421 1607 1424 1652 l
1451 1616 1551 1655 illud
1564 1629 1663 1667 opus
1681 1618 1728 1653 de
1742 1616 2051 1666 philosophorum
2066 1620 2173 1653 sectis
2190 1629 2212 1654 e
2233 1617 2356 1655 variis
2372 1627 2504 1657 aucto-

340 1681 601 1727 Crotoniates‚
619 1680 850 1730 Pythagorae
862 1692 1059 1716 successor
1074 1687 1111 1716 et
1132 1692 1250 1728 gener
1266 1678 1388 1729 (103),

341 1740 478 1778 conica
496 1740 652 1791 scripsit
671 1748 709 1776 et
724 1739 897 1789 quinque
913 1738 1037 1776 libros
1066 1738 1113 1776 de
1135 1738 1231 1775 locis
1252 1738 1390 1777 solidis

346 1812 511 1849 quorum
535 1798 711 1835 meminit
727 1797 883 1848 Pappus
912 1797 1028 1834 initio
1056 1796 1126 1835 lib.
1148 1795 1216 1832 Vll
1238 1796 1387 1834 collect.

340 1858 520 1897 mathem.
542 1858 669 1908 iisque
687 1869 800 1894 usum
820 1856 938 1894 fuisse
951 1855 1150 1894 Euclidem
1166 1857 1301 1893 auctor
1317 1864 1389 1896 est.

340 1917 465 1955 Porro
476 1917 524 1955 de
535 1918 665 1955 anima
678 1917 788 1954 illum
800 1916 975 1966 quaedam
993 1922 1289 1954 commentatum
1307 1927 1391 1953 esse

341 1984 448 2014 notat
468 1975 707 2014 Claudianus
724 1975 934 2013 Mamertus
964 1975 1012 2013 de
1031 1984 1128 2013 statu
1157 1975 1295 2012 animae
1315 1973 1386 2012 lib.

342 2035 380 2072 ll
401 2048 487 2086 cap.
514 2050 533 2083 7
551 2049 591 2086 p.
617 2036 705 2072 126.
730 2035 909 2085 Demque
929 2048 1018 2073 eum
1036 2035 1083 2072 de
1102 2034 1306 2072 harmonia
1319 2047 1391 2071 vo-

341 2095 472 2132 lumen
489 2094 755 2144 composuisse
768 2093 955 2132 discimus
973 2107 993 2131 e
1007 2093 1158 2131 Stobaeo
1176 2093 1244 2144 qui
1260 2093 1388 2131 locum

341 2153 433 2190 inde
467 2161 689 2203 excerptum
725 2152 773 2190 de
808 2153 943 2191 mundi
969 2152 1181 2190 aeternitate
1212 2153 1391 2190 servavit.
1422 2201 1424 2203 Ι

340 2212 485 2264 Nempe
494 2211 768 2263 Pythagoricis
783 2211 989 2250 harmonia
999 2220 1056 2250 est
1070 2225 1198 2250 rerum
1220 2221 1391 2263 aspecta·
1421 2227 1424 2258 g

341 2271 481 2308 bilium
508 2270 604 2308 ordo
625 2283 739 2320 quem
755 2283 965 2321 perennem
981 2284 1066 2309 esse
1085 2270 1240 2317 debere,
1271 2285 1391 2322 quum

342 2331 459 2377 Deus,
483 2337 610 2367 motor
628 2329 824 2377 universi,
846 2332 929 2380 ipse
947 2339 1113 2368 aeternus
1130 2330 1193 2376 sit,
1215 2330 1392 2382 disputa·

342 2388 447 2425 tione
478 2388 547 2427 illa
579 2388 771 2426 Aristaeon
817 2388 970 2427 efficere
1007 2390 1147 2429 studet.
1182 2386 1391 2429 Contendit

341 2447 444 2484 enim
467 2447 552 2485 fleri
572 2461 769 2498 nunquam
791 2449 978 2499 potuisse,
999 2457 1043 2487 ut
1064 2449 1165 2488 Deus
1185 2463 1390 2500 procreare

343 2506 529 2543 mundum
550 2507 764 2557 inciperet,
787 2508 879 2558 quia
910 2520 1009 2558 opus
1040 2507 1280 2545 laboriosum
1317 2508 1389 2559 sit,

343 2563 454 2602 labor
476 2573 602 2602 autem
621 2565 663 2602 in
679 2566 803 2604 Deum
825 2580 904 2604 non
920 2565 1114 2604 cadat.1ta
1135 2579 1180 2604 ea
1197 2580 1282 2616 quae
1303 2576 1394 2605 sunt

347 2635 510 2672 quaeque
525 2632 736 2661 cernuntur
751 2633 888 2663 cuncta
901 2638 981 2662 non
999 2637 1082 2662 esse
1096 2624 1228 2662 subito
1248 2634 1390 2673 creata,

345 2680 411 2718 sed
429 2682 662 2731 sempiterna
678 2695 890 2733 eorumque
907 2683 950 2720 in
969 2682 1079 2720 omni
1099 2683 1309 2721 aeternitate
1329 2697 1392 2722 ra·-

346 2749 425 2776 tum
442 2740 802 2792 immutabilemque
823 2742 1014 2779 ordinem.
1040 2741 1230 2780 Caeterum
1256 2756 1305 2781 ne
1330 2744 1393 2782 cui

345 2798 487 2835 mirum
515 2799 711 2848 videatur,
737 2801 842 2850 quod
864 2809 1052 2851 quatenus
1083 2801 1259 2839 divinum
1293 2803 1391 2841 illud

346 2858 586 2908 principium
619 2860 752 2897 omnia
769 2873 818 2897 ex
851 2873 891 2898 se
919 2860 1006 2910 ipso
1042 2870 1194 2898 moveat
1228 2862 1393 2900 Aristaeo
1422 2892 1424 2897 .

1422 2947 1424 2954 .
1453 2919 1511 2958 ibi
1530 2920 1697 2969 vestigia
1715 2926 1925 2970 appareant
1947 2931 1955 2955 :
1975 2917 2017 2954 in
2031 2917 2104 2955 hoc
2123 2917 2159 2955 ei
2176 2930 2420 2969 nequaquam
2441 2932 2502 2958 as·

342 2915 478 2966 judice
510 2927 645 2954 natura
672 2918 830 2965 dicitur,
864 2918 1071 2956 tenendum
1091 2928 1166 2967 est,
1191 2920 1392 2972 haudqua-

339 2988 463 3025 ‚quam
485 2989 613 3013 rerum
629 2985 842 3014 creatarum
863 2977 1149 3015 multitudinem
1168 2987 1206 3016 et
1225 2981 1392 3018 varieta-

349 3034 616 3084 temintelligi,
632 3035 698 3073 sed
710 3044 885 3073 naturam
901 3045 1081 3073 aeternam
1093 3045 1207 3087 atque
1222 3037 1270 3074 ab
1286 3039 1393 3077 omni
1422 3030 1424 3042 ¹

348 3093 593 3131 concretione
615 3095 770 3132 mortali
800 3103 1058 3144 segregatam,
1090 3109 1204 3146 quam
1232 3096 1392 3136 Eleatici

347 3155 445 3190 entis
466 3153 625 3190 nomine
645 3153 856 3191 affecerunt
884 3154 1004 3204 (104).
1296 3163 1299 3166 “

340 3228 343 3268 ὲ
401 3214 584 3259 Didymus
602 3211 886 3262 Pythagoreus,
903 3211 1069 3250 Neronis
1087 3214 1246 3262 aequalis
1266 3214 1391 3266 (105),

342 3323 345 3339 ¹
392 3325 477 3366 (103)
493 3325 694 3357 Jamblichus
709 3324 749 3356 de
767 3325 825 3357 vit.
839 3326 974 3366 Pythag.
998 3335 1069 3366 cap.
1085 3330 1135 3359 36.
1151 3345 1190 3350 —
1205 3328 1292 3369 (104)
1311 3330 1394 3363 Vide
1422 3301 1424 3312 ἵ

348 3370 600 3410 disputationem
616 3372 656 3404 de
677 3372 867 3405 Paumenide
889 3373 1008 3405 Philus.
1023 3374 1127 3406 Graec.
1146 3376 1272 3416 Fragm.
1296 3377 1359 3408 vol.
1379 3380 1393 3409 1

348 3426 381 3457 p.
407 3422 476 3458 112,
490 3420 598 3451 annot.
619 3422 669 3452 33.
838 3425 842 3428 ”

390 3464 475 3506 (105)
495 3465 569 3498 Vid.
588 3465 736 3499 Heerenii
754 3467 1060 3501 commentationem
1074 3467 1114 3501 de
1133 3468 1278 3501 sontibus
1296 3471 1389 3502 Eclo-
1421 3468 1424 3489 ²

1453 1674 1564 1714 ribus
1575 1684 1799 1726 excerptum
1816 1683 1930 1725 atque
1943 1687 1967 1712 a
1979 1673 2131 1712 Stobaeo
2143 1676 2369 1724 lectitatum,
2388 1690 2504 1728 quam

1453 1736 1488 1773 is
1518 1735 1566 1773 de
1599 1748 1677 1786 quo
1702 1733 1769 1772 hic
1801 1734 2008 1773 disseritur
2039 1733 2322 1785 Pythagoreus.
2363 1739 2505 1775 Verum

1453 1794 1599 1846 duplex
1620 1794 1694 1832 fuit
1712 1794 1846 1845 operis
1871 1793 2081 1845 inscriptio
2094 1823 2105 1842 ,
2129 1794 2321 1845 siquidem
2342 1794 2392 1833 ab
2412 1795 2502 1835 aliis

1452 1856 1500 1891 cle
1519 1858 1626 1891 sectis
1655 1852 1760 1906 (περὶ
1780 1852 1968 1905 αἱρέσεων)
2002 1854 2122 1905 (106),
2141 1853 2191 1892 ab
2219 1854 2308 1893 aliis
2337 1857 2506 1906 Epitome

1454 1913 1757 1953 inscribebatur.
1797 1913 1885 1959 Quo
1921 1914 2062 1951 factum
2095 1922 2152 1952 est
2183 1922 2227 1952 ut
2257 1913 2435 1954 Stobaeus
2461 1917 2503 1955 in
2560 1937 2566 1943 ·

1454 1973 1636 2023 Florileg.
1662 1972 1769 2020 CIII,
1793 1973 1838 2010 18
1859 1973 2023 2024 Didymi
2057 1973 2312 2023 fragmentum
2338 1986 2388 2012 ex
2403 1975 2504 2026 Epi-

1453 2043 1556 2072 tome
1583 2041 1846 2085 proponeret,
1880 2032 1948 2070 sed
1981 2041 2024 2070 ut
2054 2031 2190 2082 Eclog.
2216 2031 2288 2072 lib.
2311 2032 2350 2070 11
2368 2046 2453 2085 cap.
2481 2049 2496 2072 1

1452 2093 1582 2131 locum
1600 2105 1622 2131 e
1638 2092 1847 2131 volumine
1865 2091 1914 2129 de
1934 2091 2049 2130 sectis
2063 2091 2269 2143 proferret.
2288 2093 2414 2140 Quum
2432 2106 2506 2131 au-

1454 2159 1529 2189 tem
1546 2151 1802 2200 fragmentum
1817 2163 1866 2188 ex
1873 2150 2052 2202 Epitome
2063 2159 2230 2188 sumtum
2240 2149 2357 2189 simul
2372 2152 2504 2191 inlon-

1454 2211 1612 2260 gissimo
1624 2209 1854 2260 Eclogarum
1871 2210 1996 2261 capite
2008 2210 2112 2260 (107)
2128 2209 2176 2247 de
2188 2210 2326 2248 morali
2334 2211 2506 2262 philoso-

1454 2269 1548 2319 phia
1566 2277 1760 2316 occurrat,
1782 2267 1853 2306 ubi
1871 2264 2205 2315 Academicorum,
2225 2267 2447 2308 Stoicorum
2466 2279 2505 2309 et

1452 2328 1803 2380 Peripateticorum
1830 2326 2041 2378 disciplina
2071 2326 2283 2378 exponitur
2314 2336 2430 2379 atque
2461 2329 2505 2368 in

1454 2387 1582 2425 media
1615 2388 1836 2437 dogmatum
1869 2385 2135 2436 Peripateticae
2167 2385 2309 2424 scholae
2335 2387 2504 2438 explica·

1453 2447 1559 2484 tione
1573 2445 1735 2496 Didymi
1749 2444 1870 2483 verba
1882 2444 2079 2494 leguntur,
2098 2452 2201 2482 recte
2213 2445 2347 2483 statuit
2361 2444 2503 2485 Heere-

1453 2506 1558 2552 nius,
1570 2518 1650 2542 non
1662 2504 1785 2542 solum
1799 2504 1899 2541 hanc
1914 2503 2028 2541 istius
2044 2503 2182 2554 capitis
2190 2512 2337 2555 partem
2349 2518 2436 2556 quae
2446 2514 2505 2544 est

1454 2566 1501 2602 de
1522 2563 1812 2615 Peripateticis,
1833 2561 1899 2600 sed
1926 2570 2050 2600 totum
2067 2570 2183 2613 caput
2198 2562 2303 2613 quod
2321 2562 2500 2603 Stobaeus

1453 2622 1561 2661 nullo
1573 2630 1730 2660 auctore
1749 2622 1868 2661 citato
1882 2620 2036 2670 Eclogis
2055 2621 2137 2659 suis
2155 2621 2322 2660 inseruit
2333 2622 2503 2675 Didymo

1452 2695 1536 2720 esse
1562 2681 1880 2733 adjudicandum.
1921 2681 1970 2719 At
2004 2680 2109 2731 quod
2140 2680 2243 2719 idem
2275 2682 2341 2720 vir
2364 2682 2503 2723 doctus

1453 2741 1670 2791 suspicatur
1693 2739 1741 2777 ad
1759 2739 1888 2789 Eclog.
1909 2739 1978 2778 lib.
1999 2738 2037 2777 11
2057 2752 2143 2790 cap.
2169 2753 2184 2776 1
2211 2753 2252 2790 p.
2278 2739 2341 2787 15,
2369 2740 2521 2792 Didy-

1455 2813 1560 2838 mum
1592 2799 1764 2839 Platonis
1795 2798 2012 2836 imitatione
2038 2798 2242 2849 scripsisse
2271 2798 2471 2849 dialogum
2486 2829 2499 2848 ,

1453 2860 1545 2910 quia
1556 2871 1811 2911 personarum
1823 2858 1925 2896 inter
1947 2870 1987 2896 se
1997 2858 2302 2909 colloquentium
2321 2859 2498 2910 quaedam

1455 2979 1658 3017 sentimur.
1695 2977 1828 3028 Neque
1853 2977 1956 3015 enim
1987 2976 2034 3014 ad
2062 2990 2147 3014 eam
2169 2976 2334 3014 formam
2365 2986 2502 3018 caetera

1457 3047 1548 3076 sunt
1579 3051 1666 3089 quae
1694 3050 1744 3075 ex
1773 3036 1848 3074 ista
1887 3034 2085 3087 sapientiae
2113 3035 2286 3074 doctoris
2318 3035 2500 3088 Epitome

1423 3097 1424 3111 ³
1453 3110 1654 3148 superesse
1697 3094 1814 3134 nobis
1850 3107 2078 3145 persuasum
2112 3103 2185 3134 est.
2234 3095 2368 3138 Potuit
2405 3109 2498 3134 sane

1422 3154 1424 3169 ¹
1455 3156 1647 3207 Didymus
1666 3156 1709 3194 in
1721 3163 1830 3207 parte
1849 3154 1979 3205 operis
2001 3153 2147 3191 imitari
2164 3153 2365 3192 Platonem
2387 3155 2500 3206 prin·-

1456 3216 1641 3266 cipesque
1668 3214 1854 3253 doctrinae
1882 3226 1967 3251 eum
1998 3212 2203 3264 discipulis
2233 3213 2499 3264 colloquentes

1452 3340 1563 3371 garum
1581 3332 1716 3365 ,loannis
1742 3331 1960 3365 Stobaeivol.
1986 3331 2032 3363 IV
2054 3333 2178 3371 p..191.
2203 3348 2246 3354 —
2269 3330 2356 3372 (106)
2383 3330 2431 3362 sic
2449 3330 2496 3363 le-

1452 3379 1591 3418 gendum
1622 3389 1698 3412 cum
1727 3379 1897 3419 Heerenio,
1928 3378 2047 3420 rejecta
2069 3378 2223 3411 codicum
2245 3378 2405 3420 scriptura
2427 3379 2498 3420 περὶ

1452 3427 1610 3466 αἱρέσεως.

1501 3472 1597 3514 (107)
1619 3472 1712 3507 Stob.
1733 3473 1842 3514 Eclog.
1861 3471 1958 3507 mxu
1978 3481 2050 3514 cap.
2071 3475 2088 3507 7
2110 3481 2144 3513 p.
2167 3475 2207 3506 32
2226 3481 2316 3515 seqq.
2336 3472 2388 3506 ed.
2412 3475 2480 3507 Hee
