2638 3840
674 239 897 290 EIUSQUE
923 235 1207 279 mscn’ULls
1239 236 1303 276 m·
1330 231 1753 276 SUCCESSORIBUS.

139 337 387 388 antiquarum
405 333 625 372 litterarum
644 327 920 369 monumentis.
937 326 994 365 Ac
1005 325 1176 379 primum

139 396 298 448 quidem
318 393 412 432 libri
442 391 529 443 ejus
547 390 597 429 de
625 389 766 442 pietate
787 386 1044 436 fragmentum
1067 383 1181 422 affert

137 454 313 495 Stobaeus
341 452 384 495 in
412 450 570 501 Eclogis
586 478 598 498 ,
617 460 667 488 ex
683 460 763 499 quo
781 445 989 492 discimus,
1020 456 1102 482 non
1128 455 1177 480 ex

137 512 309 553 numeris
322 540 334 558 ,
355 523 441 562 quae
459 509 735 561 plerorumque
757 504 981 543 Graecorum
999 502 1072 540 fuit
1089 501 1179 552 opi-

136 573 227 619 nio,
257 570 324 609 sed
357 568 405 607 ad
428 578 677 607 numerorum
709 576 884 602 normam
913 561 1048 600 omnia
1073 560 1180 598 nasci

138 631 398 683 Pythagoram
408 627 649 666 existimasse
665 622 700 677 (ι
709 623 785 676 76).
797 621 948 661 Deinde
960 619 1182 659 condidisse

136 703 221 730 eam
256 687 428 727 carmina
448 684 646 724 memoriae
678 682 812 736 prodit
842 680 1023 719 Clemens
1053 677 1177 729 (177).

135 749 329 788 Praeterea
346 759 425 785 non
445 744 571 784 solum
591 740 892 782 commentarios
912 739 961 778 de
979 737 1181 790 sapientia.-

135 807 346 859 disciplina
363 802 597 850 confecisse,
624 801 692 840 sed
716 801 833 839 etiam
855 796 1182 850 apophthegmata

139 875 177 906 et
202 873 380 919 poemata
402 863 514 915 epica
538 861 743 912 reliquisse
761 872 846 899 eam
862 865 998 896 auctor
1018 864 1078 894 est
1093 854 1182 894 Sui-

137 925 208 963 das
228 926 260 968 (ι
269 924 349 974 78).
370 922 572 960 Postremo
592 918 678 970 ejus
706 918 755 956 ad
773 917 1012 956 'riman-etam
1030 913 1177 966 episto·

137 982 213 1020 lam
233 981 326 1020 citat
343 979 484 1018 Pollux
502 976 573 1017 lib.
592 975 626 1015 X
644 973 730 1028 cap.
762 977 798 1014 3.
832 974 1027 1013 Feruntur
1051 979 1178 1010 autem

137 1042 179 1080 in
198 1039 402 1080 codicibus
421 1051 536 1076 manu
552 1036 720 1075 exaratis
737 1034 810 1074 sub
823 1033 909 1086 ejus
924 1032 1084 1072 nomine
1096 1030 1187 1083 plu-

136 1112 199 1138 res
222 1098 419 1151 epistoloe‚
452 1096 566 1135 editae
590 1095 640 1134 ab
670 1095 788 1135 Henr.
821 1093 1016 1146 Stephano
1051 1092 1177 1144 (179),

139 1157 243 1196 Luca
272 1155 474 1195 flolstenio
497 1152 619 1207 (180),
646 1152 710 1193 Jo.
742 1152 860 1192 Conr.
879 1151 1030 1190 Orellio
1061 1150 1185 1201 (181).

135 1216 214 1255 Nos
241 1223 383 1268 praeter
404 1214 658 1264 fragmentum
687 1211 789 1250 illud
811 1210 916 1263 quod
936 1209 1090 1249 Stobaeo
1109 1208 1186 1248 de-

140 1274 278 1314 bemus
296 1285 438 1326 paucas
463 1271 550 1323 ejus
567 1270 778 1310 sententias
793 1283 815 1308 e
830 1269 953 1308 variis
973 1268 1185 1320 scriptori-

138 1333 214 1374 bus
246 1333 439 1389 'collectas
472 1330 576 1369 infra
622 1342 768 1381 ponere
806 1329 900 1368 satis
937 1327 1183 1367 habebimus.

138 1391 375 1432 Censorinus
407 1389 457 1429 de
486 1389 551 1428 die
579 1388 698 1427 natali
725 1401 811 1440 cap.
843 1402 863 1436 7
890 1387 1074 1435 Theano,
1095 1387 1187 1425 Ari-

138 1521 193 1556 tlh.
207 1521 298 1560 Vlss.
311 1521 352 1553 ⁴3
368 1532 378 1553 ε
396 1518 585 1561 σύγγραμμα
604 1517 638 1550 δὲ
658 1516 779 1559 φέρεται
793 1518 850 1549 τοῦ
872 1514 1054 1556 Τηλαύγους
1079 1514 1187 1553 οὐδέν.

136 1574 191 1608 τῆς
205 1569 239 1603 ἃ
252 1567 366 1611 μητρὸς
375 1568 472 1600 αὐτοῦ
483 1567 621 1603 Θεανοῦς
634 1575 714 1598 τινα.
726 1583 767 1591 -
786 1564 873 1604 (176)
890 1562 964 1596 Vid.
978 1562 1091 1603 fragm.
1106 1565 1135 1595 1.
1147 1578 1188 1586 —

136 1617 225 1658 (177)
238 1615 384 1650 Clemens
395 1613 630 1647 Alexandrinus
647 1614 767 1647 Sti-om.
785 1610 840 1643 lib.
858 1612 869 1643 Ι
890 1619 922 1652 p.
942 1612 1005 1643 309
1026 1622 1034 1642 :
1053 1609 1189 1651 Δίδυμος

137 1664 170 1696 ἄν
189 1665 237 1705 τῷ
247 1664 317 1704 περὶ
333 1662 544 1702 κνθαγοριιιῆς
563 1657 745 1701 φιλοσοφίας
767 1657 878 1691 Θεανὼ
899 1656 957 1695 τὴν
978 1657 1188 1699 Κροτωνιᾶτιν

137 1711 265 1754 πρώτην
276 1712 411 1752 γυναῖκα
422 1709 630 1750 φιλοσοφῆσαι
642 1706 696 1739 καὶ
709 1706 868 1747 ποιήματα
878 1704 996 1748 γράψαι
1009 1706 1137 1745 ἱστορεῖ.
1146 1720 1189 1727 -

141 1757 229 1799 (178)
248 1756 363 1791 suidas
381 1764 391 1788 z
411 1754 624 1796 ὑπομνήματα
644 1752 798 1793 φιλόσοφοι
818 1752 872 1784 καὶ
890 1751 1118 1793 ἀποφθέγματα
1132 1752 1186 1784 καὶ

138 1805 301 1847 ποιήματα
310 1803 350 1836 δι’
364 1803 459 1836 ἐπῶν.
470 1818 515 1826 -
526 1799 614 1843 (179)
635 1801 786 1833 Theanus
798 1799 944 1840 epistolae
958 1798 1099 1839 vulgatae
1113 1801 1189 1832 sunt

139 1852 183 1885 ab
198 1853 299 1885 fleur.
311 1850 475 1892 stephano
490 1848 522 1880 ln
538 1846 687 1888 Diogeni·
706 1846 822 1880 Laertli
837 1845 989 1879 editione.
1013 1845 1066 1878 Sic
1079 1849 1188 1879 autem

141 1908 197 1933 eas
208 1897 373 1940 inscripsit
388 1905 398 1926 ε
414 1897 551 1933 Θεανοῦς
563 1895 743 1936 ἐπιστολαί,
759 1894 827 1933 ἥτις
845 1893 1059 1934 Πυθαγορείου
1079 1893 1189 1935 σοφίας

142 1945 279 1989 Θυγάτηρ
294 1943 570 1988 προσαγορεύεται.
589 1962 632 1971 -
650 1942 737 1983 (180)
749 1943 896 1980 Quatuor
907 1941 949 1974 ab
968 1941 1031 1974 illis
1043 1941 1188 1975 dlversas

141 2001 216 2039 «pn
239 1992 329 2033 prius
345 1993 376 2025 ln
393 1991 499 2024 lucem
518 1990 612 2023 edite
636 1994 728 2022 erant
743 1988 891 2022 Theanus
911 1987 1062 2030 epistolas
1072 1997 1111 2022 ex
1133 1998 1189 2022 co-

142 2041 215 2075 dlee
227 2039 386 2074 Vaticano
398 2037 518 2081 publici
527 2037 608 2079 juris
624 2035 698 2069 lecit
719 2037 819 2069 Lucas
832 2034 1018 2068 Holslenlns
1030 2035 1062 2068 in
1082 2039 1188 2069 Anno-

145 2086 327 2121 ustionibus
341 2085 381 2119 sd
397 2083 565 2127 Porphyrii
576 2084 676 2117 vitam
688 2083 877 2125 Pythagoraa
896 2091 965 2124 pag.
979 2086 1019 2116 22
1029 2091 1120 2124 seqq.
1135 2082 1188 2116 ed.

145 2135 276 2169 noster.
292 2151 332 2158 -
351 2132 439 2175 (181)
460 2133 498 2166 ln
521 2131 661 2165 socrum
679 2131 712 2164 el
727 2130 976 2172 Socraticorum,
994 2129 1184 2172 Pythagorae

2197 245 2290 275 nvn

1239 324 1430 372 stotelom‚
1452 321 1742 374 Empedoclem,
1762 319 1861 358 alios
1875 319 1925 358 iis
1946 329 2175 358 annumerat
2198 321 2287 372 phi-

1240 384 1418 436 losophis
1444 383 1513 435 qui
1548 381 1752 421 mulierem
1786 379 1953 431 septimo
1988 392 2120 418 mense
2152 393 2289 432 parere

1241 456 1355 494 posse
1382 441 1562 482 arbitrati
1592 448 1696 479 sunt.
1717 438 1895 477 Meminit
1919 437 2005 488 ejus
2038 437 2291 490 'l'heophyla-

1242 511 1325 540 ctus
1345 502 1556 540 Simocatta
1571 500 1614 539 in
1634 498 1797 552 ἀπορίαις
1818 499 2003 551 φυσικαῖς,
2019 497 2112 536 item
2130 499 2292 550 Aposto-

1242 561 1319 599 lius
1338 559 1480 607 XVlll,
1502 560 1551 611 39
1565 557 1750 612 proverb.
1765 558 1922 597 Mortuo
1934 556 2157 608 Pythagora
2172 557 2289 609 (182),

1246 633 1295 659 ne
1306 620 1517 672 disciplina
1532 632 1555 657 a
1569 618 1709 657 marito
1730 616 1889 657 fundata
1909 616 2102 666 interiret,
2118 615 2290 654 scholam

1244 679 1332 730 ejus
1352 692 1438 717 cum
1465 678 1639 728 'l'elauge
1657 686 1695 715 et
1716 675 1946 715 Mnesarcho
1971 675 2065 714 filiis
2082 676 2289 725 regendam

1246 739 1432 791 suscepit.
1462 738 1597 776 Talem
1630 737 1753 787 igitur
1787 735 1990 774 mulierem
2004 763 2016 782 ,
2053 734 2187 786 quales
2225 736 2291 774 vix

1243 797 1408 849 singulae
1439 797 1606 846 singulis
1625 795 1777 835 saeculis
1799 802 2029 840 nascuntur,
2053 792 2290 833 Plutarchus

1244 856 1288 895 in
1308 858 1545 908 optimarum
1561 868 1723 894 numero
1743 854 1913 907 reponit.
1942 852 2095 892 Etenim
2115 853 2157 892 in
2177 853 2291 892 Prae-

1246 915 1369 967 ceptis
1392 913 1664 965 conjugalibus
1684 913 1790 965 (183)
1811 913 1866 952 ita
1885 911 2107 964 Eurydicen
2123 911 2289 951 affatur:

1251 991 1267 1009 «ι
1289 972 1544 1013 Namdivitis
1563 971 1730 1023 alicujus
1750 972 1927 1011 mulieris
1942 972 2109 1010 uniones
2131 979 2197 1010 aut
2216 972 2293 1010 ali-

1246 1032 1358 1085 cujus
1376 1031 1592 1085 peregrinae
1611 1031 1756 1070 sericas
1775 1039 1902 1070 vestes
1920 1029 2088 1082 adipisci
2111 1029 2237 1080 iisque
2257 1037 2293 1068 te

1247 1106 1389 1133 ornare
1419 1105 1498 1131 non
1517 1091 1669 1144 possis,
1702 1091 1778 1129 nisi
1801 1103 1940 1141 magna
1958 1102 2063 1128 emas
2092 1089 2259 1141 pecunia
2281 1102 2291 1128 τ

1246 1152 1314 1192 sed
1329 1152 1510 1192 Theanus
1528 1159 1753 1190 ornamenta
1770 1159 1808 1189 et
1825 1148 2065 1188 Cleobulinae
2081 1158 2118 1187 et
2138 1148 2294 1198 Gorgiis

1246 1225 1333 1263 quae
1354 1211 1536 1250 Leonidae
1557 1210 1630 1249 suit
1648 1223 1761 1257 uxor,
1780 1219 1817 1248 et
1831 1209 2040 1249 Timocleae
2068 1221 2155 1260 quae
2170 1206 2297 1245 Thea-

1246 1271 1356 1322 genis
1387 1284 1515 1322 soror,
1543 1279 1581 1310 et
1607 1270 1781 1308 Claudiae
1811 1270 1920 1308 illius
1951 1269 2111 1321 priscae,
2139 1276 2177 1306 et
2206 1266 2299 1305 Cor-

1247 1331 1360 1369 neliae
1381 1329 1579 1382 Scipionis
1608 1330 1756 1368 sororis
1777 1329 2019 1380 aliarumque
2051 1326 2217 1366 illustris
2246 1326 2299 1364 sa-

1248 1403 1319 1428 mae
1335 1390 1543 1428 mulierum
1567 1388 1687 1439 gratis
1707 1388 1798 1427 licet
1826 1388 1899 1426 tibi
1919 1400 2092 1434 sumere,
2117 1388 2244 1438 iisque
2265 1396 2300 1424 te

1246 1449 1432 1488 decorare
1458 1449 1658 1500 vitamque
1690 1447 1831 1498 degere
1859 1447 2069 1498 gloriosam
2096 1454 2212 1498 atque
2243 1446 2299 1485 se-

1247 1508 1372 1546 licem.
1388 1526 1404 1542 n

1247 1661 1281 1692 et
1298 1658 1568 1700 Pythagoreorum
1590 1658 1754 1700 epistolis,
1778 1657 1896 1700 mpsim
1917 1660 2007 1692 1815.
2025 1675 2070 1683 -
2085 1657 2175 1699 (182)
2189 1658 2297 1691 Theo—

1248 1705 1380 1738 doretus
1400 1707 1506 1738 Groec.
1530 1704 1637 1738 astect.
1656 1706 1759 1738 curat.
1778 1705 1835 1738 lib.
1860 1706 1902 1738 ΙΙ.
1925 1723 1967 1734 --
1992 1705 2080 1746 (¹83)
2102 1705 2295 1738 Plutarchus

1248 1753 1405 1795 Praecept.
1421 1752 1550 1793 conjug.
1567 1752 1632 1785 vol.
1652 1753 1715 1786 vu
1732 1761 1802 1794 pag.
1816 1755 1878 1786 ⁴29
1897 1761 1965 1794 seq.
1983 1752 2035 1785 ed.
2055 1754 2204 1786 nullam:
2220 1753 2301 1790 Τοὺς

1251 1800 1378 1844 μὲνγὰρ
1396 1800 1492 1838 τῆσδε
1512 1803 1567 1839 τῆς
1588 1799 1740 1838 πλουσίας
1765 1801 1974 1843 μαργαρίτας,
2001 1801 2055 1833 καὶ
2076 1800 2116 1833 τὰ
2134 1801 2229 1838 τῆσδε
2247 1803 2302 1838 τῆς

1248 1847 1334 1886 ξένης
1351 1848 1468 1889 σηρικὰ
1483 1848 1588 1880 λαδιῖν
1606 1847 1663 1880 οὐκ
1687 1848 1784 1887 ἔστιν,
1803 1847 1874 1881 οὐδὲ
1893 1849 2072 1890 περιθέσθαι
2083 1872 2093 1887 ‚
2116 1849 2160 1890 μὴ
2182 1849 2302 1880 πολλοῦ

1248 1893 1431 1935 πριαμένην·
1450 1893 1491 1926 τὰ
1508 1894 1542 1926 δὲ
1564 1895 1700 1931 θεανοῦς
1719 1894 1838 1936 κόσμια
1850 1918 1859 1933 ,
1890 1896 1943 1927 καὶ
1971 1894 2201 1932 Κλεοὸουλίνης
2214 1919 2221 1931 ,
2244 1896 2300 1927 καὶ

1249 1941 1395 1982 Γοργοῦς,
1412 1944 1467 1980 τῆς
1479 1941 1641 1974 Λεωνίδου
1653 1941 1813 1982 γυναικός,
1828 1942 1882 1974 καὶ
1899 1941 2099 1983 Τιμοκλείας,
2118 1945 2173 1980 τῆς
2188 1943 2302 1982 Θεαγέ-

1246 1998 1317 2025 νους
1335 1988 1484 2030 ἀδελφῆς,
1498 1989 1552 2021 καὶ
1567 1988 1723 2026 Κλαυδίας
1741 1993 1798 2028 τῆς
1816 1990 1953 2026 παλαιᾶς
1965 2014 1974 2030 ,
1989 1991 2043 2021 καὶ
2060 1988 2232 2028 Κορνηλίας
2245 1993 2300 2027 τῆς

1248 2035 1434 2075 Σκιπίωνος,
1448 2037 1501 2068 καὶ
1511 2035 1588 2069 ὅσαι
1598 2036 1740 2078 ἐγίνοντο
1749 2038 1924 2078 θαυμασταὶ
1935 2037 1989 2068 καὶ
2002 2036 2194 2078 περιδόητοι,
2205 2039 2303 2068 ταῦτα

1247 2082 1275 2115 δ’
1292 2083 1390 2120 leem
1411 2085 1624 2126 πιριιιειμίνην
1643 2087 1758 2126 προῖκα
1780 2085 1832 2118 καὶ
1859 2084 2077 2126 κοσμουμένην
2108 2083 2233 2126 αρτοἴς,
2251 2084 2300 2116 ἐν-

1247 2130 1343 2168 δόξως
1362 2130 1429 2173 ἅμα
1446 2132 1535 2173 βιοῦν
1554 2132 1609 2164 καὶ
1625 2131 1800 2174 μακαρίως.
