2626 3892
869 653 1596 761 PRAEFATIO.

1030 895 1410 917 4—-

231 1075 464 1133 Quamvis
489 1072 901 1140 philosophorum
925 1075 1207 1120 Graecorum
1233 1071 1482 1136 coryphaei
1506 1071 1641 1119 Plato
1667 1083 1715 1120 et
1741 1072 2019 1120 Aristotcles
2046 1074 2109 1121 ab
2136 1078 2292 1123 omni-

166 1159 258 1208 bus
277 1159 498 1223 legantur
511 1174 567 1205 ac
587 1174 722 1223 paene
743 1156 1046 1204 ediscantur:
1079 1165 1236 1202 tamen
1254 1172 1315 1203 ne
1331 1166 1528 1204 caeteros
1550 1157 1750 1222 quidem
1765 1194 1777 1216 ,
1802 1176 2014 1224 quorum
2037 1162 2217 1227 scripta
2244 1173 2285 1210 ct

170 1243 435 1307 fragmenta
447 1251 649 1301 exstant,
666 1239 976 1304 negligendos
992 1256 1093 1287 esse
1100 1240 1202 1303 jam
1224 1239 1413 1305 pridem
1431 1240 1655 1288 viridocti
1671 1241 1969 1305 judicarunt.
1986 1245 2128 1302 Quod
2152 1246 2296 1310 igitur

166 1343 471 1392 speraveram
498 1325 602 1373 fore
628 1335 681 1372 ut
700 1341 824 1390 opus
842 1334 1059 1372 veterum
1087 1323 1284 1371 illorum
1318 1324 1565 1389 sapientiae
1590 1325 1861 1374 antistitum
1888 1327 2114 1393 reliquias
2136 1331 2290 1377 conti-

167 1427 287 1458 nens
305 1420 352 1457 et
370 1409 430 1456 ad
458 1409 761 1457 eruditorum
782 1418 958 1456 nostrae
982 1408 1131 1455 aetatis
1156 1407 1413 1455 hominum
1436 1408 1592 1456 studia
1610 1411 2035 1459 accommodatum
2058 1415 2224 1479 peritis
2251 1424 2298 1461 et

165 1496 313 1561 aequis
333 1494 579 1561 judicibus
601 1493 809 1560 placeret
838 1512 850 1541 ε
883 1493 933 1541 id
960 1492 1227 1540 multorum
1254 1492 1504 1539 sententiis
1524 1508 1581 1540 ac
1608 1494 1894 1542 testimoniis
1922 1496 2293 1562 comprobatum

165 1590 252 1629 est.

232 1706 354 1752 Nam
379 1685 537 1768 neque
562 1702 614 1749 in
639 1700 794 1749 Gallia
813 1699 900 1765 (1),
921 1715 1078 1765 neque
1103 1700 1154 1746 in
1178 1698 1421 1746 Britannia
1441 1698 1528 1763 (2),
1556 1715 1713 1763 neque
1742 1699 1794 1746 in
1828 1699 1988 1763 Belgio
2028 1699 2115 1765 (3),
2141 1717 2299 1767 neque

167 1789 219 1835 in
239 1787 498 1837 Germania
525 1786 594 1848 (4)
626 1784 886 1833 defuerunt
916 1785 1000 1849 qui
1031 1784 1245 1849 primum
1275 1781 1506 1829 volumen
1534 1798 1664 1829 anno
1692 1782 1816 1830 1860
1847 1785 2075 1831 emissum
2102 1775 2296 1846 summi,

168 1870 393 1919 laudibus
417 1870 732 1936 praedicarent
763 1886 819 1916 ac
857 1869 1194 1942 doctrinarum
1220 1864 1447 1928 studiosis
1487 1865 1845 1913 commendare·
1874 1867 2159 1916 niterentur.
2196 1871 2300 1918 Hoc

169 1970 283 2001 cum
302 1970 472 2001 omnes
490 1952 592 2016 ejus
623 1952 735 2000 libri
758 1953 1070 2000 aestimatores
1103 1940 1423 2014 censoresque
1456 1950 1506 1996 in
1538 1949 1932 2016 ephemeridibus
1962 1950 2199 1999 benevole
2228 1952 2298 1999 fe-

171 2035 292 2082 cisse
317 2033 655 2093 animadverti,
683 2044 788 2081 tum
809 2034 1052 2082 neminem
1073 2033 1298 2081 disertius
1325 2033 1387 2080 de
1407 2050 1465 2081 eo
1481 2033 1658 2081 dixisse
1683 2044 1730 2081 et
1758 2035 2001 2100 copiosius
2022 2035 2299 2100 disputasse

170 2135 319 2184 quam
347 2121 401 2166 A.
445 2117 772 2177 Roerscfflum,
809 2117 1180 2165 celeberrimum
1216 2100 1528 2181 antiquarum
1558 2115 1831 2164 litterarum
1867 2116 1999 2182 apud
2032 2119 2296 2180 Brugenses

169 2202 511 2268 professorem.
558 2201 692 2249 Adde
728 2201 860 2267 quod
889 2201 1050 2266 plures
1083 2202 1134 2248 in
1170 2188 1416 2267 opusculis
1452 2209 1620 2265 postea
1664 2199 1924 2263 divulgatis
1969 2200 2293 2247 honorificam

172 2286 448 2352 scriptionis
476 2285 604 2333 illius
634 2286 935 2333 mentionem
963 2283 1198 2333 fecerunt.
1228 2287 1314 2332 His
1334 2301 1447 2349 ergo
1469 2284 1704 2332 universis
1735 2284 1982 2332 industriae
2002 2284 2108 2332 talis
2129 2284 2295 2332 lauda-

174 2368 358 2417 toribus
383 2370 555 2434 gratias
580 2379 783 2435 quantas
807 2369 998 2416 animus
1019 2385 1154 2415 meus
1177 2384 1350 2434 capere
1372 2378 1533 2434 potest
1561 2369 1791 2415 maximas
1811 2385 1918 2432 ago.
1942 2369 2180 2427 Quocirca
2206 2385 2296 2416 no-

175 2453 518 2501 bilissimorum
538 2453 796 2501 hominum
811 2452 995 2519 judicia
1014 2453 1075 2500 de
1102 2469 1178 2499 me
1204 2451 1692 2499 honorificentissima
1718 2462 2007 2499 consecutus
2030 2451 2079 2499 id
2101 2468 2297 2517 operam

174 2536 317 2598 dedi,
334 2547 388 2585 ut
398 2537 602 2585 alterum
618 2553 813 2604 quoque
829 2537 1058 2585 volumen
1077 2537 1210 2603 quod
1225 2536 1326 2601 jam
1348 2535 1475 2583 foras
1494 2535 1658 2596 datur,
1682 2535 2060 2600 intelligentibus
2089 2545 2134 2583 et
2151 2537 2299 2601 aequis

173 2620 440 2673 alienarum
465 2621 858 2669 lucubrationum
879 2619 1284 2669 existimatoribus
1311 2618 1623 2686 probaretur.

242 2750 349 2804 Qua
378 2741 429 2789 in
462 2757 516 2789 re
541 2758 770 2806 magnum
810 2741 1064 2790 Ambrosio
1102 2741 1315 2788 Firmino
1353 2740 1501 2788 Didot
1526 2739 1839 2787 tribuendum
1877 2749 1947 2787 est
1981 2739 2296 2805 praeconium,

233 2922 286 2975 (ι)
310 2921 477 2961 Journal
497 2922 665 2962 General
685 2922 733 2962 de
748 2922 1013 2963 l'instruction
1042 2921 1248 2974 publique.
1274 2924 1321 2960 N.
1351 2923 1414 2973 59.
1438 2927 1484 2968 αῖ.
1502 2920 1655 2962 Juillet.
1675 2922 1803 2969 Paris,
1832 2923 1946 2962 1861.

232 2995 285 3047 (α)
308 2993 491 3045 Literary
510 2993 683 3035 Gazette.
702 2994 748 3033 N.
774 2995 863 3033 116.
891 2996 1058 3032 Lomlini
1083 2994 1198 3032 1861.
2087 3039 2090 3042 ⁴

233 3066 288 3117 (3)
312 3064 444 3104 Revue
465 3064 513 3104 de
528 3065 795 3105 l'instruction
812 3065 1004 3118 publique
1022 3078 1070 3103 en
1097 3064 1299 3117 Belgique.
1321 3066 1431 3105 Avril
1454 3066 1499 3106 N.
1524 3073 1563 3114 4.
1587 3069 1736 3118 Bruge‘s‚
1764 3066 1881 3108 1861.
1900 3068 2112 3105 Roersclu'us
2126 3072 2178 3104 sic
2197 3070 2301 3105 clau-

178 3138 234 3175 dit
249 3150 355 3175 suam
377 3139 426 3175 de
445 3137 699 3188 opere-‘novero
717 3139 1010 3189 cle'sputatt'onem
1028 3151 1041 3174 .·
1065 3136 1126 3175 En
1142 3137 1295 3176 resume
1309 3137 1413 3177 donc
1436 3139 1637 3189 l'ouvrage
1656 3138 1704 3177 de
1726 3137 1779 3178 M.
1808 3138 1978 3177 Mullarh
1999 3148 2057 3178 est
2078 3148 2161 3178 tout
2184 3141 2206 3178 :a
2231 3140 2298 3177 fait

179 3207 297 3258 digne
315 3207 364 3246 de
379 3208 415 3246 la
431 3207 708 3261 Bibliotheque
730 3222 899 3261 grecque
915 3209 963 3247 de
987 3208 1038 3248 M.
1062 3209 1206 3255 bidom
1233 3209 1259 3248 il
1280 3223 1328 3248 en
1353 3210 1434 3249 sera
1457 3212 1583 3249 meme
1611 3224 1662 3249 un
1688 3210 1756 3249 des
1787 3210 1876 3262 plus
1906 3210 2032 3249 beaux
2053 3221 2296 3258 ornemcnts,

180 3289 218 3320 et
237 3294 333 3320 nous
355 3281 529 3320 son-mons
549 3280 607 3319 les
637 3294 758 3320 voeux
774 3281 831 3320 les
852 3282 941 3333 plus
968 3279 1128 3319 ardents
1146 3294 1246 3333 pour
1273 3281 1309 3320 la
1330 3283 1604 3321 continuation
1634 3292 1672 3321 et
1693 3282 1729 3321 le
1758 3283 1895 3321 succes
1919 3281 1968 3322 (le
1991 3291 2088 3322 cette
2115 3296 2252 3321 ‹ruvre
2267 3284 2299 3322 si

181 3351 461 3391 eminemment
475 3351 585 3391 utile.

235 3423 287 3476 (Ι.)
311 3423 638 3476 Philosophische
666 3422 893 3463 zeitschrift
912 3436 921 3461 z
941 3422 1012 3461 der
1028 3424 1230 3472 Gedanke,
1256 3423 1573 3476 herausgegeben
1596 3439 1675 3463 von
1698 3425 1805 3464 pros.
1830 3425 1873 3463 C.
1904 3424 1947 3465 Ι..
1972 3425 2168 3464 Michelet.
2192 3425 2261 3465 Μ.
2288 3424 2301 3463 Ι

186 3494 288 3535 nest.
315 3509 347 3534 x.
364 3498 535 3534 Berole‘ni
559 3497 651 3535 186¹
663 3525 673 3536 .
693 3499 831 3534 Omitto
846 3498 948 3533 altas
969 3495 1224 3546 ephemerides
1239 3505 1277 3534 ee
1292 3506 1498 3534 nieustruos
1517 3498 1681 3542 Rhenes,
1700 3501 1738 3533 in
1758 3498 1890 3545 quibus
1907 3498 2026 3533 brec-is
2041 3498 2129 3533 Idu-1·
2145 3509 2301 3533 censen-a

185 3570 322 3616 agleetr,
335 3569 436 3605 velue
453 3567 708 3616 Philologum.

2169 3653 2193 3678 (Δ
