2638 3840
694 222 921 272 musone
949 221 1236 263 DlSClPULIS
1264 223 1328 262 ET
1356 222 1776 264 SUCCESSORlBUS.

168 316 228 353 nis
239 342 251 362 ,
268 313 339 353 sed
357 311 587 365 reipublicae
607 324 723 352 causa
750 311 855 362 leges
876 309 1106 350 civitatibus
1124 310 1208 349 suis

165 372 496 423 conscripserunt.
521 390 537 406 ι
557 373 608 411 At
626 370 802 411 omnium
819 371 989 409 maxime
1014 382 1208 408 memora-

164 432 304 473 rabilis
322 431 431 471 locus
449 440 509 470 est
526 430 596 470 lib.
615 429 675 469 111
698 443 784 483 cap.
818 443 857 478 a,
882 429 952 468 ubi
978 429 1060 468 haec
1076 429 1211 479 legun-

164 501 256 531 tur:
283 508 302 527 ιι
323 489 617 541 Magistratihus
628 489 756 540 igitur
778 502 878 542 opus
897 497 956 528 est
981 503 990 527 :
1007 490 1092 528 sine
1109 502 1208 540 quo-

164 563 252 591 rum
285 549 497 603 prudentia
527 563 573 589 ac
603 549 808 600 diligentia
839 561 924 587 esse
957 549 1098 587 civitas
1131 562 1209 587 non

162 617 304 662 potest,
313 621 558 661 quorumque
565 607 829 659 descriptione
841 606 969 646 omnis
986 606 1214 659 reipublicae

164 668 380 708 moderatio
396 667 635 707 continetur.
663 665 798 717 Neque
816 665 941 704 solum
961 665 1011 704 iis
1030 666 1213 717 praescri·

163 726 316 767 bendus
337 736 396 767 est
414 725 660 779 imperandi,
680 725 873 764 sedetiam
898 723 1054 763 civibus
1068 725 1212 763 obtem-

162 787 326 841 perandi
347 787 500 826 modus.
521 784 618 824 Nam
635 793 674 824 et
689 784 759 837 qui
775 783 875 823 bene
894 784 1062 836 imperat
1080 795 1214 836 parue-

163 848 217 887 rit
235 846 447 899 aliquando
472 857 630 885 necesse
647 853 730 893 est,
759 853 799 883 et
816 844 887 896 qui
903 843 1076 882 modeste
1102 853 1214 895 paret

162 907 338 957 videtur,
375 906 445 958 qui
476 903 691 956 aliquando
726 904 895 956 imperet
936 903 1081 954 dignus
1114 903 1235 946 esses

164 966 301 1019 ltaque
336 973 493 1018 oportet
524 973 566 1004 et
600 977 689 1003 eum
725 963 795 1016 qui
828 972 938 1016 paret
973 975 1151 1016 sperare,
1173 977 1214 1003 se

161 1025 298 1078 aliquo
315 1033 494 1077 tempore
522 1025 827 1076 imperaturum,
845 1031 883 1061 et
903 1022 1017 1061 illum
1039 1023 1108 1074 qui
1131 1023 1210 1061 im-

164 1093 275 1136 perat
293 1084 481 1134 cogitare,
502 1082 616 1121 brevi
643 1090 817 1134 tempore
838 1080 917 1137 sibi
950 1094 1036 1120 esse
1068 1094 1206 1134 paren-

164 1143 272 1182 dum.
318 1142 396 1182 Nec
442 1155 536 1181 vero
573 1141 698 1181 solum
713 1170 726 1192 ,
762 1151 804 1180 ut
842 1141 1096 1192 obtemperent
1127 1143 1213 1180 obe-

162 1205 343 1254 eliamque
363 1204 662 1253 magistrate'bus,
696 1203 768 1239 sed
785 1205 902 1239 etiam
931 1211 971 1239 ue
996 1215 1059 1239 eos
1088 1205 1215 1239 colam

162 1263 397 1312 diligamque
415 1259 729 1314 praescribimus,
752 1269 796 1300 ut
813 1260 1040 1300 Charondas
1059 1261 1102 1299 in
1129 1261 1211 1300 suis

167 1319 258 1358 fecit
274 1318 442 1369 legibus.
461 1336 479 1354 ι
502 1319 575 1358 Hic
595 1331 710 1358 nemo
730 1318 934 1358 dubitabit
953 1319 1051 1370 quin
1072 1319 1211 1358 ultima

164 1378 412 1418 consentiant
444 1391 532 1417 cum
557 1377 659 1430 ipsis
686 1377 906 1417 Charondae
934 1377 1072 1418 verbis
1105 1379 1211 1431 apud

160 1436 357 1477 Stobaeum
373 1436 479 1477 Flor.
501 1435 637 1484 XLIV,
657 1442 707 1482 [00
730 1435 827 1490 εχρὴ
849 1436 886 1475 δὲ
916 1436 977 1476 καὶ
997 1436 1086 1490 πρὸς
1111 1436 1213 1483 τοὺς

94 1532 101 1538 ,
159 1496 389 1550 ἄρχοντας
440 1495 629 1536 εὔνοιαν
691 1494 1024 1549 διαφυλάττειν
1072 1497 1211 1537 καθά·

159 1570 242 1610 περ
275 1555 505 1609 πατράσιν
542 1556 866 1600 εὖπειθοῦντας
900 1554 980 1594 καὶ
1013 1571 1059 1595 σε
1073 1555 1210 1608 60μὲ-

158 1630 273 1660 νους·
294 1618 342 1659 ὥς
355 1616 376 1653 ὃ
394 1613 446 1666 μὴ
463 1613 706 1666 διανοούμενος
735 1612 827 1653 οὕτω
845 1613 936 1652 τίσει
966 1613 1067 1662 δίκην
1094 1618 1208 1662 κακῆς

161 1676 287 1728 βουλῆς
300 1673 465 1725 δαίμοσιν
485 1672 689 1726 ἑστιούχοις.
705 1669 892 1725 Ἄρχοντες
906 1671 975 1726 γὰρ
991 1673 1212 1727 ἐστιουχοῢσι

158 1733 294 1778 πόλεως
305 1731 367 1772 καὶ
375 1733 529 1772 πολιτῶν
540 1730 729 1783 σωτηρίας.
745 1731 894 1778 Quodsi
913 1739 1060 1770 certum
1071 1742 1129 1772 est
1144 1733 1211 1772 Ci-

159 1806 339 1833 ceronem
355 1806 405 1832 ex
423 1791 560 1831 eodem
583 1791 688 1830 fonte
712 1790 890 1830 hausisse
906 1819 917 1837 ‚
941 1804 963 1829 e
985 1804 1063 1842 quo
1082 1791 1209 1842 legum

159 1851 288 1904 capita
305 1850 411 1904 apud
434 1850 654 1890 Diodorum
667 1878 679 1899 ‚
707 1849 977 1900 Plutarchum,
1007 1850 1204 1891 Stobaeum

161 1910 380 1958 fluxerunt,
414 1910 641 1961 neutiquam
680 1909 913 1948 assentimur
954 1909 1130 1961 Bentlejo
1167 1911 1208 1949 in

158 1971 367 2023 Opusculis
382 1969 632 2022 philologieis
644 1982 685 2021 p.
704 1969 752 2006 35
762 1969 880 2007 1-363
895 1969 954 2007 ed.
969 1968 1077 2020 Lips.
1089 1970 1210 2010 variis

161 2028 381 2068 rationibus
396 2037 511 2080 atque
525 2027 766 2078 argumentis
778 2027 921 2067 docere
940 2028 1115 2075 conanti,
1137 2042 1209 2068 nec

158 2089 427 2130 Thurinorum
436 2088 685 2140 disciplinam
704 2086 857 2138 legibus
875 2087 1073 2126 astrictam
1089 2100 1174 2127 esse
1187 2101 1210 2127 a

158 2147 365 2188 Charonda
387 2160 513 2200 neque
528 2147 620 2186 illas
635 2160 723 2198 quae
738 2159 761 2185 a
779 2146 1024 2197 gravissimis
1043 2148 1213 2187 auctori-

158 2207 233 2249 bus
251 2208 449 2248 memoriae
476 2207 642 2260 proditae
663 2215 750 2246 sunt
768 2207 872 2258 leges
895 2220 969 2259 pro
989 2206 1210 2247 Catinensis

159 2267 387 2321 philosophi
413 2267 747 2320 praeceptionibus
789 2278 904 2318 posse
938 2264 1073 2304 haberi
1086 2294 1098 2312 ‚
1141 2266 1209 2305 sed

158 2340 295 2368 omnes
307 2327 474 2367 aliorum
495 2327 665 2377 ingeniis
684 2332 860 2378 acceptas
876 2324 1030 2364 referri.
1053 2324 1206 2363 Etenim
1228 2369 1230 2372 v

159 2386 340 2440 quamvis
373 2385 544 2437 diligens
586 2386 626 2424 in
663 2384 919 2436 exquirendis
960 2382 1205 2436 temporibus

159 2458 246 2486 esse
264 2445 451 2493 voluerit,
471 2453 599 2483 tamen
618 2444 687 2483 has
701 2444 805 2494 leges
820 2442 870 2482 ab
887 2443 977 2482 aliis
992 2442 1210 2481 Charondae

159 2505 382 2558 suppositas
406 2517 491 2544 esse
519 2517 597 2543 non
630 2503 926 2543 demonstravit.
961 2502 1090 2549 Quum
1114 2515 1209 2541 vero

159 2577 273 2603 nemo
296 2571 439 2617 praeter
456 2564 649 2602 Stobaeum
674 2561 892 2613 simplicem
913 2561 1042 2611 legum
1073 2561 1209 2599 latoris

158 2624 373 2668 orationem
402 2625 581 2662 intactam
603 2621 832 2673 reliquerit,
854 2620 920 2659 sed
952 2621 1080 2659 caeteri
1107 2620 1208 2659 scri-

159 2693 296 2737 ptores
313 2682 400 2735 ejus
415 2682 570 2721 decreta
589 2682 673 2721 suis
702 2679 836 2719 verbis
865 2679 1108 2726 ornaverint,
1134 2679 1206 2718 de-

161 2742 379 2791 fenderint,
397 2741 683 2794 explicaverint
702 2754 711 2778 ε
737 2738 883 2792 placuit
905 2738 1001 2777 mihi
1033 2738 1119 2789 ejus
1145 2739 1206 2778 le-

158 2815 225 2853 ges
235 2802 380 2841 omissa
390 2801 496 2839 omni
507 2799 771 2851 explicatione
778 2799 940 2850 carptim
952 2797 1207 2850 perscribere.

213 2859 492 2911 primatuum)
509 2859 637 2898 noluit
655 2870 888 2910 quemquam
910 2865 1001 2908 post
1027 2855 1209 2907 conjugis

2170 237 2320 266 xxxvn

1272 311 1389 351 liberi
1405 325 1427 351 e
1442 313 1576 365 priore
1591 325 1714 352 uxore
1733 312 1904 364 suscepti
1926 313 1965 349 in
1987 324 2163 350 novercae
2185 313 2319 352 odium

1273 373 1539 422 pervenirent,
1576 370 1683 411 ratus
1713 384 1831 411 unam
1870 383 2032 409 uxorem
2065 371 2150 410 sive
2178 371 2320 412 bonam

1272 430 1356 469 sive
1375 431 1512 470 malam
1532 439 1571 470 et
1588 430 1755 482 singulis
1770 429 1869 469 viris
1884 429 2063 468 sufficere
2082 438 2120 468 et
2134 431 2322 481 conjuga-

1274 489 1377 529 libus
1398 491 1475 530 diis
1494 490 1669 543 probari.
1690 491 1768 537 Qui
1785 503 1882 530 vero
1907 490 2050 528 iterum
2079 490 2321 530 connubium

1274 548 1440 597 iniisset,
1462 563 1566 598 eum,
1598 559 1642 589 ut
1669 549 1885 590 liberorum
1905 562 2067 588 suorum
2100 550 2323 590 rationibus

1274 609 1443 648 alienum
1457 639 1468 657 ‚
1502 610 1707 660 indignum
1734 631 1736 633 v
1743 609 1935 660 judicavit
1969 610 2039 660 qui
2077 609 2140 647 vel
2172 609 2319 661 publici

1273 669 1430 707 consilii
1446 669 1668 708 moderator
1686 677 1787 708 esset
1805 669 1867 708 vel
1885 668 1933 708 ad
1955 668 2258 707 consultationes
2275 669 2324 707 de

1273 727 1390 768 rebus
1410 729 1657 779 gravissimis
1678 728 1945 768 adhiberetur.
1969 728 2119 767 Deinde
2143 729 2222 780 (23)
2250 729 2316 767 de-

1273 787 1416 827 latores
1437 788 1507 839 qui
1530 788 1724 827 calumnia
1744 788 1992 827 condemnati
2024 796 2155 827 essent
2173 789 2321 840 myrica

1274 847 1477 886 redimitos
1496 847 1677 886 incedere
1695 846 1816 899 jussit
1831 875 1842 894 ,
1860 847 1957 886 utin
1975 847 2153 886 omnium
2172 847 2323 886 civium

1273 906 1400 945 oculis
1420 906 1695 959 improbitatis
1719 907 1888 959 palmam
1914 905 2111 958 accepisse
2138 905 2306 945 videren

1274 974 1358 1015 tur3
1382 966 1423 1005 id
1437 967 1546 1018 quod
1566 966 1709 1005 multos
1737 965 1984 1004 contumeliae
2014 965 2321 1016 magnitudinem

1273 1039 1353 1064 non
1373 1025 1540 1065 ferentes
1568 1025 1749 1074 induxit,
1770 1035 1813 1064 ut
1843 1038 1982 1064 manus
2011 1023 2090 1063 sihi
2119 1023 2322 1063 inferrent.

1272 1085 1361 1132 Quo
1381 1085 1481 1124 sacto
1501 1085 1695 1124 delatores
1715 1085 1764 1123 de
1789 1084 1919 1124 medio
1938 1083 2083 1123 sublati
2100 1092 2193 1123 sunt
2224 1083 2324 1122 civi-

1275 1154 1408 1196 tasque
1419 1144 1562 1183 talibus
1577 1145 1766 1182 molestiis
1788 1143 1951 1182 liberata
1964 1143 2090 1194 viguit
2105 1156 2149 1181 ac
2167 1142 2319 1181 floruit.

1274 1203 1349 1242 Sed
1379 1217 1500 1256 quum
1538 1217 1752 1256 pravorum
1792 1203 1997 1242 hominum
2036 1201 2324 1241 consuetudine

1272 1261 1398 1301 bonos
1430 1276 1557 1301 mores
1587 1275 1760 1315 persaepe
1799 1261 2002 1314 corrumpi
2019 1261 2204 1308 .videret,
2241 1273 2321 1299 non

1274 1321 1391 1360 modo
1409 1321 1452 1360 in
1468 1321 1537 1373 jus
1556 1322 1756 1360 vocandos
1775 1334 1859 1361 esse
1879 1321 2031 1360 censuit
2045 1320 2155 1359 viros
2175 1319 2323 1372 probos

1273 1381 1342 1432 qui
1359 1394 1445 1419 cum
1463 1381 1658 1432 improbis
1672 1381 1949 1420 commercium
1965 1378 2168 1426 haberent,
2184 1391 2322 1417 verum

1273 1439 1388 1478 etiam
1409 1452 1548 1490 graves
1568 1453 1704 1492 poenas
1721 1440 1927 1478 constituit
1944 1439 1986 1477 in
2010 1451 2078 1477 eos
2104 1438 2172 1489 qui
2192 1437 2324 1475 homi-

1273 1497 1390 1537 nihus
1411 1499 1578 1551 impuris
1601 1512 1647 1537 ac
1673 1499 1874 1537 sceleratis
1907 1497 2156 1536 familiariter
2185 1497 2242 1535 uti
2279 1510 2324 1535 ac

1271 1557 1497 1609 delinquere
1514 1558 1637 1610 parati
1656 1565 1799 1596 essent.
1818 1556 1921 1595 Tum
1941 1556 2151 1608 praecepit,
2174 1556 2258 1607 (αἱ.)
2282 1564 2325 1595 ut

1272 1628 1407 1654 omnes
1433 1615 1579 1655 civium
1602 1616 1674 1655 filii
1692 1615 1841 1655 litteras
1861 1615 2057 1655 discerent
2087 1623 2124 1654 et
2146 1614 2323 1654 honestis

1270 1747 1305 1781 δὲ
1318 1747 1534 1790 ἀποτυχόντας
1548 1752 1593 1791 τῷ
1604 1749 1698 1792 γάμῳ
1713 1749 1767 1782 καὶ
1779 1749 1871 1782 πάλιν
1883 1749 1916 1783 ἐν
1927 1752 1992 1787 τοῖς
2011 1749 2114 1787 αὐτοῖς
2128 1748 2322 1792 ἁμαρτάνον-

1270 1806 1324 1832 τας
1337 1794 1468 1837 ἄφρονας
1478 1796 1540 1828 δεῖν
1553 1796 1839 1839 ὑπολαμβάνεσθαι.
1852 1816 1894 1825 --
1910 1796 1975 1838 (23)
1993 1796 2083 1830 Idem
2097 1796 2119 1829 l.
2136 1805 2166 1829 c.
2181 1809 2189 1829 t
2209 1796 2280 1833 τοὺς
2295 1794 2325 1828 δ’

1271 1843 1321 1876 ἐπὶ
1337 1844 1531 1886 συκοφαντίᾳ
1549 1846 1826 1886 καταγνωσθέντας
1843 1845 2014 1887 προσέταξε
2036 1847 2215 1886 περιπατεῖν
2233 1845 2323 1877 ἐστε-

1271 1891 1471 1932 φανωμένους
1489 1892 1617 1933 μυρίκη,
1633 1893 1719 1930 ὅπως
1741 1893 1772 1925 ἐν
1796 1896 1875 1925 πᾶσι
1894 1895 1960 1930 τοῖς
1987 1891 2129 1928 πολίταις
2154 1891 2322 1932 φαίνωνται

1270 1939 1308 1971 τὸ
1320 1942 1474 1981 πρωτεῖον
1493 1942 1547 1978 τῆς
1561 1939 1711 1982 πονηρίας
1727 1941 2015 1981 περιπεποιημένοι.
2032 1940 2089 1972 Διὸ
2107 1939 2161 1971 καί
2170 1950 2255 1976 τινας
2271 1939 2322 1971 ἐπὶ

1270 1987 1373 2028 τούτῳ
1393 1990 1439 2028 τῷ
1459 1987 1629 2028 ἐγκλήματι
1647 1987 1930 2024 καταδικασθέντας
1942 1988 1978 2019 τὸ
1993 1987 2118 2028 μέγεθος
2132 1990 2186 2025 τῆς
2202 1987 2322 2027 ὕὸρεως

1270 2034 1329 2068 οὐκ
1349 2033 1531 2075 ἐνεγκόντας
1546 2034 1699 2071 ἑκουσίως
1712 2034 1841 2071 ἑαυτοὺς
1860 2035 1896 2066 ἐκ
1922 2037 1978 2067 τοῦ
1994 2036 2047 2073 ζῆν
2065 2036 2271 2076 μεταστῆσαι·
2285 2033 2323 2066 οὗ

1270 2081 1521 2118 συντελεσθέντος
1538 2081 1730 2122 ἐφυγαδεύθη
1752 2084 1813 2118 πᾶς
1829 2082 1865 2114 ἐκ
1881 2085 1934 2120 τῆς
1946 2081 2066 2118 πόλεως
2082 2082 2100 2113 ὁ
2117 2084 2323 2123 συκοφαντεῖν

1270 2129 1401 2170 εἰωθώς,
1416 2129 1471 2161 καὶ
1488 2129 1526 2162 τὸ
1541 2129 1715 2169 πολίτευμα
1735 2128 1889 2171 μακάριον
1915 2128 1980 2170 εἶχε
2006 2128 2075 2169 βίον
2097 2133 2151 2166 τῆς
2179 2128 2323 2165 τοιαύτης

1269 2177 1381 2213 κακίας
1394 2175 1644 2217 ἀπηλλαγμένον,
1659 2176 1800 2217 Ἔγραψε
1826 2175 1860 2208 δὲ
1886 2176 1905 2208 ὁ
1927 2175 2096 2217 Χαρώνδας
2114 2175 2168 2207 καὶ
2184 2177 2253 2216 περὶ
2269 2179 2323 2213 τῆς

1270 2223 1460 2266 κακομιλίας
1476 2223 1572 2264 νόμον
1599 2223 1826 2264 ἐξηλλαγμένον
1845 2224 1898 2255 καὶ
1922 2227 1985 2260 τοῖς
2012 2223 2115 2259 ἄλλοις
2142 2223 2323 2262 νομοθέταις

1270 2272 1523 2314 παρεωραμένον.
1538 2271 1723 2303 Ὗπολαὸὼν
1737 2271 1796 2312 γὰρ
1806 2270 1878 2306 τοὺς
1894 2270 2028 2310 ἀγαθοὺς
2042 2270 2152 2311 ἄνδρας
2165 2269 2260 2301 ἐνίοτε
2273 2270 2324 2301 δια

1270 2320 1326 2357 τήν
1338 2320 1414 2361 πρὸς
1434 2318 1506 2356 τοὺς
1521 2318 1676 2359 πονηροὺς
1698 2317 1800 2357 φιλίαν
1815 2318 1870 2349 καὶ
1894 2318 2060 2354 συνήθειαν
2083 2317 2323 2357 διαστρέφεσθαι

1270 2367 1310 2399 τὰ
1323 2367 1383 2406 ἢθη
1396 2367 1471 2409 πρὸς
1482 2366 1609 2406 κακίαν,
1626 2366 1680 2397 καὶ
1694 2366 1751 2403 τὴν
1762 2365 1939 2404 φαυλότητα
1953 2366 2093 2405 καθαπερ
2110 2364 2256 2405 λοιμικὴν
2275 2363 2324 2395 νό-

1271 2425 1328 2446 σον
1344 2414 1542 2456 ἐπινέμεσθαι
1564 2413 1617 2445 τὸν
1634 2412 1703 2455 βίον
1725 2415 1788 2443 τῶν
1808 2413 1978 2454 ἀνθρώπων
1998 2413 2054 2444 καὶ
2070 2414 2247 2443 νοσοποιεῖν
2268 2412 2324 2447 τὰς

1270 2461 1373 2502 ψυχὰς
1384 2464 1448 2493 τῶν
1465 2460 1613 2502 ἀρίστων·
1630 2459 1801 2497 καντάντης
1813 2459 1872 2500 γὰρ
1887 2460 1907 2497 ἠ
1919 2459 1995 2501 πρὸς
2008 2461 2043 2490 το
2057 2461 2159 2501 χεῖρον
2172 2458 2254 2497 ὀόος,
2272 2458 2324 2499 ῥᾳ-

1270 2510 1338 2541 δίαν
1360 2509 1479 2550 ἔχουσα
1494 2508 1550 2547 τὴν
1563 2507 1754 2548 ὁδοιπορίαν,
1771 2506 1818 2538 διὸ
1833 2506 1886 2538 καὶ
1903 2509 1965 2538 τῶν
1983 2506 2115 2547 μετρίων
2132 2504 2239 2536 πολλοὶ
2257 2507 2323 2540 τοῖς

1270 2557 1376 2596 ἤθεσιν
1399 2555 1545 2591 ὑπούλοις
1568 2555 1695 2594 ἡδοναῖς
1710 2554 1923 2591 δελεασθέντες
1941 2554 1986 2590 εἷς
2001 2552 2211 2591 ἑπιτηδιὺσεις
2232 2553 2324 2592 χειρί-

1271 2615 1346 2640 στας
1359 2604 1573 2645 περιώκειλαν·
1593 2602 1708 2640 ταύτην
1726 2600 1780 2634 οὖν
1792 2601 1848 2639 τήν
1859 2601 2027 2643 διαφθορὰν
2049 2599 2228 2633 ἀναστεῖλαι
2246 2600 2321 2639 βου-

1270 2652 1398 2693 λόμενος
1414 2651 1432 2683 ὁ
1453 2650 1619 2690 νομοθέτης
1645 2648 1845 2692 ἀπηγόρευσε
1872 2652 1911 2691 τῇ
1931 2653 1994 2680 τῶν
2015 2651 2159 2690 πονηρῶν
2180 2647 2264 2687 φιλίᾳ
2289 2656 2322 2678 τε

1274 2701 1327 2732 καὶ
1349 2698 1498 2740 συνηθείᾳ
1514 2697 1710 2739 χρήσασθαι,
1726 2697 1780 2728 καὶ
1795 2695 1883 2734 δίκας
1906 2694 2033 2733 ἐποίησε
2050 2694 2250 2735 κακομιλίας,
2267 2693 2321 2725 καὶ

1271 2746 1455 2789 προστίμοις
1486 2746 1631 2786 μεγάλοις
1658 2744 1813 2786 ίπιγραψε
1831 2744 1903 2780 τοὺς
1924 2743 2113 2785 ἁμαρτάνειν
2143 2742 2320 2782 μιλλοντας.

1271 2813 1311 2819 -
1332 2795 1398 2834 (24)
1419 2793 1579 2827 Diodorus
1593 2791 1720 2825 Siculus
1739 2791 1793 2825 ub.
1812 2792 1870 2824 xl!
1891 2799 1963 2832 cap.
1982 2793 2071 2823 12-13
2091 2798 2098 2818 ε
2121 2789 2253 2830 ίγραψεν
2267 2787 2321 2820 οὖν

1271 2843 1324 2874 καὶ
1341 2842 1443 2884 ἕτερον
1455 2840 1551 2881 νόμον
1567 2840 1613 2873 ἔτι
1636 2840 1749 2873 τούτου
1765 2838 1926 2881 κρείττονα
1954 2839 2007 2870 καὶ
2023 2839 2087 2874 τοῖς
2108 2836 2322 2877 παλαιοτέροις

1270 2891 1366 2924 αὑτοῦ
1384 2890 1565 2931 νομοθέταις
1590 2889 1797 2930 ἠμελημὶνον·
1813 2886 2019 2926 ἐνομοθέτησε
2035 2885 2095 2927 γὰρ
2109 2887 2173 2916 τῶν
2187 2884 2322 2916 πολιτῶν

161 2928 325 2960 mortem
364 2920 505 2959 iterum
540 2916 831 2957 matrimonium
865 2914 1114 2961 cono-ahere,
1154 2928 1202 2953 nc
1238 2916 1241 2992 ἔ
1270 2930 2322 2978 zobeutctzdnavta:unvenivuvvpduuzm,>comminuamndito:

158 3047 235 3090 ρίας.
251 3046 312 3080 Ὧν
329 3046 396 3083 M:
417 3045 557 3083 εἰπόντος
576 3058 592 3073 κ
607 3044 702 3086 νόμον
721 3044 931 3079 καταλέλυκας
952 3043 1004 3074 τὸν
1019 3042 1098 3073 ἰδιον
1110 3065 1117 3079 .
1134 3054 1149 3068 -
1165 3041 1209 3081 μὰ

158 3094 219 3136 Δί’,
230 3095 328 3134 εἶπεν,
342 3094 420 3127 ἀλλὰ
432 3093 536 3135 κύριον
549 3093 686 3129 ποιήσω·
704 3105 720 3120 υ
737 3092 791 3124 καὶ
809 3090 1009 3131 σπασάμενος
1021 3090 1056 3121 τὸ
1079 3088 1207 3127 ξιφίδιον

164 3143 268 3175 ἀυτὸν
277 3142 462 3183 ἀπέσφαξεν.
471 3141 570 3173 Ἔνιοι
583 3140 616 3173 δε
625 3143 687 3172 τῶν
694 3139 898 3182 συγγραφέων
909 3137 962 3174 τὴν
971 3137 1079 3178 πρᾶξιν
1093 3136 1208 3174 ταύτην

157 3189 346 3231 περιτιθέασι
363 3189 489 3221 Διοκλεῖ
499 3190 546 3228 τῷ
561 3186 780 3228 Συρακουσίων
793 3186 958 3226 νομοθέτῃ.
979 3202 1020 3210 -
1040 3182 1106 3222 (22)
1129 3181 1205 3216 ⁰102

159 3238 259 3270 doru}
281 3235 408 3270 Siculus
426 3234 481 3268 llb.
514 3234 575 3268 xn
605 3241 677 3275 cap.
707 3237 744 3266 1²
778 3245 786 3266 ε
824 3235 946 3272 πρῶτον
972 3230 1027 3270 μὲν
1053 3229 1114 3270 γὰρ
1144 3231 1208 3266 τοῖς

159 3285 308 3327 μητρυιὰν
321 3283 522 3324 ίπανομίνοις
536 3281 619 3315 κατὰ
630 3285 694 3314 τῶν
709 3281 796 3314 ίδίων
809 3282 924 3313 τέκνω-ι
936 3279 1025 3316 {On-u
1037 3276 1209 3318 πρόστιμον

1238 2997 1241 3022 ι
1269 2986 1342 3023 τοὺς
1361 2986 1489 3026 μισθοὺς
1516 2988 1582 3022 τοῖς
1598 2984 1809 3021 διδασκάλοις.
1831 2982 1986 3015 ‘ramae
2006 2982 2065 3022 γὰρ
2085 2979 2155 3015 τοὺς
2184 2978 2320 3020 ἀπόρους

1273 3037 1336 3070 τοῖς
1351 3034 1442 3075 βίοις,
1455 3031 1519 3074 ἰδίᾳ
1539 3031 1584 3072 μὴ
1598 3031 1786 3072 δυναμένους
1805 3028 1923 3062 διδόναι
1942 3027 2083 3070 μισθούς,
2104 3026 2319 3067 ἀποστερηθή-

1273 3081 1384 3114 σεσθαι
1396 3083 1459 3113 τῶν
1471 3079 1646 3111 καλλίστων
1659 3076 1925 3118 ίπιτηδιυμάτων.
1944 3076 2008 3114 Τὴν
2021 3076 2082 3116 γὰρ
2099 3073 2319 3115 γραμματικὴν

1270 3129 1355 3171 παρὰ
1376 3129 1431 3165 τας
1447 3127 1540 3164 ἄλλας
1563 3127 1711 3167 μαθήσεις
1733 3125 1913 3167 προέκρινεν
1930 3124 1948 3156 ὁ
1963 3123 2144 3164 νομοθέτης,
2161 3121 2214 3151 καὶ
2238 3119 2321 3159 μάλα

1271 3175 1508 3219 προσηκόντως·
1522 3174 1574 3207 διὰ
1595 3173 1655 3215 γὰρ
1674 3172 1788 3211 ταύτης
1808 3172 1847 3204 τα
1872 3171 2007 3203 πλιίστα
2023 3170 2078 3201 καὶ
2093 3166 2320 3220 χρησιμώτατα

1270 3228 1334 3259 τῶν
1343 3226 1417 3267 πρὸς
1430 3225 1483 3257 τὸν
1497 3223 1565 3266 βίον
1579 3222 1799 3260 ἐπιτελεῖσθαι,
1810 3221 1929 3261 ψήφους
1940 3242 1950 3257 ,
1964 3215 2141 3254 ἐπιστολάς,
2158 3215 2320 3267 διαθηκα-ε,

1270 3273 1396 3313 νόμους,
1412 3271 1512 3304 τᾶλλα
1526 3270 1565 3303 τὰ
1577 3270 1630 3303 τὸν
1647 3270 1715 3310 βίον
1728 3268 1865 3310 μάλιστα
1880 3266 2119 3306 ἐπανορθοῦντα.
2138 3262 2192 3297 Τίς
2208 3261 2267 3302 γὰρ
2284 3271 2321 3291 αν

159 3332 196 3364 τὸ
209 3342 253 3373 μη
272 3330 408 3373 γίνεσθαι
421 3330 615 3371 συμβούλους
637 3329 764 3365 τούτους
782 3332 821 3369 τῇ
835 3326 969 3368 πατρίδι,
989 3325 1121 3364 νομίζων
1137 3323 1207 3360 τοὺς
1271 3320 1354 3357 ἀξιον
1371 3318 1526 3360 ἐγκώμιον
1543 3317 1678 3349 διὰθοιτο
1695 3320 1748 3354 τῆς
1764 3318 1827 3347 τῶν
1843 3313 2036 3357 γραμμάτων
2061 3310 2225 3350 μαθήσεως
2239 3318 2249 3347 ;
2267 3308 2318 3339 διὰ

159 3382 267 3417 κακῶς
278 3379 347 3421 περὶ
358 3381 420 3411 τῶν
434 3378 525 3410 ίδίων
535 3377 652 3410 τέκνων
667 3376 933 3418 βουλευσαμένους
947 3373 1000 3404 καὶ
1015 3370 1207 3411 συμδούλους
1237 3402 1240 3427 7

161 3427 277 3464 κακοὺς
298 3427 422 3460 ἔσεσθαι
444 3428 483 3467 τῇ
501 3423 635 3467 πατρίδι·
658 3424 715 3464 ἔφη
740 3423 800 3463 γὰρ
819 3422 889 3458 τοὺς
921 3420 975 3461 μὲν
1005 3421 1127 3460 πρῶτον
1146 3418 1205 3458 γή-

1176 3465 1183 3475 ι

161 3482 278 3511 nawa<
295 3474 348 3506 καὶ
361 3472 565 3514 ἐπιτυχόντας
581 3470 647 3503 δεῖν
669 3471 893 3511 εὐημεροῦνττς
914 3466 1115 3506 καταπαύειν,
1135 3475 1207 3502 τους

1270 3368 1330 3408 γὰρ
1343 3366 1461 3399 τούτων
1481 3364 1575 3406 μόνον
1591 3366 1620 3397 οῖ
1636 3364 1692 3404 μὶν
1709 3363 1957 3398 τετελευτηκότες
1978 3361 2041 3395 τοῖς
2058 3361 2135 3395 ζῶσι
2150 3356 2321 3396 ὂιαμνημο-

1270 3415 1427 3451 νεύονται,
1446 3414 1475 3446 ol
1488 3414 1521 3445 δὲ
1538 3414 1751 3454 ponpam-rotz
1766 3410 1872 3444 τόποις
1897 3410 2059 3442 διιστῶτις
2085 3408 2147 3441 τοῖς
2175 3406 2321 3436 πλεῖστον

1275 3462 1446 3503 ἀπέχουσιν
1482 3461 1524 3497 ὡς
1557 3458 1691 3497 πλησίον
1721 3459 1899 3498 παρεστῶσι
1926 3454 1977 3486 δια
2006 3456 2069 3485 τῶν
2099 3452 2320 3494 γεγραμμένων
