2606 3828
361 261 435 294 370

358 342 499 394 ματαίῳ
526 342 598 381 ὄντι
623 344 672 394 τῷ
692 341 813 393 Πυθίῳ
831 346 920 392 χρᾶν
942 338 1019 376 οὔτε
1046 336 1198 384 τούτοις,
1218 334 1295 374 οὔτε
1316 338 1396 375 Λα-

357 401 590 452 κεδαιμονίοις
618 399 697 452 περὶ
718 397 925 445 Μεσσηνίων
953 396 1011 435 καὶ
1040 398 1101 442 τῆς
1119 398 1203 446 γῆς,
1224 389 1265 441 ἧς
1295 387 1390 447 εἶχον

357 459 549 506 Μεσσήνιοι
570 458 687 510 ἀπάτῃ
710 456 911 503 νικήσαντες
930 453 1224 505 Λακεδαιμονίους
1241 457 1271 504 ⁰,

410 554 465 595 Οὔ
479 570 517 594 σε
534 554 651 605 μάχης
668 551 768 603 μόνον
783 550 853 603 ἔργ’
864 548 1000 602 ἐφέπειν
1015 547 1093 601 χερὶ
1107 548 1239 592 Φοῖὸος
1251 547 1395 600 ἄνωγεν,

410 613 487 652 ἀλλ’
505 613 622 664 ἀπάτῃ
641 612 702 661 μὲν
723 610 797 662 ἔχει
817 613 919 660 γαῖαν
937 606 1146 655 Μεσσηνίδα
1160 606 1262 650 λαός·

409 676 486 715 ταῖς
497 669 526 708 δ’
537 673 658 712 αὐταῖς
674 668 811 720 τέχναις
827 682 878 710 τις
894 659 1219 717 ἇλώσεται,αἶσπερ
1233 664 1395 718 ὑπῆρξεν.

357 764 511 818 Εἰρήνης
528 763 660 814 μᾶλλον
678 763 876 812 μεμνῆσθαι
894 760 1028 799 κελεύει
1047 759 1107 798 καὶ
1125 758 1315 811 ὀλιγοδείας
1335 759 1396 798 καὶ

359 822 579 877 αὐταρκείας.
637 822 684 860 Οἱ
705 820 742 858 δέ
760 835 826 858 που
841 825 913 863 τοῖς
929 818 1133 871 Λυκούργου
1152 817 1270 869 νόμοις
1286 834 1396 857 κατα·

356 880 586 931 κοσμούμενοι
602 874 686 926 ἧκον
703 878 770 917 ὕπὸ
785 877 982 925 ἀπληστίας
998 876 1058 915 καὶ
1078 876 1176 924 δόξης
1194 879 1296 923 κενῆς
1311 878 1396 928 ἐρη-

355 941 513 991 σόμενοι,
534 941 582 983 ὥς
607 937 656 989 μὴ
686 937 815 975 δοκοῖεν
838 935 1047 983 Μεσσηνίων
1075 935 1175 988 μάχῃ
1191 935 1395 986 λείπεσθαι,

355 1000 390 1035 ἐν
408 997 523 1048 νόμοις
542 1000 758 1049 καρτερικοῖς
775 995 963 1047 τεθράφθαι
988 995 1178 1038 δοκοῦντες.
1236 994 1281 1034 Ei
1303 993 1341 1032 δέ
1356 1009 1396 1046 γε

354 1058 385 1094 οἱ
402 1058 435 1094 ἐν
455 1061 669 1107 καρτερικοῖς
683 1048 772 1101 ἦσαν
789 1053 905 1104 νόμοις
921 1052 1010 1092 οὕτω
1026 1052 1259 1105 τεθραμμένοι
1270 1081 1280 1100 ,
1298 1053 1398 1105 ἐκαρ-

355 1114 475 1166 τέρουν
490 1112 532 1152 ἂν
550 1113 607 1152 ἐπὶ
626 1112 861 1164 τοῒςόλίγοις,
874 1111 933 1150 καὶ
953 1111 1050 1150 οὐδὲν
1076 1113 1117 1149 ἂν
1141 1111 1261 1164 μάχης
1281 1112 1398 1155 αὐτοῖς

353 1171 441 1224 ἔδει,
459 1172 535 1211 οὐδὲ
552 1170 670 1210 ὅπλων
687 1170 746 1209 καὶ
769 1173 831 1218 τῆς
848 1172 973 1216 λοιπῆς
997 1169 1229 1217 ἀποπληξίας.
1273 1171 1398 1209 Ταῦτα

358 1229 649 1282 Λακεδαιμονίοις
683 1229 775 1268 κατὰ
798 1228 1021 1276 Μεσσηνίων·
1039 1229 1144 1268 πάλιν
1173 1228 1206 1266 δ’
1227 1222 1271 1267 αὖ
1300 1230 1397 1267 Μεσ-

355 1289 487 1337 σηνίοις
504 1289 596 1328 κατὰ
611 1288 899 1341 Λακεδαιμονίων
919 1292 1049 1327 ταῦτα·
1067 1287 1108 1327 σὺ
1130 1286 1198 1340 γὰρ
1216 1287 1276 1326 καὶ
1296 1289 1397 1326 Μεσ-

353 1347 483 1396 σηνίοις
500 1346 591 1386 κατὰ
611 1346 916 1398 Λακεδαιμονίων,
937 1348 975 1385 οὗ
991 1345 1093 1397 μόνον
1110 1343 1398 1396 Λακεδαιμονίοις

351 1406 443 1445 κατὰ
461 1405 671 1453 Μεσσηνίων
687 1405 910 1459 χρησμῳδεῖς
922 1403 950 1443 ¹³.

358 1473 392 1496 ts

354 1547 357 1549 ‚
407 1500 588 1555 Παρθένον
605 1501 780 1540 Αἷπυτίδα
796 1503 922 1553 κλῆρος
938 1501 1058 1549 καλεῖ,
1078 1500 1202 1548 ἥντινα
1222 1499 1316 1549 δοίης

408 1560 551 1611 δαίμοσι
570 1559 775 1612 νερτερίοις,
795 1558 857 1597 καί
875 1575 933 1598 κεν
955 1558 1103 1602 σώσειας
1120 1556 1290 1609 Ἰθώμην.

353 1654 412 1695 Τὰ
431 1653 499 1707 γὰρ
514 1653 771 1707 παρευρήματα
791 1654 830 1691 οὐ
848 1652 1015 1706 δέχομαι,
1030 1652 1082 1691 ὅτι
1102 1653 1164 1692 οὐκ
1184 1646 1225 1700 ἦν
1244 1651 1395 1705 καθαρὸν

353 1715 394 1752 ἐκ
412 1713 531 1765 γένους
559 1712 717 1751 Αἰπύτου
736 1712 776 1751 τὸ
803 1714 938 1765 ἱερεῖον,
956 1711 1029 1751 ὅθεν
1050 1711 1220 1750 ἀτέλεστα
1245 1712 1395 1757 Μεσση-

352 1771 437 1815 νίοις
456 1765 556 1810 εἶναι.
581 1773 747 1814 Τοιοῦτος
766 1770 832 1823 γὰρ
853 1764 902 1818 εἶ,
922 1764 989 1814 οἷος
1008 1770 1206 1823 ταράττειν.

408 1830 615 1882 (Eusebius
635 1830 805 1881 Praepar.
825 1829 973 1879 Evang.
998 1828 1070 1868 lib.
1093 1828 1126 1866 V
1147 1841 1231 1878 cap.
1250 1828 1393 1875 26-27,

351 1902 443 1941 pag.
466 1902 543 1926 220
563 1889 598 1926 D
623 1902 706 1940 seq.
734 1888 782 1926 ed
802 1887 932 1938 Viger.
951 1888 1046 1939 [vol.
1061 1886 1079 1924 1
1094 1900 1182 1937 pag.
1205 1887 1281 1932 468
1310 1899 1390 1937 seq.

351 2005 407 2036 aut
421 2003 674 2036 Lacedaemoniis
692 2003 732 2036 de
751 2003 915 2035 Messeniis
939 2011 1041 2043 eaque
1060 2002 1204 2043 regione,
1223 2010 1321 2043 quam
1347 2000 1394 2032 illi

351 2062 602 2095 Lacedaemoniis
627 2062 739 2095 fraude
762 2061 858 2094 victis
876 2065 1091 2103 occuparant,
1108 2069 1301 2102 responsum
1322 2059 1399 2092 dare

352 2120 502 2161 patietur,

434 2203 505 2236 Non
524 2201 597 2235 belli
613 2202 740 2235 tantum
755 2201 868 2234 suadet
884 2202 1059 2235 certamina
1076 2201 1218 2234 Plioebus

433 2269 549 2302 magna
563 2260 632 2300 tibi,
651 2261 744 2302 capta
760 2262 810 2293 est
825 2262 898 2293 astu
915 2261 1074 2293 Messenia
1092 2260 1210 2301 tellus3

382 2355 385 2358 ,
434 2320 491 2354 sed
508 2320 565 2362 qui
582 2319 693 2354 fraude
711 2320 789 2353 alios
807 2321 910 2362 cepit,
923 2320 1066 2362 capietur
1081 2320 1206 2354 eedem.

352 2408 446 2441 Pacis
470 2417 526 2442 eos
545 2409 652 2450 potius
672 2410 706 2442 et
725 2409 944 2451 temperantiae
962 2409 1166 2450 meminisse,
1180 2417 1218 2442 ac
1237 2417 1296 2442 sua
1313 2411 1397 2441 sorte

352 2468 520 2500 contentos
542 2476 613 2500 esse
632 2466 736 2508 jubet.
782 2468 953 2501 Enimvero
968 2467 1119 2500 homines
1136 2476 1240 2507 quum
1258 2466 1397 2508 Lycurgi

351 2527 473 2567 legibus
488 2526 553 2559 fere
568 2526 608 2558 ad
624 2525 809 2566 aequitatem
827 2524 967 2558 instituti
981 2525 1108 2564 essent,
1124 2523 1327 2564 inexplebilis
1345 2532 1397 2556 cu-

351 2583 490 2625 piditatis
517 2584 550 2616 et
577 2583 681 2616 inanis
702 2582 812 2624 gloriae
831 2583 962 2616 stimulo
988 2582 1054 2615 acti
1082 2582 1250 2615 oraculum
1277 2590 1397 2614 consu-

350 2643 498 2683 luerunt,
516 2650 558 2675 ne
573 2642 630 2683 qui
649 2650 688 2674 ex
711 2641 816 2682 legum
835 2641 1022 2682 praescripto
1048 2640 1226 2674 tolerantiae
1251 2639 1397 2673 innutriti

352 2700 479 2741 forent,
497 2699 659 2733 Messeniis
685 2708 791 2741 pugna
806 2699 944 2732 cessisse
962 2699 1159 2732 viderentur.
1203 2698 1237 2731 Si
1262 2706 1339 2731 vero
1357 2707 1398 2732 cx

351 2758 460 2799 legum
487 2758 674 2799 praescripto
700 2757 877 2791 tolerantiae
906 2758 950 2790 ita
972 2757 1119 2789 innutriti
1141 2757 1264 2797 essent,
1288 2756 1398 2798 paucis

352 2816 487 2849 tuissent
514 2816 674 2856 contenti,
693 2815 812 2857 quippe
839 2815 895 2856 qui
924 2823 1029 2857 neque
1058 2814 1264 2848 dimicatione
1294 2823 1398 2856 neque

353 2874 450 2907 armis
478 2883 584 2915 neque
613 2873 736 2914 reliqua
763 2873 885 2905 insania
906 2873 1046 2914 egerent.
1090 2874 1250 2907 coeterum
1276 2872 1333 2905 illa
1361 2874 1397 2906 tu

352 2931 605 2965 Lacedaemoniis
624 2933 735 2964 contra
755 2931 932 2964 Messenios
950 2930 1142 2973 respondisti
1160 2944 1169 2965 ι
1187 2933 1220 2964 at
1232 2930 1397 2965 Messeniis

353 2991 464 3023 contra
479 2991 734 3024 Lacedaemonios
747 2991 828 3024 haec.
839 2991 921 3024 Nam
935 2991 1080 3033 utrisque
1091 2990 1234 3024 vicissim
1245 2989 1397 3024 adversus

353 3050 506 3092 utrosque
520 3059 673 3092 responsa
687 3050 794 3083 reddis
811 3063 820 3084 ε

438 3133 596 3176 AEpytidis
614 3135 751 3175 poscunt
767 3142 878 3166 manes
895 3134 1093 3176 Libitinaque
1107 3133 1244 3168 mortem
1272 3146 1275 3150 ·

437 3191 590 3232 virginis3
609 3190 670 3223 hac
687 3199 770 3224 caesa
785 3199 892 3224 caram
908 3192 1049 3225 servabis
1064 3193 1228 3226 Ithomen.

355 3266 435 3299 Nam
448 3265 533 3307 quod
548 3265 627 3298 dicis
639 3289 649 3306 ,
665 3274 730 3298 non
747 3274 858 3306 puram
881 3274 919 3298 ac
933 3266 1088 3300 sinceram
1101 3275 1142 3299 ex
1158 3265 1267 3307 AEpyti
1282 3274 1396 3306 genere

355 3324 540 3365 victimam,
571 3334 608 3357 ac
636 3328 800 3364 propterea
830 3324 952 3358 litatum
979 3335 998 3357 a
1020 3325 1184 3358 Messeniis
1206 3333 1271 3356 nou
1294 3333 1364 3356 esse
1386 3337 1394 3356 :

357 3390 456 3423 apage
488 3383 551 3414 ista
592 3385 783 3416 commenta.
828 3383 913 3415 Talis
942 3383 1060 3425 quippe
1098 3392 1153 3424 es,
1182 3382 1238 3424 qui
1268 3382 1396 3415 turbare

358 3439 468 3472 soleas.

1102 247 1395 288 CYNICORUM
1426 247 1755 288 FRAGMENTA.

1456 337 1515 375 ed.
1536 338 1749 389 Gaissord.]
1764 342 1779 360 ⁰
1797 338 1886 377 Vid.
1906 338 2070 376 Pausan.
2091 338 2159 377 lib.
2176 338 2243 387 IV,
2263 353 2321 376 12.
2337 336 2492 379 —bctss
2529 341 2532 345 ’

1457 395 1620 435 Pausan.
1639 396 1710 436 lib.
1731 396 1797 444 lv,
1819 396 1873 447 9.)

1511 468 1544 494 lo
1572 455 1629 495 Τὰ
1647 454 1710 506 μὲν
1729 454 1771 502 δὴ
1790 458 1852 502 τῆς
1867 457 2019 498 παλαιᾶς
2033 453 2188 507 ἱστορίας
2201 458 2357 493 τοιαῦτα.
2374 454 2497 509 Μυρία

1457 513 1489 551 δ’
1509 514 1582 552 ἐστὶ
1601 515 1661 553 καὶ
1680 513 1759 553 καθ’
1777 516 1871 565 ἡμᾶς
1898 514 2030 557 τούτοις
2059 514 2208 552 συνιδεῖν
2226 513 2349 565 ὅμοια,
2367 515 2408 554 ἐκ
2425 529 2498 552 πα-

1455 573 1555 612 λαιοῦ
1580 573 1706 626 χρόνου
1736 572 1797 611 καὶ
1817 574 1865 617 εἷς
1889 576 1984 622 ἡμᾶς
2013 571 2137 616 αὐτοὺς
2155 574 2223 611 τῶν
2242 572 2335 611 κατὰ
2353 571 2498 626 χρόνους

1456 630 1634 683 ἀρχόντων
1666 629 1744 670 τοτὲ
1778 629 1841 682 μὲν
1873 633 1919 675 εἷς
1942 630 2140 683 ἀπράκτους
2158 630 2332 680 πολέμους
2357 630 2415 670 διὰ
2436 633 2499 679 τῆς

1456 691 1523 729 τῶν
1542 691 1712 742 χρησμῶν
1734 689 1948 741 συμὸουλίας
1966 689 2167 742 ὁρμώντων,
2190 689 2266 728 τοτὲ
2287 688 2324 728 δὲ
2348 690 2500 743 σφαλλο-

1458 747 1571 798 μένων
1603 751 1642 787 ἐκ
1671 752 1732 796 τῆς
1762 751 1832 788 τῶν
1857 748 2082 802 χρησθέντων
2103 748 2249 795 ἀδηλίας
2263 778 2276 798 ,
2302 747 2428 787 ἄλλοτε
2461 748 2499 787 δὲ

1457 808 1765 859 ἀποπλανωμένων
1785 809 1826 846 ἐκ
1851 811 1914 856 τῆς
1937 808 2078 847 αὐτόθεν
2099 811 2169 847 τῶν
2200 807 2325 860 λογίων
2345 807 2497 857 ἀπάτης.

1456 866 1505 907 Τί
1524 869 1577 906 δεῖ
1610 867 1646 905 δὲ
1681 868 1807 919 λέγειν,
1835 866 1881 912 ὥς
1900 882 1985 906 ποτε
2018 868 2053 905 ἐν
2085 872 2162 911 ταῖς
2192 866 2375 919 μεγίσταις
2401 882 2501 918 συμ-

1456 931 1596 978 φοραῖς,
1626 925 1704 973 ἤτοι
1734 928 1803 964 τῶν
1831 925 1915 979 πρὸς
1939 925 2017 970 τοὺς
2044 924 2188 978 ἐχθροὺς
2211 925 2456 978 παρατάξεων,
2474 925 2500 974 ἢ

1458 987 1528 1023 τῶν
1545 987 1579 1023 ἐν
1595 990 1671 1030 ταῖς
1690 991 1908 1035 σωματικαῖς
1927 984 2137 1038 ἀρῤωστίαις
2155 984 2335 1036 κινδύνων,
2348 987 2412 1034 τῆς
2429 987 2500 1024 τῶν

1457 1042 1717 1094 νενομισμένων
1753 1045 1839 1082 θεῶν
1886 1043 2086 1096 ἐπικουρίας
2121 1042 2144 1091 ἢ
2179 1043 2364 1096 θεραπείας
2403 1044 2500 1084 οὐδὲν

1456 1101 1604 1141 ὤναντο.
1662 1105 1819 1142 Τοιαῦτα
1846 1100 1882 1140 δὲ
1911 1101 1964 1140 ἀεὶ
1984 1102 2044 1140 καὶ
2072 1101 2129 1141 διὰ
2157 1101 2287 1147 παντὸς
2310 1102 2427 1148 αὐτοῖς
2455 1102 2501 1143 τὰ

1457 1160 1528 1199 ἀπὸ
1547 1162 1615 1199 τῶν
1638 1162 1811 1213 χρησμῶν
1839 1159 2022 1208 ἐκπίπτει,
2040 1154 2096 1199 οἶα
2120 1159 2181 1198 καὶ
2199 1159 2244 1198 τὰ
2266 1162 2329 1207 τῆς
2347 1163 2502 1206 παλαιᾶς

1456 1219 1611 1272 ἱστορίας
1641 1220 1854 1268 συνίστησιν.
1914 1219 2006 1259 Ἀλλ’
2027 1219 2102 1258 ἐπεὶ
2132 1221 2200 1258 τῶν
2221 1218 2376 1271 μάλιστα
2403 1220 2502 1273 παρὰ

1458 1283 1529 1323 τοῖς
1547 1277 1706 1327 ἽΞλλησι
1738 1277 1976 1332 θρυλουμένων
2003 1281 2066 1318 τοῦ
2100 1277 2230 1318 Πυθίου
2259 1281 2432 1333 χρησμῶν
2454 1271 2503 1323 εἷς

1457 1352 1508 1381 τις
1537 1330 1578 1384 ἦν
1612 1337 1674 1375 καὶ
1705 1339 1723 1376 ὁ
1750 1336 1835 1390 πρὸς
1864 1339 2082 1391 Λυκοῦργον,
2101 1331 2130 1390 ᾧ
2147 1337 2364 1390 προσιόντιή
2386 1338 2503 1378 Πυθία

1458 1394 1660 1447 ἐπεφώνησε
1679 1394 1719 1434 τὸ
1742 1394 1918 1447 βοώμενον
1934 1398 2064 1445 ἐκεῖνο,

1512 1494 1638 1539 ’Ἥκεις
1648 1526 1658 1544 ,
1679 1487 1709 1534 (ἶ)
1729 1495 1907 1548 Λυκόοργε
1919 1500 1947 1545 ⁸,
1965 1495 2048 1547 ἐμὸν
2065 1496 2147 1535 ποτὶ
2162 1495 2267 1535 πίονα
2282 1495 2381 1548 νηόν,

1512 1554 1602 1602 Ζηνὶ
1622 1554 1719 1608 φίλος
1735 1554 1796 1593 καὶ
1816 1559 1923 1593 πᾶσιν
1940 1554 2124 1605 Ὀλύμπια
2141 1554 2274 1605 δώματ’
2291 1554 2430 1608 ἔχουσι·

1514 1613 1633 1661 δίζωῆ
1653 1630 1691 1653 σε
1710 1613 1785 1653 θεὸν
1803 1613 2064 1664 μαντεύσομαι,
2080 1612 2103 1661 ἢ
2125 1614 2317 1667 ἄνθρωπον·

1513 1674 1591 1711 ἀλλ’
1611 1673 1663 1711 ἔτι
1683 1673 1743 1712 καὶ
1763 1674 1896 1724 μᾶλλον
1917 1671 1993 1710 θεὸν
2011 1672 2182 1722 ἔλπομαι·
2203 1664 2232 1710 ὦ
2248 1672 2450 1725 Λυκόοργε,

1507 1731 1604 1779 ἥκεις
1623 1732 1783 1783 εὖνομίην
1803 1731 2003 1783 διζήμενος·
2021 1731 2131 1784 αὐτὰρ
2151 1730 2220 1783 ἐγώ
2238 1746 2291 1770 τοι

1508 1791 1629 1840 δώσω,
2177 1788 2179 1790 ’
2217 1792 2220 1794 ’

1456 1884 1517 1923 καὶ
1536 1883 1582 1923 τὰ
1607 1883 1739 1929 τούτοις
1767 1883 2075 1937 συνεπιλεγόμενα·
2097 1883 2179 1938 φέρε
2203 1881 2264 1923 καὶ
2289 1882 2376 1936 πρὸς
2392 1886 2504 1922 ταῦτα

1502 2005 1551 2033 10.
1575 2000 1680 2041 Atque
1707 1998 1892 2039 hujusmodi
1922 1999 1999 2031 sunt
2027 1999 2145 2032 veteris
2173 1997 2319 2032 historiae
2346 1997 2504 2040 exempla.

1458 2060 1617 2092 Caeterum
1636 2059 1787 2091 sexcenta
1803 2057 1853 2090 liis
1869 2057 1983 2090 similia
1999 2057 2075 2090 inde
2090 2057 2131 2089 ab
2144 2057 2277 2098 antiqua
2291 2057 2387 2090 aetate
2403 2065 2506 2098 usque

1458 2117 1498 2150 ad
1517 2118 1658 2150 nostram
1676 2117 1864 2150 memoriam
1878 2116 2012 2158 proferri
2028 2117 2180 2157 possunt:
2193 2124 2295 2157 quum
2307 2116 2357 2148 tot
2371 2114 2506 2148 subinde

1457 2174 1668 2218 imperatores
1687 2164 1845 2208 modoad
1865 2174 1970 2207 inania
1985 2174 2069 2207 bella
2084 2174 2223 2207 oraculis
2249 2173 2432 2206 auctoribus
2449 2182 2503 2206 ra-

1459 2238 1622 2277 perentur,
1634 2235 1733 2267 modo
1747 2243 1977 2276 responsorum
1991 2233 2186 2266 obscuritate
2201 2232 2394 2274 fallerentur,
2405 2231 2502 2264 modo

1459 2294 1556 2327 etiam
1586 2294 1696 2326 nativa
1714 2293 1855 2335 quadam
1879 2292 2003 2325 inducti
2031 2292 2236 2324 oraculorum
2256 2291 2369 2324 fraude
2388 2299 2410 2324 a
2426 2300 2502 2332 pro-

1458 2353 1561 2394 posito
1576 2352 1772 2385 aberrarent.
1816 2351 1902 2389 Quid
1918 2359 1995 2383 vero
2011 2350 2128 2383 attinet
2150 2350 2286 2391 referre,
2302 2349 2430 2392 quoties
2450 2349 2500 2382 vel

1457 2411 1672 2452 gravissimis,
1692 2410 1780 2452 quod
1795 2410 1973 2442 infaustum
1987 2417 2062 2441 cum
2080 2408 2228 2441 hostibus
2239 2408 2388 2450 proelinm
2410 2417 2501 2441 mm·

1457 2469 1633 2510 misissent,
1644 2468 1880 2501 calamitatibus
1896 2467 2018 2508 afflicti,
2030 2467 2083 2500 vel
2095 2467 2218 2500 morbis
2229 2465 2503 2508 periculosissimis

1458 2527 1658 2567 laborantes,
1678 2527 1718 2559 ab
1737 2526 1774 2558 iis
1792 2527 1848 2567 qui
1867 2525 1962 2567 vulgo
1984 2525 2029 2558 dii
2050 2525 2253 2558 habebantur
2269 2533 2375 2566 neque
2400 2523 2501 2564 adJ’uti

1458 2594 1562 2626 neque
1588 2585 1690 2617 curati
1720 2585 1808 2617 sint?
1828 2586 1867 2616 Et
1888 2583 2020 2625 quidem
2046 2583 2121 2616 talia
2139 2591 2267 2624 semper
2282 2591 2321 2615 ac
2349 2585 2502 2624 perpetuo

1458 2652 1609 2685 responsa
1637 2643 1675 2675 iis
1701 2643 1775 2675 data
1801 2643 1897 2683 sunt,
1917 2642 2024 2683 qualia
2049 2642 2083 2674 in
2110 2641 2222 2682 priscis
2246 2640 2416 2674 annalibus
2433 2641 2499 2674 tra·

1458 2704 1591 2736 duntur.
1636 2702 1699 2735 Sed
1727 2701 1881 2743 quoniam
1909 2709 1948 2734 ex
1964 2701 2005 2733 iis
2031 2700 2186 2742 Apollinis
2209 2699 2318 2741 Pythii
2341 2699 2499 2739 oraculis,

1458 2772 1530 2804 quae
1551 2772 1571 2795 a
1591 2762 1715 2795 Graecis
1734 2760 1874 2794 maxime
1892 2760 2065 2801 jactantur,
2081 2769 2183 2793 unum
2210 2759 2309 2793 etiarn
2327 2758 2409 2792 illud
2432 2763 2496 2799 est,

1457 2821 1544 2863 quod
1562 2823 1708 2863 Lycurgo
1726 2821 1828 2862 ipsam
1854 2819 2033 2852 consulenti
2053 2819 2198 2860 Pythiam
2215 2818 2354 2852 edidisse
2373 2818 2478 2851 terunt
2490 2843 2498 2857 ‚

1457 2880 1602 2914 omnium
1620 2887 1767 2913 sermone
1787 2878 2072 2912 celebratissimum
2084 2901 2095 2918 ,

1539 2992 1590 3025 Ad
1609 3001 1680 3026 mea
1695 2991 1810 3025 venisti
1830 2990 2026 3033 praepinguia
2045 2989 2181 3031 templa,
2198 2990 2362 3030 Lycurge,

1539 3055 1627 3093 grate
1645 3051 1719 3084 Jovi
1737 3053 1769 3083 et
1787 3050 1912 3083 cunctis
1929 3050 1984 3090 qui
2000 3050 2085 3082 tecta
2102 3050 2234 3082 tuentur
2248 3046 2388 3088 Olympi.

1539 3110 1694 3151 Ambigo,
1711 3111 1785 3142 tene
1799 3109 1894 3142 deum
1911 3108 1976 3149 iam
1994 3117 2080 3140 nunc
2100 3107 2303 3140 hominemne
2320 3106 2476 3147 salutem3

1540 3169 1595 3202 sed
1612 3169 1715 3201 multo
1731 3168 1830 3209 magis
1846 3177 1915 3200 esse
1929 3167 2027 3200 deum
2042 3168 2075 3200 te
2089 3166 2202 3207 cred0,
2218 3168 2372 3207 Lycurge.

1539 3229 1642 3269 AEqua
1657 3228 1722 3261 tuis
1738 3236 1796 3260 nos
1808 3227 1882 3267 jura
1895 3235 2007 3268 rogas;
2025 3226 2140 3258 damus
2155 3225 2210 3258 illa
2225 3225 2372 3264 libenter,

1456 3323 1487 3354 et
1514 3332 1586 3362 quae
1615 3324 1793 3364 sequuntur
1820 3335 1828 3355 ε
1853 3331 1928 3363 age,
1956 3322 2031 3363 quid
2058 3322 2188 3354 tandem
2217 3320 2258 3353 de
2281 3320 2342 3352 isto
2370 3328 2497 3360 quoque

1456 3383 1636 3414 OEnomaus
1664 3385 1774 3414 noster
1800 3381 1952 3421 senserit,
1975 3389 2076 3422 quum
2093 3380 2294 3412 oraculorum
2323 3378 2495 3411 vanitatem

1456 3441 1656 3483 coargueret,
1673 3440 1852 3473 videamus.
1896 3439 1949 3472 Sic
1966 3438 2062 3480 igitur
2081 3438 2150 3479 ipsc
2172 3437 2283 3471 scribit
2301 3449 2309 3469 z
2329 3436 2392 3470 Sed
2410 3436 2495 3470 enim

2592 2348 2606 2385 *i
