2638 3840
317 296 403 324 XXX

317 386 390 411 nus
432 371 556 423 (210),
590 371 810 411 Moderatus
845 370 987 419 aliique
1016 365 1225 405 eorundem
1257 365 1354 415 dog-

314 441 456 470 matum
479 431 711 470 defensores.
736 430 836 467 Illud
857 427 1072 466 mirandum
1090 455 1099 472 ,
1130 424 1235 476 quod
1254 425 1355 463 Sex-

316 491 456 528 tiorum
495 490 599 540 (211)
636 502 738 526 nova
781 497 818 525 et
863 486 1021 524 Romani
1062 483 1215 522 roboris
1252 493 1353 523 secta

316 549 417 587 inter
438 547 655 599 primordia
682 559 771 593 sua,
797 559 913 596 quum
945 557 1083 593 magno
1102 543 1249 594 impetu
1274 557 1350 580 coe-

315 607 451 658 pisset‚
474 607 661 645 exstincta
690 614 757 643 est.
779 604 863 641 Jam
894 603 981 640 licet
1008 602 1151 639 Seneca
1181 601 1353 639 Sextium

314 668 443 704 virum
462 679 586 704 acrem
623 664 767 702 Graecis
794 662 944 708 verbis,
977 661 1160 699 Romanis
1181 661 1357 700 moribus

315 725 651 776 philosophantem
683 722 871 774 appellet,
904 730 1029 758 tamen
1062 733 1110 758 ex
1142 720 1217 758 hoc
1251 722 1355 772 quod

320 784 585 829 Quintilianus
632 782 730 819 inter
771 780 962 817 Romanos
1000 792 1077 829 qua
1116 779 1357 829 intelligendi

316 856 392 892 qua
410 841 564 880 dicendi
587 848 759 878 auctores
779 838 1002 876 Cornelium
1022 837 1190 884 Celsum,
1207 836 1358 875 Sextios

316 909 509 946 secutum,
549 912 627 937 non
661 899 742 935 sine
773 897 879 935 cultu
914 910 958 934 ac
993 899 1117 934 nitore
1152 895 1357 947 scripsisse

317 960 552 1006 testificatur,
577 955 678 994 haud
707 956 787 993 scio
813 968 863 993 an
889 955 1104 1008 cogendum
1133 957 1183 993 sit
1200 955 1355 994 Sextios

315 1026 458 1068 patrem
480 1025 518 1054 et
546 1016 669 1053 filium
700 1015 845 1066 scripta
871 1015 1049 1054 edidisse.
1074 1014 1139 1053 Est
1159 1015 1261 1053 enim
1285 1015 1356 1052 dif-

317 1076 417 1113 licile
438 1076 562 1113 filium
579 1088 600 1112 a
621 1082 728 1126 patre
744 1074 994 1124 distinguere.
1015 1073 1067 1112 Ut
1083 1074 1202 1124 igitur
1221 1075 1354 1125 paucis

313 1134 459 1181 dicam,
485 1134 567 1184 jam
595 1134 668 1172 sub
696 1135 870 1184 Augusto
899 1142 993 1171 teste
1021 1133 1186 1171 Eusebio
1207 1133 1350 1171 Chron.

313 1206 351 1230 n.
376 1207 477 1230 2010
500 1207 587 1244 pag.
614 1193 686 1232 156
706 1195 767 1233 ed.
793 1193 979 1243 Scaliger.
1002 1183 1155 1231 Sextius
1185 1193 1355 1244 philoso-

313 1252 413 1302 phus
466 1252 744 1302 Pythagoricus
773 1253 1082 1301 agnoscebatur,
1127 1253 1195 1302 qui
1240 1252 1353 1289 etiam

312 1310 474 1348 Athenis
499 1311 733 1361 aliquamdiu
754 1310 854 1348 vixit
879 1309 1000 1363 (212),
1038 1310 1104 1348 sed
1130 1310 1208 1348 nisi
1228 1311 1354 1362 fallor,

313 1369 443 1406 Romae
481 1372 646 1407 maxime
695 1370 977 1420 discipulorum
1027 1368 1232 1408 nobilitate
1283 1370 1352 1408 flo—

312 1430 388 1465 ruit
402 1427 518 1480 (213),
540 1429 608 1466 ubi
630 1428 673 1467 L.
700 1428 906 1467 Crassitius
928 1428 1030 1466 inter
1057 1427 1140 1479 ejus
1159 1429 1354 1467 auditores

312 1487 395 1526 fuit.
415 1491 472 1525 De
493 1487 595 1525 libro
628 1487 676 1533 Q.
698 1487 820 1525 Sextii
847 1487 965 1539 patris
979 1516 989 1534 ‚
1024 1489 1155 1537 magni
1187 1488 1280 1535 viri,
1301 1488 1355 1526 ita

305 1544 454 1595 judicat
473 1548 615 1584 Seneca
633 1547 745 1598 epist.
767 1548 817 1591 64
842 1561 851 1584 ε
872 1563 888 1580 «
911 1546 1105 1592 Quantum
1126 1546 1167 1584 in
1184 1547 1270 1594 illo,
1295 1547 1351 1585 dii

309 1602 424 1651 boni,
457 1606 600 1655 vigoris
620 1613 696 1652 est,
727 1613 914 1656 quantum
943 1605 1084 1642 animi!
1107 1605 1185 1642 hoc
1210 1619 1289 1643 non
1310 1605 1351 1643 in

310 1662 491 1701 omnibus
539 1664 785 1714 philosophis
835 1663 1029 1702 invenies.
1093 1663 1347 1709 Quorundam

308 1722 451 1772 scripta
464 1722 610 1760 clarum
628 1722 771 1760 habent
784 1730 930 1760 tantum
949 1735 1092 1760 nomen
1110 1737 1119 1760 ι
1141 1731 1276 1760 caetera
1286 1735 1350 1760 ex-

307 1781 466 1829 sanguia
482 1789 585 1820 sunt.
607 1780 830 1828 Instituunt‚
856 1781 1069 1832 disputant,
1092 1782 1347 1819 cavillantur:

307 1851 385 1876 non
395 1840 538 1878 faciunt
549 1840 736 1888 animum,
748 1840 839 1890 quia
852 1853 932 1878 non
946 1840 1100 1879 habent.
1113 1840 1239 1886 Quum
1249 1840 1351 1889 lege-

307 1897 361 1935 ris
380 1897 553 1937 Sextium
565 1928 576 1947 ,
592 1899 695 1937 dices
716 1912 726 1937 z
746 1898 871 1945 Vivit,
893 1899 1014 1947 viget,
1031 1898 1131 1936 liber
1149 1907 1219 1945 est,
1235 1911 1352 1949 supra

305 1956 502 1996 hominem
524 1967 581 1996 est
603 1972 612 1996 z
631 1958 794 1996 dimittit
811 1970 872 1995 me
884 1954 1042 2008 plenum
1061 1957 1228 2007 ingentis
1251 1958 1348 1995 fidu-

308 2016 390 2054 ciae.
413 2016 456 2054 In
478 2030 710 2068 quacunque
737 2016 930 2068 positione
951 2017 1090 2054 mentis
1115 2017 1204 2064 sim,
1228 2029 1346 2066 quum

306 2074 390 2124 lego
410 2075 526 2122 hunc,
552 2075 702 2115 fatebor
730 2075 804 2114 tibi
821 2105 831 2123 ,
855 2075 952 2113 libet
968 2088 1101 2113 omnes
1130 2087 1239 2112 casus
1259 2088 1350 2125 pro-

308 2147 464 2185 vocare,
484 2135 579 2174 libet
599 2135 815 2174 exclamare
837 2149 846 2173 ε
870 2134 974 2181 Quid
994 2147 1119 2172 cessas
1132 2163 1143 2181 ‚
1166 2133 1345 2171 fortuna?

306 2194 540 2243 congredere
587 2207 598 2234 :
633 2203 811 2246 paratum
843 2194 968 2232 vides.
1018 2192 1131 2231 Illius
1173 2193 1346 2230 animum

307 2251 427 2291 induo
451 2254 519 2305 qui
548 2253 688 2305 quaerit
710 2252 781 2291 ubi
811 2265 851 2291 se
866 2254 1099 2304 experiatur,
1129 2251 1198 2290 ubi
1225 2252 1350 2290 virtu-

309 2318 384 2348 tem
406 2326 512 2351 suam
533 2312 724 2360 ostendat,

349 2408 622 2448 Spumantemque
635 2406 705 2438 dari
721 2414 835 2446 pecora
849 2405 933 2438 inter
951 2405 1065 2438 inertia
1083 2405 1168 2437 votis

347 2456 435 2496 optat
452 2463 583 2496 aprum,
602 2455 658 2487 aut
679 2453 806 2486 fulvum
827 2453 1018 2486 descendere
1034 2455 1142 2485 monte
1157 2452 1293 2494 leonem.

307 2616 457 2647 Romanae
483 2613 637 2646 tulerunt.
661 2614 751 2647 Idem
780 2614 877 2655 igitur
896 2615 941 2645 M.
967 2612 1100 2652 Tullius,
1132 2612 1187 2653 qui
1217 2612 1348 2653 ubique,

309 2661 406 2693 etiam
433 2661 466 2692 in
488 2661 549 2693 hoc
577 2669 684 2702 opere,
706 2661 848 2694 Platonis
869 2660 1007 2692 aemulus
1039 2659 1175 2692 exstitit.
1197 2660 1351 2699 Egregius

309 2717 385 2739 vero
406 2708 591 2748 multoque,
613 2717 710 2748 quam
730 2709 762 2740 in
779 2708 991 2746 orationibus,
1010 2708 1212 2747 praestantior
1231 2708 1349 2739 B'rutus

308 2754 433 2785 suffecit
461 2754 591 2792 ponderi
619 2764 725 2787 rerum
758 2763 767 2783 ι
796 2754 877 2786 scias
901 2762 976 2785 eum
1005 2754 1128 2785 sentire
1152 2762 1227 2794 quae
1258 2753 1351 2786 dicit.

310 2801 443 2841 Scripsit
458 2809 522 2832 non
537 2810 649 2841 parum
665 2802 767 2833 multa
784 2800 952 2834 Cornelius
975 2799 1100 2838 Celsus,
1116 2800 1244 2832 Sextios
1258 2809 1352 2832 secu-

310 2849 363 2877 tus
373 2870 382 2886 ,
397 2855 461 2878 non
474 2846 541 2879 sine
553 2848 642 2879 cultu
659 2856 697 2879 ac
717 2848 834 2880 nitore.
849 2864 890 2871 -
907 2845 996 2886 (210)
1017 2847 1140 2877 Seneca
1152 2846 1253 2886 Epist.
1268 2849 1325 2883 100
1343 2854 1351 2874 :

311 2892 441 2924 Fabiani
461 2893 576 2933 Papirii
594 2893 692 2925 libros
704 2893 759 2934 qui
781 2892 1004 2925 inscribuntur
1026 2891 1178 2923 civilium
1193 2892 1302 2932 legisse
1321 2893 1353 2924 te

312 2939 518 2979 cupidissime
544 2940 667 2979 scribis,
700 2941 754 2972 sed
785 2949 850 2972 non
886 2938 1090 2979 respondisse
1123 2939 1353 2979 exspectationi

312 2989 389 3018 tnae.
411 2986 540 3024 Deinde,
566 2986 685 3018 oblitus
716 2987 756 3019 de
777 2986 971 3027 philosopho
997 2985 1059 3026 agi,
1087 2986 1353 3026 compositionem

312 3032 382 3071 eJus
403 3041 543 3064 accusas.
560 3035 640 3066 Puta
665 3043 732 3066 esse
750 3034 835 3075 quod
860 3033 954 3073 dicis,
969 3035 1001 3065 et
1020 3033 1143 3065 effundi
1159 3033 1269 3073 verba,
1288 3042 1352 3065 non

315 3079 400 3119 tingi.
419 3080 561 3111 Primum
580 3081 674 3113 habet
698 3082 757 3113 ista
781 3090 831 3113 res
849 3089 941 3113 suam
962 3081 1116 3120 gratiam,
1136 3083 1168 3112 et
1183 3082 1234 3113 est
1256 3081 1352 3113 decor

315 3126 461 3167 proprius
485 3127 644 3159 orationis
666 3127 781 3160 leniter
799 3128 909 3168 lapsae.
937 3127 1078 3159 Multum
1095 3127 1178 3159 enim
1201 3128 1354 3160 interesse

314 3172 473 3213 existimo,
490 3176 598 3205 utrum
613 3174 777 3211 exciderit.
791 3183 832 3206 an
844 3174 984 3206 fluxerit.
998 3174 1089 3205 Nunc
1107 3173 1139 3204 in
1153 3173 1214 3205 hoc
1225 3170 1354 3214 quoque

315 3220 399 3259 quod
419 3220 564 3253 dicturus
584 3229 655 3252 sum
681 3222 793 3261 ingens
809 3221 994 3253 differentia
1011 3221 1070 3252 est.
1091 3219 1252 3252 Fabianus
1274 3220 1353 3252 mihi

314 3273 378 3296 non
389 3266 552 3298 effundere
566 3266 694 3298 videtur
707 3267 901 3306 orationem,
921 3266 976 3298 sed
993 3265 1127 3297 sundere
1142 3267 1207 3298 etc.
1225 3267 1275 3299 Cf.
1295 3266 1352 3299 Se-

315 3319 393 3342 neca
423 3313 531 3344 rhetor
550 3315 756 3346 controvers.
785 3314 842 3344 lib.
874 3315 905 3345 11
934 3312 1024 3353 praet.
1052 3329 1093 3336 —
1122 3312 1207 3354 (211)
1232 3315 1354 3345 Seneca

316 3360 436 3395 Quaest.
451 3362 524 3392 Nat.
542 3361 613 3400 VII,
628 3363 679 3392 32.
691 3360 827 3401 —(212)
842 3359 962 3392 Plinius
974 3359 1059 3391 Hist.
1076 3361 1140 3391 nat.
1156 3361 1285 3399 XVIII,
1300 3365 1352 3400 68,

316 3407 348 3435 3.
359 3422 399 3427 —
413 3406 496 3446 (213)
508 3407 676 3438 Suetonius
694 3407 734 3439 de
748 3406 866 3438 illustr.
881 3407 1027 3438 Grarnm.
1044 3408 1094 3445 18,
1111 3405 1165 3437 ubi
1188 3408 1224 3438 L.
1238 3407 1355 3438 Crassi-

317 3450 380 3482 tius
391 3451 430 3482 ad
446 3454 484 3489 Q.
506 3454 604 3484 Sextii
622 3453 687 3495 [sic
702 3453 807 3494 plures
826 3453 919 3485 codd.
938 3461 995 3493 pro
1012 3454 1052 3490 Q.
1069 3452 1232 3494 Septimii]
1244 3453 1351 3494 philo-

319 3496 410 3537 sophi
428 3500 547 3530 sectam
563 3499 727 3532 transiisse
746 3499 874 3531 dicitur.

1179 279 1245 317 DE
1277 278 1596 318 PYTHAGORA

1421 365 1535 404 Libet
1555 364 1703 414 aliquid
1732 362 1872 400 habere
1895 362 1999 413 quod
2030 363 2208 412 vincam,
2239 364 2351 416 cujus
2383 377 2456 416 pa-

1421 425 1556 463 tientia
1586 435 1777 461 exercear.
1822 425 1918 459 Nam
1956 422 2029 460 hoc
2063 436 2237 474 quoque⁴
2258 424 2456 475 egregium
2515 451 2517 454 ι

1418 484 1572 522 Sextius
1592 482 1722 529 habet,
1751 481 1856 532 quod
1882 489 1920 518 et
1938 480 2113 520 ostendet
2144 481 2217 520 tibi
2232 481 2352 521 beatae
2369 483 2460 521 vitae

1419 542 1738 593 magnitudinem,
1758 549 1796 578 et
1810 540 2120 592 desperationem
2137 540 2222 592 ejus
2235 555 2315 581 non
2336 542 2459 580 faciet.

1419 603 1523 640 Scies
1543 602 1650 639 illam
1668 613 1750 639 esse
1768 600 1809 638 in
1829 599 2005 647 excelso,
2027 599 2094 638 sed
2115 600 2266 639 volenti
2285 609 2460 653 penetra-

1418 661 1538 700 bilem
1559 674 1567 700 :
1592 661 1666 698 hoc
1687 659 1846 710 quidem
1862 659 1988 697 virtus
2001 658 2075 697 tibi
2092 659 2181 711 ipsa
2192 659 2405 712 praestabit‚
2421 667 2462 697 ut

1419 721 1523 758 illam
1546 720 1750 758 admireris
1765 748 1774 765 ,
1796 727 1833 756 et
1853 726 1981 756 tamen
2001 730 2146 770 speres.
2171 735 2188 753 υ
2213 717 2320 757 Idem
2345 720 2458 770 epist.

1421 780 1470 830 59
1507 781 1561 817 ait
1598 795 1606 816 :
1646 797 1660 812 α
1693 779 1868 816 Sextium
1904 791 1993 816 ecce
2021 778 2309 829 quummaxime
2337 780 2424 828 lego
2449 792 2458 815 :

1421 840 1547 877 movit
1571 852 1632 876 me
1665 839 1794 888 imago
1824 837 1872 876 ab
1894 837 1965 875 illo
1997 837 2125 888 posita
2151 852 2161 876 ι
2197 837 2255 876 ire
2272 838 2462 889 quadrato

1419 898 1572 947 agmine
1609 897 1842 953 exercitum,
1873 895 1942 934 ubi
1972 896 2096 934 hostis
2129 898 2177 934 ab
2209 896 2319 935 omni
2354 906 2462 948 parte

1418 965 1617 1008 suspectus
1651 965 1723 1007 est,
1756 968 1896 1007 pugnae
1932 963 2125 1006 paratum.
2159 955 2284 1003 Idem,
2320 955 2462 1006 inquit,

1418 1016 1572 1066 sapiens
1597 1015 1721 1053 facere
1738 1014 1851 1052 debet
1875 1028 1883 1051 :
1901 1027 2036 1052 omnes
2049 1015 2215 1052 virtutes
2242 1027 2331 1053 suas
2350 1014 2462 1052 undi-

1418 1086 1493 1124 que
1526 1072 1743 1125 expandat,
1782 1081 1852 1123 ut,
1883 1071 2110 1123 ubicunque
2136 1072 2270 1111 infesti
2311 1072 2462 1123 aliquid

1418 1133 1558 1182 oritur,
1590 1132 1674 1170 illic
1703 1141 1840 1184 parata
1860 1131 2047 1184 praesidia
2073 1132 2153 1170 sint
2179 1140 2219 1170 et
2242 1131 2291 1169 ad
2323 1139 2459 1169 nutum

1418 1191 1585 1241 regentis
1622 1191 1706 1228 sine
1744 1193 1912 1229 tumultu
1945 1190 2219 1241 respondeant.
2266 1188 2381 1235 Quod
2419 1190 2460 1229 in

1416 1249 1652 1288 exercitibus
1677 1250 1754 1297 his,
1787 1263 1886 1301 quos
1916 1247 2166 1300 imperatores
2200 1248 2332 1297 magni
2353 1248 2460 1287 ordi-

1418 1318 1526 1357 nant,
1548 1309 1634 1347 fieri
1658 1309 1854 1359 videmus,
1886 1317 1930 1347 ut
1963 1308 2172 1359 imperium
2200 1307 2310 1346 ducis
2344 1307 2461 1346 simul

1416 1382 1550 1407 omnes
1569 1368 1692 1420 copiae
1714 1368 1896 1415 sentiant,
1926 1368 1982 1406 sic
1999 1367 2220 1418 dispositae,
2239 1375 2282 1405 ut
2309 1369 2458 1417 signum

1417 1427 1465 1465 ab
1488 1441 1567 1466 uno
1593 1428 1724 1466 datum
1748 1427 1924 1479 ‚peditem
1955 1427 2071 1464 simul
2095 1426 2344 1477 equitemque
2367 1439 2460 1477 per-

1416 1496 1547 1525 currat
1569 1503 1579 1526 ε
1601 1487 1675 1525 hoc
1705 1487 1904 1537 aliquanto
1926 1486 2049 1535 magis
2083 1484 2344 1523 necessarium
2375 1498 2459 1524 esse

1415 1546 1709 1596 nobis‚Sextius
1727 1546 1795 1586 ait.
1815 1545 1880 1583 Illi
1895 1545 1998 1583 enim
2014 1557 2114 1595 saepe
2126 1543 2276 1582 hostem
2294 1543 2459 1582 timuere

1414 1605 1497 1643 sine
1517 1619 1654 1651 causa,
1679 1605 1991 1654 tutissimumque
2011 1604 2090 1642 illis
2110 1603 2183 1641 iter
2202 1602 2308 1654 quod
2324 1615 2459 1655 suspe—

1413 1665 1626 1702 ctissimum
1643 1664 1715 1702 fuit
1732 1677 1741 1701 ι
1762 1664 1816 1702 nii
1835 1662 2000 1701 stultitia
2017 1671 2193 1713 pacatum
2212 1660 2342 1699 habet.
2360 1661 2457 1700 Tam

1413 1736 1579 1775 superne
1608 1723 1669 1761 illi
1703 1732 1825 1761 metus
1851 1731 1908 1760 est
1937 1734 2053 1772 quam
2087 1721 2212 1769 infra3
2248 1729 2456 1772 utrumque

1412 1783 1579 1834 trepidat
1596 1783 1710 1821 latus.
1737 1781 1959 1831 Sequuntur
1972 1779 2146 1830 pericula
2164 1787 2202 1817 et
2220 1788 2432 1818 occurrunt
2443 1809 2455 1831 ,

1412 1843 1458 1880 ad
1479 1842 1611 1880 omnia
1629 1850 1767 1893 pavet,
1796 1840 1984 1891 imparata
2011 1847 2069 1877 est
2095 1847 2133 1876 et
2162 1838 2257 1890 ipsis
2289 1846 2456 1877 terretur

1413 1901 1586 1940 auxiliis.
1622 1900 1785 1951 Sapiens
1824 1907 1949 1937 autem
1989 1897 2037 1935 ad
2071 1910 2224 1935 omnem
2256 1897 2455 1936 incursum

1412 1960 1584 1998 munitus
1614 1968 1652 1997 et
1677 1949 1863 2004 intentus,
1889 1970 1969 1995 non
1998 1957 2031 1994 si
2058 1963 2286 2008 paupertas,
2315 1969 2396 1994 non
2423 1958 2457 1995 si

1412 2020 1560 2069 luctus,
1580 2033 1662 2057 non
1685 2019 1718 2057 si
1739 2017 1982 2068 ignominia,
1996 2030 2076 2054 non
2095 2018 2127 2054 si
2142 2015 2256 2053 dolor
2272 2015 2457 2067 impetum

1414 2079 1547 2125 faciat,
1579 2079 1715 2130 pedem
1737 2077 1892 2116 referet.
1919 2076 2126 2114 Interritus
2153 2083 2191 2113 et
2225 2083 2360 2112 contra
2389 2075 2458 2113 illa

1412 2138 1486 2176 ibit
1505 2147 1543 2176 et
1558 2138 1659 2176 inter
1677 2137 1760 2176 illa.
1779 2136 1856 2174 Nos
1875 2136 1997 2173 multa
2013 2135 2190 2185 alligant,
2209 2133 2331 2171 multa
2346 2133 2456 2172 debi-

1414 2198 1525 2234 litant
1547 2211 1555 2233 :
1578 2196 1647 2234 diu
1666 2196 1709 2233 in
1728 2196 1812 2233 istis
1832 2195 1943 2232 vitiis
1955 2194 2172 2245 jacuimus,
2193 2192 2273 2231 elui
2294 2191 2456 2231 difficile

1414 2265 1485 2297 est.
1517 2256 1605 2296 Non
1622 2255 1727 2293 enim
1758 2253 1956 2305 inquinati
1977 2265 2127 2299 sumus,
2164 2251 2232 2290 sed
2263 2251 2413 2291 infecti.
2438 2268 2452 2286 ι

1413 2315 1469 2353 Ex
1488 2316 1538 2353 iis
1558 2328 1643 2366 quae
1671 2323 1821 2352 veteres
1854 2313 1902 2350 de
1922 2312 2054 2350 Sextio
2082 2311 2255 2350 referunt
2287 2309 2458 2349 efficitur

1413 2387 1500 2412 eum
1529 2387 1608 2412 non
1639 2373 1865 2411 universam
1885 2370 2176 2422 philosophiam
2206 2369 2455 2420 complexum

1413 2445 1518 2479 esse,
1551 2431 1618 2470 sed
1655 2430 1891 2482 posthabitis
1926 2430 2073 2468 caeteris
2108 2427 2226 2467 rebus
2254 2428 2362 2466 illam
2393 2441 2454 2467 sa·
2499 2455 2503 2460 -

1415 2490 1574 2541 pientiae
1603 2498 1751 2541 partem
1778 2502 1866 2540 quae
1880 2489 2051 2535 virtutis,
2070 2488 2195 2526 officii
2214 2496 2252 2526 et
2268 2486 2367 2525 bene
2398 2487 2458 2524 vi-

1417 2549 1532 2587 vendi
1549 2548 1796 2599 disciplinam
1813 2548 1985 2585 continet
1999 2547 2242 2598 explanasse.
2264 2545 2457 2591 Quocirca

1414 2607 1564 2646 solebat
1580 2607 1708 2645 dicere
1727 2605 1863 2644 Jovem
1882 2606 1989 2658 (214)
2010 2606 2099 2657 plus
2114 2619 2193 2643 non
2206 2617 2320 2656 posse
2340 2617 2454 2655 quam

1413 2666 1560 2706 bonum
1571 2667 1715 2705 virum.
1739 2666 1884 2704 «Plura
1893 2665 2048 2716 Jupiter
2067 2664 2184 2703 habet
2199 2677 2286 2715 quae
2301 2672 2457 2715 praestet

1414 2725 1635 2764 hominibus
1657 2739 1665 2761 :
1686 2724 1754 2762 sed
1774 2726 1873 2762 inter
1891 2724 1989 2761 duos
2008 2723 2134 2762 bonos
2153 2735 2232 2760 non
2245 2731 2299 2760 est
2317 2722 2457 2760 melior

1416 2785 1481 2836 qui
1519 2784 1753 2836 locupletior
1787 2797 1796 2820 ;
1820 2796 1899 2821 non
1919 2782 2058 2832 magis,
2080 2795 2196 2832 quam
2215 2783 2318 2819 inter
2338 2780 2453 2829 duos,

1414 2843 1558 2894 quibus
1575 2856 1646 2894 par
1676 2842 1835 2880 scientia
1856 2841 2016 2890 regendi
2048 2839 2355 2890 gubernaculum
2375 2848 2453 2887 est,

1416 2902 1615 2939 meliorem
1644 2900 1813 2947 dixeris,
1836 2899 1898 2936 cui
1931 2898 2057 2949 majus
2077 2899 2367 2949 speciosiusque
2388 2905 2455 2936 na-

1414 2961 1563 3010 vigium
1578 2968 1647 2999 est.
1661 2958 1816 3010 Jupiter
1836 2971 1913 3008 quo
1924 2956 2116 2995 antecedit
2133 2957 2261 2995 virum
2278 2955 2456 2994 bonum?

1415 3020 1571 3058 Diutius
1599 3018 1728 3057 bonus
1761 3025 1831 3055 est.
1863 3016 2024 3066 Sapiens
2058 3015 2185 3053 nihilo
2218 3028 2259 3053 se
2288 3015 2455 3054 minoris

1415 3080 1589 3127 aestimat,
1609 3077 1714 3128 quod
1727 3079 1890 3115 virtutes
1910 3074 1994 3125 ejus
2008 3074 2132 3124 spatio
2145 3073 2332 3112 breviore
2351 3075 2456 3112 clau-

1416 3138 1573 3176 duntur.
1598 3134 1931 3186 Quemadmodum
1959 3145 2008 3170 ex
2027 3132 2180 3170 duobus
2212 3127 2455 3183 sapientibus

1415 3198 1480 3246 qui
1495 3195 1626 3234 senior
1642 3193 1820 3240 decessit,
1835 3205 1914 3230 non
1929 3200 1986 3230 est
2004 3191 2156 3229 beatior
2173 3203 2220 3228 eo
2233 3190 2293 3238 cuj
2300 3191 2455 3228 usintra

1414 3254 1620 3305 pauciores
1640 3265 1762 3291 annos
1787 3251 1994 3289 terminata
2012 3249 2139 3287 virtus
2160 3257 2218 3287 est
2244 3263 2253 3286 :
2275 3250 2332 3286 sic
2350 3248 2455 3286 Deus

1415 3327 1492 3350 non
1511 3313 1636 3351 vincit
1666 3311 1877 3363 sapientem
1906 3308 2112 3355 felicitate,
2153 3307 2306 3345 etiamsi
2332 3307 2456 3344 vincit

1416 3380 1536 3412 aetate.
1561 3371 1645 3410 Non
1664 3379 1722 3409 est
1743 3369 1868 3415 virtus
1886 3366 2012 3418 major
2032 3380 2118 3417 quae
2138 3367 2309 3416 longior.
2338 3365 2452 3417 Jupi-

1459 3498 1545 3540 (214)
1563 3501 1684 3532 Seneca
1698 3497 1790 3539 epist.
1806 3499 1855 3529 73.
1882 3497 1891 3507 ”
