2638 3840
289 300 337 333 se
1023 257 1029 263 ’
1112 283 1579 325 ΡΥΤιιΑεοιιΕοιιυΜ

286 382 316 419 δ’
331 379 558 432 ἀμὸολιεργὸς
579 378 664 432 ἀνὴρ
685 378 787 430 ἄτῃσι
806 375 958 415 παλαίει·
974 393 988 409 u
1010 377 1071 420 τῆς
1091 373 1126 411 δὲ
1145 373 1318 421 ἀναὸολῆς

285 438 458 479 ἔκπτωσίν
475 454 550 476 τινα
571 440 638 476 τῶν
658 435 899 487 προσηκόντων
918 434 1024 485 ἔργων
1042 431 1263 483 ἐμποιούσης.

339 500 464 537 Ἰἀῦτα
484 497 546 547 μὲν
573 496 630 534 ἐπὶ
657 498 833 533 τοσοῦτον.
893 491 980 543 Περὶ
1000 491 1067 543 γὰρ
1095 490 1235 529 πάντων
1252 493 1320 530 τῶν

284 555 487 607 παραδόξων
520 555 702 604 δογμάτων
735 555 768 591 ἐν
797 552 936 592 πολλοῖς
965 548 1027 599 μὲν
1061 550 1121 587 καὶ
1153 550 1271 593 ἄλλοις
1303 553 1321 589 ὁ

285 614 489 667 Χρύσιππος
510 612 670 664 διελέχθη
684 641 694 659 ,
715 609 802 661 ἀτὰρ
818 609 876 647 καὶ
895 607 946 631 ²¹⁵
969 610 1002 646 ἐν
1019 610 1068 660 τῷ
1087 607 1168 661 περὶ
1190 608 1322 660 δογμά-

285 689 353 712 των
367 702 377 722 ,
393 673 452 710 καὶ
473 673 507 710 ἐν
523 675 565 723 τῇ
579 672 761 721 ὑπογραφῇ
773 667 824 690 ²¹⁰
846 671 905 705 τοῦ
924 665 1044 718 λόγου,
1068 666 1129 705 καὶ
1149 668 1183 705 ἐν
1205 667 1323 712 ἄλλοις

285 732 426 774 πολλοῖς
445 732 512 767 τῶν
543 729 632 767 κατὰ
665 726 767 778 μέρος
799 725 1097 778 συγγραμμάτων.
1167 725 1263 778 Ἐγὼ
1285 727 1320 766 δὲ

286 789 398 829 ὁπόσα
416 787 615 841 προύθέμην
637 787 789 824 ἐπελθεῖν
820 785 855 821 ἐν
882 782 1062 838 κεφαλαίῳ
1091 786 1158 823 τῶν
1191 787 1321 832 ἠθικῶν

287 847 470 898 δογμάτων
491 845 580 884 κατὰ
603 844 664 891 τὴν
686 847 754 882 τῶν
781 844 949 882 Στωϊκῶν
967 842 1165 897 φιλοσόφων
1189 843 1321 897 αἵρεσιν

291 905 497 953 διεληλυθὼς
519 906 663 950 ἱκανῶς,
690 902 756 949 ἤδη
777 905 896 941 τοῦτον
918 901 976 940 τὸν
1001 903 1319 954 ὑπομνηματισμὸν

287 965 403 1004 αὐτόθι
432 962 663 1002 καταπαύσω.
1312 974 1314 977 ·

286 1113 538 1168 Ἀριστοτέλους
551 1113 603 1136 ²¹⁷
622 1112 680 1150 καὶ
702 1113 769 1148 τῶν
792 1109 922 1148 λοιπῶν
940 1109 1232 1160 Περιπατητικῶν
1255 1106 1334 1159 περὶ

589 1174 659 1210 τῶν
691 1171 820 1218 ἠθικῶν
853 1165 1029 1220 δόγματα.

284 1312 289 1315 ’
335 1310 386 1349 Τὸ
421 1309 482 1359 μὲν
520 1304 577 1347 οὖν
609 1304 687 1356 ἦθος
718 1309 868 1361 τοῦνομα
892 1309 1015 1347 λαὸεῖν
1032 1309 1087 1332 ²⁴⁸
1118 1325 1221 1364 φησιν
1255 1311 1324 1350 ἀπὸ

283 1373 345 1408 τοῦ
368 1368 471 1412 ἔθους·
491 1362 538 1406 ῶν
558 1368 626 1421 γὰρ
646 1370 684 1406 ἐκ
707 1368 839 1420 φύσεως
857 1367 969 1421 ἀρχὰς
989 1367 1116 1421 ἔχομεν
1136 1370 1197 1414 καὶ
1217 1369 1323 1423 σπέρ-

287 1444 406 1479 ματα,
448 1427 578 1466 τούτων
605 1427 666 1470 τὰς
706 1426 927 1474 τελειότητας
960 1432 1216 1479 περιποιεῖσθαι
1253 1436 1325 1473 τοῖς

286 1487 376 1525 ἔθεσι
401 1487 460 1524 καὶ
485 1492 560 1530 ταῖς
584 1487 699 1538 ὀρθαῖς
729 1487 895 1537 ἀγωγαῖς·
926 1487 970 1524 δι’
993 1485 1090 1524 ὃκαὶ
1117 1486 1180 1533 τὴν
1201 1486 1324 1534 ἠθικὴν

285 1545 403 1593 ἐθικὴν
421 1539 523 1592 εἶναι,
542 1545 602 1583 καὶ
618 1544 697 1596 περὶ
711 1543 798 1595 μόνα
818 1544 862 1582 τὰ
882 1546 955 1595 ζῷα
968 1544 1164 1597 γίγνεσθαι,
1185 1546 1243 1584 καὶ
1259 1546 1327 1596 μά-

288 1606 392 1643 λιστα
414 1604 495 1656 περὶ
517 1602 710 1655 ἄνθρωπον.
788 1603 843 1641 Τὰ
874 1602 935 1652 μὲν
963 1604 1029 1656 γὰρ
1052 1603 1158 1642 λοιπὰ
1173 1604 1225 1627 2¹⁹
1255 1607 1325 1643 ἐθι-

288 1662 412 1701 σθέντα
430 1663 469 1700 οὐ
483 1661 577 1714 λόγῳ
592 1661 682 1699 ἀλλὰ
696 1664 739 1711 τῇ
760 1661 894 1713 ἀνάγκῃ
914 1661 1094 1713 γίγνεσθαι
1115 1663 1198 1701 ποιὰ
1219 1663 1322 1710 ἄττα,

286 1721 344 1760 τὸν
365 1722 395 1759 δ’
423 1721 624 1773 ἄνθρωπον,
644 1722 694 1773 τῷ
717 1719 810 1772 λόγῳ
829 1720 1089 1770 πλαττόμενον,
1113 1722 1230 1759 ἓκτοῦ
1251 1724 1322 1759 ἐθι-

288 1783 377 1830 σμοῦ
401 1779 523 1830 μέρους
541 1781 602 1825 τῆς
620 1780 734 1831 ψυχῆς
763 1777 889 1826 ἀλόγου
915 1779 1132 1837 διακειμένου
1153 1780 1243 1819 κατὰ
1268 1781 1325 1819 τὸν

286 1838 402 1890 λόγον.
445 1834 589 1888 Ἄλογον
610 1837 645 1874 δὲ
668 1836 830 1887 λέγεσθαι
849 1840 961 1889 ψυχῆς
982 1837 1084 1890 μέρος
1103 1839 1141 1876 οὐ
1160 1839 1199 1876 τὸ
1215 1840 1324 1877 καθά-

287 1896 357 1941 παξ
377 1896 515 1948 ἄλογον,
538 1894 629 1933 ἀλλὰ
649 1895 688 1935 τὸ
709 1889 780 1934 οἶόν
801 1911 838 1933 τε
868 1895 1046 1934 πείθεσθαι
1070 1896 1176 1949 λόγῳ,
1209 1898 1326 1936 ὁποῖόν

287 1957 361 1993 ἐστι
382 1956 422 1992 τὸ
444 1954 658 2002 παθητικόν,
679 1958 780 1993 τοῦτο
801 1954 836 1992 δὲ
857 1954 916 1993 καὶ
935 1957 997 2001 τῆς
1012 1957 1136 2007 ἀρετῆς
1156 1957 1324 1996 δεκτικόν.

287 2016 362 2061 Τῆς
380 2013 446 2066 γὰρ
473 2015 588 2065 ψυχῆς
617 2013 656 2051 τὸ
677 2012 738 2062 μὲν
766 2009 854 2051 εἶναι
884 2013 1039 2064 λογικόν,
1070 2015 1110 2053 τὸ
1130 2015 1160 2052 δ’
1181 2014 1322 2066 ἄλογον·

1381 372 1518 425 λογικὸν
1540 371 1602 423 μὲν
1620 372 1661 412 τὸ
1674 370 1843 424 κριτικόν,
1862 371 1986 421 ἄλογον
2007 369 2043 408 δὲ
2062 369 2104 408 τὸ
2119 368 2323 422 ὁρμητικὸν.
2343 369 2417 408 Τοῦ

1383 431 1418 470 δὲ
1435 432 1571 483 λογικοῦ
1591 430 1631 469 τὸ
1652 430 1714 481 μὲν
1734 429 1874 482 περὶτὰ
1893 426 1987 468 ἀΐδια
2007 428 2061 452 ²²⁰
2085 427 2205 467 καὶτὰ
2225 431 2300 466 θεῖα
2321 430 2419 466 θεω-

1384 489 1522 542 ρητικόν
1535 519 1547 538 ,
1573 489 1844 538 ἐπιστημονικὸν
1861 489 2055 527 καλεῖσθαι·
2079 487 2118 526 τὸ
2135 486 2170 526 δὲ
2192 486 2271 539 περὶ
2289 484 2334 524 τὰ
2352 486 2420 524 ἀν-

1383 547 1537 601 θρώπινα
1567 548 1628 587 καὶ
1659 547 1704 586 τὰ
1723 546 1900 599 πρακτικοί
1913 575 1924 594 ,
1957 544 2194 599 βουλευτικόν.
2254 543 2326 585 Καὶ
2354 546 2419 584 τοῦ

1383 606 1510 658 ἀλόγου
1531 604 1572 645 τὸ
1604 604 1668 656 μὲν
1687 605 1863 658 ὀρεκτικὸν
1886 608 1954 644 τῶν
1975 606 2010 643 ἐν
2031 608 2135 655 ἡμῖν,
2154 603 2418 655 ἐπιθυμητικόν·

1382 665 1476 704 τὸδὲ
1505 664 1591 718 πρὸς
1619 664 1699 709 τοὺς
1731 664 1880 712 πλησίον
1910 657 1979 702 οἷον
2013 663 2227 714 ἀμυντικόν,
2258 661 2420 714 θυμικόν.

1381 724 1494 763 “stote
1509 722 1618 762 διττὸν
1633 717 1721 761 εἶναι
1735 723 1793 760 καὶ
1807 724 1875 760 τῶν
1898 723 2029 776 ἀρετῶν
2043 723 2083 761 τὸ
2103 716 2190 766 εἶδος
2201 751 2212 769 ,
2229 720 2281 744 ²²¹
2302 720 2344 760 τὸ
2357 718 2420 772 μὶν

1382 782 1520 835 λογικόν
1535 812 1547 831 ,
1565 781 1606 820 τὸ
1627 783 1659 820 δ’
1684 781 1830 833 ἄλογον,
1852 781 1972 829 ἐπειδὴ
1995 785 2055 819 καὶ
2074 785 2187 820 ταῦτα
2206 781 2338 834 πέφυκα
2357 778 2422 831 μὲν

1383 842 1473 880 κατὰ
1495 841 1638 894 θεωρίαν
1655 841 1714 879 καὶ
1737 840 1876 893 πρᾶξιν,
1896 841 1971 880 ὅθεν
1987 839 2050 879 καὶ
2069 839 2130 887 τὴν
2149 841 2274 888 ἠθικὴν
2294 837 2423 893 ἀρετὴν

1385 902 1447 940 οὐκ
1471 893 1559 939 εἶναι
1574 899 1637 951 μὲν
1659 899 1856 950 ἐπιστήμην
1870 929 1880 947 ,
1894 899 2143 952 προαιρετικὴν
2157 898 2195 938 δὲ
2217 900 2286 938 τῶν
2305 899 2424 938 καλῶν

1386 959 1571 1012 ὑπάρχειν.
1629 958 1696 997 Ἐκ
1720 961 1824 1011 τριῶν
1856 958 1893 997 δὲ
1921 958 2187 1009 συμὸεῧηκέναι
2215 958 2278 1005 τὴν
2297 956 2426 1011 ἀρετὴν

1384 1019 1622 1064 τελειοῦσθαι,
1643 1016 1797 1069 φύσεως,
1812 1015 1908 1062 ἔθους
1920 1046 1930 1064 ,
1946 1016 2064 1068 λόγου.
2122 1019 2156 1056 Τ
2157 1017 2193 1056 ὸν
2213 1016 2280 1070 γὰρ
2296 1017 2426 1069 ἄνθρω·

1385 1093 1450 1116 πον
1462 1107 1473 1128 ‚
1496 1077 1701 1130 διαφέροντα
1716 1076 1807 1115 κατά
1825 1092 1862 1115 τε
1880 1079 1985 1127 σῶμα
2004 1078 2063 1115 καὶ
2080 1076 2197 1130 ψυχὴν
2212 1078 2281 1115 τῶν
2308 1075 2425 1115 ἄλλων

1387 1135 1504 1189 ζῴων,
1525 1136 1582 1175 διὰ
1610 1136 1671 1186 τὸ,
1705 1135 1834 1184 μεταξὺ
1862 1137 1930 1173 τῶν
1950 1135 2129 1174 ἀθανάτων
2159 1134 2243 1175 ὄντα
2266 1134 2328 1174 καὶ
2355 1136 2424 1173 τῶν

1386 1197 1533 1246 θνητῶν,
1563 1194 1745 1233 κοινωνίαν
1767 1193 1909 1244 ἐξῆφθαι
1928 1194 2013 1246 πρὸς
2036 1193 2143 1247 ἄμφω
2158 1225 2169 1246 ,
2186 1194 2273 1247 πρὸς
2301 1190 2363 1244 μὲν
2379 1192 2424 1231 τὰ

1385 1254 1509 1306 λογικά
1520 1283 1531 1302 ,
1548 1256 1599 1306 τῷ
1615 1253 1707 1292 κατὰ
1723 1253 1785 1301 τὴν
1802 1252 1918 1306 ψυχὴν
1938 1252 2018 1306 θείῳ
2031 1283 2042 1300 ,
2064 1255 2149 1306 πρὸς
2173 1253 2209 1291 δὲ
2230 1251 2276 1291 τὰ
2293 1251 2425 1303 ἄλογα,

1386 1316 1435 1366 τῷ
1452 1311 1543 1350 κατὰ
1563 1311 1602 1350 τὸ
1620 1314 1725 1363 σῶμα
1744 1314 1879 1363 θνητῷ,
1897 1310 1988 1349 κατὰ
2010 1309 2112 1362 λόγον
2133 1312 2260 1364 ἀμφοῖν
2290 1312 2352 1358 τῆς
2370 1324 2427 1348 τι·

1386 1372 1561 1420 λειότητος
1587 1371 1753 1425 ἐφίεσθαι.
1813 1370 1887 1410 Καὶ
1911 1373 2048 1423 πρῶτον
2079 1370 2141 1421 μὲν
2161 1369 2342 1422 ὀρέγεσθαι
2365 1370 2427 1413 τοῦ

1389 1425 1475 1470 εἶναι
1494 1430 1565 1483 ²²²,
1587 1430 1688 1483 φύσει
1703 1429 1771 1482 γὰρ
1790 1431 1984 1483 ᾠκειῶσθαι
2005 1429 2088 1481 πρὸς
2109 1427 2246 1476 ἑαυτόν,
2267 1428 2313 1466 δι’
2329 1425 2350 1466 ὃ
2367 1425 2429 1466 καὶ

1387 1489 1630 1543 προσηκόντως
1650 1489 1712 1541 μὲν
1731 1489 1927 1538 ἀσμενίζειν
1941 1487 1994 1512 ²²³
2021 1487 2079 1526 ἐπὶ
2098 1488 2171 1532 τοῖς
2187 1487 2280 1526 κατὰ
2305 1484 2425 1540 φύσιν,

1388 1548 1624 1601 δυσχεραίνειν
1647 1548 1682 1586 δὲ
1707 1547 1766 1586 ἐπὶ
1785 1548 1856 1592 τοῖς
1887 1547 1983 1599 παρὰ
2011 1546 2125 1600 φύσιν.
2191 1545 2267 1592 Τήν
2294 1560 2332 1584 τε
2360 1545 2428 1598 γὰρ

1389 1607 1519 1658 ὑγίειαν
1539 1609 1793 1659 περιποιεῖσθαι
1822 1606 2027 1650 σπουδάζειν
2039 1636 2051 1654 ,
2072 1605 2207 1653 καὶτῆς
2225 1605 2350 1652 ἡδονῆς
2363 1603 2429 1643 πό·

1389 1669 1444 1703 θον
1461 1665 1550 1717 ἔχειν
1562 1696 1571 1713 ,
1592 1664 1652 1703 καὶ
1672 1668 1731 1703 τοῦ
1750 1666 1810 1711 ζῆν
1828 1667 2092 1712 ἀντιποιεῖσθαι,
2105 1667 2155 1718 τῷ
2170 1667 2282 1703 ταῦτα
2297 1663 2360 1714 μὲν
2376 1656 2428 1702 εἶ·

1388 1737 1445 1761 ναι
1465 1721 1557 1760 κατὰ
1576 1722 1692 1775 φύσιν,
1713 1723 1772 1761 καὶ
1793 1723 1982 1776 αὐθαίρετα
1996 1722 2056 1761 καὶ
2074 1722 2203 1773 ἀγαθά.
2263 1720 2367 1761 Κατὰ
2391 1720 2428 1760 δὲ

1388 1780 1553 1819 τάναντία
1568 1782 1629 1827 τὴν
1647 1781 1746 1820 νόσον
1763 1781 1823 1819 καὶ
1840 1781 1902 1829 τὴν
1917 1781 2092 1833 ἀλγηδόνα
2128 1782 2188 1819 καὶ
2207 1780 2281 1828 τὴν
2292 1779 2422 1834 φθορὰν

1389 1839 1631 1891 διακρούεσθαι
1666 1841 1726 1879 καὶ
1762 1839 1988 1891 παρακλίνειν
2013 1839 2079 1887 ²24,
2108 1843 2159 1893 τῷ
2197 1838 2295 1892 παρὰ
2327 1839 2430 1892 φύσιν

1388 1896 1573 1948 ὑπάρχειν,
1596 1898 1655 1936 καὶ
1685 1898 1742 1936 διὰ
1762 1902 1873 1937 ταῦτα
1896 1897 2028 1951 φευκτὰ
2053 1898 2114 1936 καὶ
2132 1898 2242 1937 κακά.
2314 1898 2427 1937 Φίλον

1395 1956 1462 2007 γὰρ
1482 1949 1568 1994 εἶναι
1601 1957 1685 2007 ἡμῖν
1704 1956 1758 1980 2²⁵
1791 1957 1830 1996 τὸ
1857 1959 1986 2007 σῶμα,
2013 1956 2115 2010 φίλην
2141 1957 2179 1996 δὲ
2209 1957 2272 2004 τὴν
2292 1957 2429 2010 ψυχήν,

1396 2013 1480 2065 φίλα
1497 2014 1533 2053 δὲ
1552 2015 1596 2053 τὰ
1612 2015 1742 2054 τούτων
1769 2017 1882 2069 μέρη,
1911 2016 1972 2054 καὶ
1995 2016 2057 2061 τὰς
2074 2015 2260 2067 δυνάμεις,
2280 2017 2342 2056 καὶ
2365 2015 2430 2063 τὰς

288 2137 373 2168 viam
396 2136 547 2177 omissi03
567 2137 622 2168 sed
647 2138 878 2177 procrastinare
902 2139 1030 2170 tantum
1055 2139 1226 2180 nonnulla,
1253 2149 1327 2180 pro-

292 2198 400 2234 pterea
421 2195 506 2235 quod
528 2196 768 2235 procrastinatio
784 2204 847 2228 non
865 2196 907 2228 sit
927 2196 1153 2237 vituperanda.
1188 2199 1268 2230 Nam
1291 2199 1330 2231 de

291 2253 441 2284 dilatione
455 2254 524 2285 haec
543 2253 661 2285 dixisse
677 2254 852 2286 Hesiodum
876 2264 884 2286 ς
915 2267 931 2283 α
951 2263 994 2287 ne
1015 2264 1095 2288 vero
1120 2255 1272 2296 disseras
1291 2258 1329 2290 in

291 2307 486 2337 crastinum
507 2306 561 2337 vel
577 2307 611 2337 in
629 2306 858 2346 perendinum
876 2319 892 2335 u
910 2309 942 2338 et
958 2320 973 2335 α
991 2316 1124 2349 semper
1140 2311 1259 2341 autem
1274 2309 1330 2342 di-

294 2364 386 2396 lator
406 2372 548 2404 operum
570 2373 648 2396 cum
664 2364 802 2396 damnis
825 2365 1006 2405 luctatum
1022 2378 1039 2395 ι»
1064 2367 1138 2407 quia
1152 2367 1261 2400 dilatio
1278 2368 1331 2401 de-

292 2422 431 2454 bitorum
447 2431 578 2463 operum
597 2424 896 2464 praetermissionem
914 2424 1041 2456 efficiat.

332 2482 437 2520 Atque
455 2481 523 2512 haec
536 2481 666 2521 quidem
691 2482 856 2514 hactenus.
900 2484 1048 2523 Namque
1069 2483 1109 2515 de
1130 2485 1331 2518 mirabilibus

294 2539 444 2570 omnibus
472 2539 607 2571 decretis
637 2549 711 2571 cum
738 2541 771 2572 in
790 2541 900 2573 multis
919 2541 990 2573 aliis
1019 2542 1220 2584 Chrysippus
1244 2545 1330 2585 egit,

294 2599 363 2628 tum
384 2597 415 2628 in
435 2597 516 2628 libro
542 2597 583 2629 de
605 2598 762 2638 placitis,
786 2601 818 2631 et
838 2600 870 2631 in
889 2600 1119 2641 descriptione
1151 2604 1328 2642 sermonis,

298 2658 392 2696 atque
409 2657 440 2687 iu
464 2657 608 2697 plurimis
626 2658 697 2689 aliis
710 2658 840 2698 singulis
857 2661 997 2700 scriptis.
1043 2663 1110 2701 Ego
1125 2670 1212 2702 vero,
1231 2672 1331 2703 quum

298 2723 511 2754 quaecumque
534 2715 611 2746 mihi
639 2717 834 2756 propositum
865 2719 932 2750 erat
964 2720 1145 2751 summatim
1173 2721 1328 2761 attingere

298 2772 477 2803 Stoicorum
495 2773 534 2804 de
551 2773 661 2804 morali
682 2775 876 2815 philosophia
893 2779 1047 2817 praecepta
1059 2801 1069 2817 ,
1085 2779 1179 2818 plane
1198 2780 1332 2820 explica-

299 2833 397 2864 verim
409 2856 418 2872 ,
438 2833 531 2864 tinem
548 2833 613 2873 jam
629 2834 703 2866 huic
722 2837 952 2868 commentario
969 2837 1031 2869 hoc
1047 2838 1117 2870 loco
1131 2839 1309 2880 imponam.

294 2921 470 2954 =Aristotelis
487 2924 518 2954 et
543 2924 738 2964 reliquorum
760 2924 1045 2965 Peripateticorum
1069 2927 1109 2959 de
1123 2931 1241 2962 morali
1267 2932 1337 2972 phi-

658 2984 802 3024 losophia
823 2984 960 3018 decreta.

342 3067 446 3099 Mores
469 3068 649 3100 nominatos
666 3078 733 3102 esse
751 3079 792 3102 ex
811 3081 898 3105 more
913 3074 958 3106 ait
975 3075 1176 3118 Aristoteles;
1197 3088 1333 3119 quorum

303 3125 387 3157 enim
406 3124 703 3159 naturae'beneficio
723 3129 874 3171 principia
896 3141 932 3163 ac
948 3134 1069 3165 semina
1088 3136 1119 3166 in
1138 3137 1229 3169 nobis
1247 3141 1334 3180 sunt,

302 3191 338 3215 ea
362 3193 452 3216 more
473 3187 505 3216 e't
530 3187 616 3217 recta
642 3186 840 3220 institutione
869 3191 999 3230 pertici,
1021 3192 1156 3233 ideoque
1183 3196 1334 3229 moralem

304 3241 531 3282 philosophiam
554 3252 627 3276 vere
646 3249 802 3277 moratam
817 3255 884 3279 esse
896 3271 905 3287 ‚
924 3250 1064 3290 solisque
1080 3251 1292 3285 animantibus
1304 3257 1335 3287 et

303 3301 440 3332 maxime
457 3302 636 3334 hominibus
657 3306 838 3338 convenire.
899 3307 1031 3348 Reliqua
1051 3309 1135 3341 enim
1158 3313 1336 3344 assuefacta

307 3367 369 3389 non
391 3359 524 3400 rationi,
540 3361 593 3393 sed
613 3364 786 3395 necessitati
804 3366 891 3396 certo
907 3365 1045 3405 quodam
1059 3367 1154 3399 modo
1168 3367 1263 3409 tingi,
1279 3370 1337 3401 ho-

306 3417 423 3448 minem
446 3423 552 3450 autem
571 3421 692 3453 ratione
714 3422 906 3462 formatum,
928 3424 1099 3457 irrationali
1124 3426 1221 3458 animi
1251 3432 1337 3467 parte

306 3482 343 3504 rx
365 3477 592 3509 consuetudine
607 3480 760 3512 rationem
776 3484 927 3522 sequente.
938 3506 946 3521 ,
962 3485 1183 3516 consummari.
1215 3488 1338 3518 irratio-

1391 2141 1495 2173 nalem
1513 2150 1588 2173 vero
1607 2142 1705 2173 animi
1724 2143 1848 2182 partem
1862 2143 1984 2183 vocari,
1999 2151 2063 2174 nou
2077 2150 2151 2184 quae
2166 2151 2297 2187 prorsus
2309 2143 2431 2178 rationo

1390 2202 1514 2239 careat,
1533 2199 1589 2231 sed
1609 2209 1681 2240 quae
1700 2200 1815 2232 rationi
1831 2209 1941 2242 parere
1960 2201 2084 2242 possit3
2102 2191 2221 2242 quippe
2234 2201 2423 2242 hujusmodi

1389 2261 1438 2292 est
1452 2260 1625 2292 affectuum
1643 2260 1840 2293 domicilium
1853 2285 1862 2300 ,
1886 2261 1972 2302 quod
1989 2261 2085 2294 etiam
2104 2261 2256 2294 virtutem
2273 2262 2426 2296 admittit.

1389 2319 1493 2350 Animi
1505 2319 1589 2351 enim
1605 2321 1726 2360 partem
1742 2319 1875 2351 alteram
1887 2328 1957 2352 asse
1972 2319 2093 2352 ratione
2107 2320 2286 2363 praeditam,
2298 2322 2429 2356 aiteram

1391 2377 1520 2409 rationis
1536 2379 1724 2419 expertem;
1743 2379 1841 2419 atque
1859 2378 1948 2410 illam
1968 2378 2098 2419 quidem
2115 2380 2429 2419 iudicandi'taculh-

1387 2438 1466 2476 tem,
1481 2436 1570 2468 hanc
1589 2437 1765 2477 appetitum
1789 2436 1963 2469 continere.
2049 2440 2146 2470 Porro
2167 2438 2282 2479 prioris
2297 2440 2429 2474 alteram

1390 2498 1512 2536 partem
1530 2504 1604 2536 quae
1619 2495 1652 2527 in
1673 2504 1779 2528 rerum
1801 2497 1996 2528 aeternarum
2014 2496 2263 2539 divinarumque
2281 2501 2428 2532 contem·

1390 2554 1529 2595 piatione
1543 2555 1700 2594 versetur,
1715 2554 1881 2586 scientiam
1898 2555 2024 2594 vocari3
2044 2555 2179 2588 alteram
2201 2565 2274 2597 quae
2290 2557 2429 2591 humana

1390 2614 1515 2653 negotia
1535 2617 1567 2645 et
1589 2615 1731 2646 actiones
1750 2616 1895 2655 spectet,
1915 2614 2129 2655 prudentiam.
2148 2617 2338 2650 Posterioris
2354 2626 2430 2652 vero

1390 2682 1487 2704 unam
1502 2681 1572 2704 esse
1590 2673 1726 2713 speciem
1740 2674 1941 2713 appetentem
1956 2682 2066 2706 corum
2083 2683 2158 2715 quae
2170 2675 2322 2715 optabilia
2339 2676 2431 2710 nobis

1390 2731 1550 2770 videntur,
1569 2731 1637 2763 sive
1654 2732 1882 2772 cupiditatem
1901 2733 2046 2772 alteram,
2068 2732 2200 2773 iujurias
2219 2733 2260 2766 ab
2276 2734 2347 2767 aliis
2361 2735 2430 2768 illa-

1390 2792 1439 2822 tas
1452 2789 1709 2830 propulsantem,
1731 2791 1798 2822 sive
1814 2790 1906 2823 iram.
1951 2790 2167 2829 Quamobrem
2187 2792 2307 2833 duplex
2331 2794 2428 2827 etiam

1390 2848 1545 2880 virtutum
1565 2857 1665 2889 genus
1686 2857 1778 2888 esse,
1800 2849 1936 2881 alterum
1964 2858 2038 2881 cum
2059 2850 2184 2883 ratione
2199 2851 2428 2893 coniunctum,

1391 2906 1528 2939 alterum
1547 2906 1587 2938 ab
1610 2915 1648 2939 ea
1666 2915 1817 2939 aversum
1829 2931 1840 2947 ‚
1859 2907 2010 2948 quoniam
2029 2910 2202 2949 utrumque
2219 2910 2335 2943 tamin
2354 2911 2430 2944 cou-

1391 2965 1575 3006 templando
1590 2974 1690 3007 quam
1711 2965 1745 2997 in
1757 2965 1878 3006 agendo
1900 2967 2046 2998 cernatur
2064 2967 2200 3007 ideoque
2219 2977 2346 3000 morum
2369 2970 2432 3002 vti·⁴

1391 3025 1444 3054 tus
1459 3032 1522 3055 non
1538 3023 1578 3055 sit
1593 3024 1724 3055 scientia
1735 3047 1745 3064 ,
1759 3023 1860 3055 sedin
1873 3023 2024 3063 eligendis
2049 3025 2144 3057 rebus
2164 3025 2304 3059 honestis
2326 3027 2428 3060 consi·

1392 3084 1466 3115 stat.
1511 3084 1672 3115 Coeterum
1696 3083 1898 3124 contingere,
1919 3086 1956 3116 ut
1975 3084 2075 3116 tribus
2091 3084 2190 3117 rebus
2209 3085 2316 3118 virtus
2331 3086 2429 3127 perfla

1393 3140 1508 3180 ciatur‚
1522 3142 1635 3173 natura
1646 3165 1655 3181 ,
1672 3149 1771 3180 more,
1785 3141 1918 3173 ratione.
1936 3143 2038 3173 Homo
2049 3142 2133 3174 enim
2151 3152 2252 3183 quum
2264 3144 2429 3185 areliquis

1392 3199 1583 3231 animalibus
1609 3203 1680 3232 tum
1706 3209 1836 3240 corpore
1854 3203 1922 3231 tum
1947 3200 2054 3232 animo
2071 3200 2198 3233 differat
2212 3226 2222 3241 ‚
2239 3202 2315 3242 quia
2331 3202 2428 3235 inter:

1395 3257 1515 3297 positus
1524 3259 1591 3290 tam
1608 3259 1842 3291 immortalibus
1863 3260 1960 3300 quam
1981 3258 2168 3291 mortalibus
2188 3268 2261 3291 cum
2281 3261 2428 3302 utrisque

1394 3315 1545 3348 societate
1558 3317 1748 3357 conjunctus
1763 3319 1815 3358 sit,
1829 3326 1903 3349 cum
1918 3317 2122 3350 rationalibus
2134 3318 2231 3350 animi
2248 3315 2427 3360 divinitate,

1395 3381 1468 3404 cum
1491 3374 1728 3408 irrationalibus
1752 3376 1895 3416 corporis
1922 3375 2129 3415 mortalitate,
2159 3379 2232 3417 apta
2253 3377 2424 3418 utriusque

1395 3440 1472 3463 cura
1493 3434 1701 3473 perfectionis
1720 3436 1847 3468 laudem
1876 3436 2027 3477 consequi
2048 3436 2164 3468 studet.
2223 3438 2268 3468 Ac
2286 3437 2425 3477 primum

1397 3490 1525 3529 quidem
1552 3492 1628 3524 vitae
1652 3492 1807 3525 desiderio
1839 3493 1968 3534 flagrat,
1997 3495 2164 3534 propterea
2179 3494 2264 3535 quod
2286 3495 2346 3527 sibi
2366 3490 2427 3535 ipsi

2622 907 2626 910 ·
2614 452 2638 869 atsmwvwffifflh
2615 311 2638 446 mea-22
