2606 3828
321 242 397 275 418

372 323 679 376 (Socraticorum
698 334 736 363 et
754 326 1085 376 Pythagoreorum
1109 326 1229 378 Epist.
1253 342 1291 380 p.
1309 329 1357 366 33

318 397 425 435 seqq.
460 384 611 436 Scripsi
632 399 641 422 ε
664 389 677 407 ‘¹
709 384 802 422 ἐδέου
833 399 917 434 μου,
947 384 1062 424 codd.
1096 384 1191 424 ἐδέου
1219 402 1277 437 με.
1306 410 1360 418 -

315 442 333 466 ¹³
352 445 398 487 ὡς
424 444 459 482 ἐν
477 443 560 498 ᾅδου
581 443 663 482 ὄντα
685 444 752 491 ἤδη
774 447 957 486 ποιοῦντας
976 444 1105 492 ἀναζῆν
1133 444 1191 483 διὰ
1208 446 1359 485 διάθεσιν

315 503 476 556 φιλικήν;
500 503 610 542 codd.
635 504 680 547 ὡς
699 506 732 542 ἐν
754 504 841 556 ᾅδου
862 502 932 546 τοῖς
953 503 1124 555 ἀρκεῖται·
1139 503 1190 548 τίς
1209 506 1270 552 ζῆν
1288 508 1356 545 τῶν

317 561 469 601 διάθεσιν
490 561 642 615 φιλικήν.
659 583 712 591 —-
731 566 745 584 ‘⁵
762 561 899 614 ἔκρινάς
917 577 960 613 με
976 575 987 610 ;
1009 562 1124 601 codd.
1148 562 1286 617 ἔκρινοίς
1305 580 1354 606 τι.

315 642 369 651 -
388 620 405 644 ¹¹
422 622 460 660 οὐ
478 621 544 674 γὰρ
564 621 626 669 ἂν;
651 621 766 661 codd.
788 622 826 659 οὐ
853 619 920 674 γὰρ
940 619 998 668 δὴ.
1018 644 1073 652 -
1088 626 1104 645 ⁰
1122 630 1355 677 καταφρονεῖ-

313 684 392 719 σθαι
411 694 482 732 pro
511 681 739 733 καταφρονεῖν
759 679 918 720 dicitur.
948 679 1037 718 vid.
1057 693 1129 721 nos
1145 682 1192 720 ad
1211 683 1356 722 Demo-

314 740 383 778 citi
420 740 553 789 fragm.
595 753 634 791 p.
674 744 763 790 149·
794 738 872 769 —‘
904 740 1035 790 γνῶναι
1067 754 1154 779 cum
1188 741 1355 781 Luzacio

312 797 433 837 Lectt.
459 799 534 835 Au.
563 811 648 850 pag.
674 812 741 847 123
762 799 876 839 codd.
901 802 1044 847 στῆσαι.
1067 821 1121 830 -
1139 803 1157 829 ⁸
1175 801 1354 854 μυστήρια

312 858 495 907 intelligit
521 871 630 897 sacra
663 857 874 899 Eleusinia.
897 859 1088 898 Caeterum
1112 861 1353 913 Aristippus,

309 916 412 954 filius
430 917 532 954 idem
553 926 611 956 est
638 918 707 969 qui
730 918 1081 968 cognominabatur
1107 921 1126 957 ὁ
1146 920 1354 973 μητροδίδα-

307 977 497 1019 κτοςΝὶά.
515 977 631 1026 Diog.
645 977 773 1016 Laert.
793 977 846 1026 ll,
864 979 926 1016 83.
940 977 1161 1030 Xanthippe
1172 988 1210 1017 et
1226 979 1353 1031 Myrto

307 1036 477 1074 Socratis
511 1049 655 1075 uxores
687 1045 800 1085 sunt,
835 1037 884 1076 de
912 1037 1058 1089 quibus
1088 1038 1353 1078 meminerunt

305 1095 500 1145 Diogenes
534 1095 606 1135 lib.
658 1095 716 1144 11,
762 1097 812 1136 26
826 1124 836 1144 ‚
875 1097 1084 1136 Athenaeus
1127 1097 1200 1137 lib.
1237 1098 1350 1147 XIII,

305 1169 342 1206 p.
362 1155 436 1193 555
455 1156 517 1194 ed.
537 1155 723 1203 casaub„
748 1156 828 1194 alii.
855 1156 916 1196 Cf.
959 1155 1117 1195 Luzacii
1147 1156 1352 1198 Lectiones

306 1213 442 1250 Atticae
465 1213 514 1251 de
549 1213 709 1266 Διγαμίᾳ
741 1213 927 1264 Socratis.
964 1214 1092 1265 Lugd.
1119 1215 1205 1255 Bat.
1233 1217 1346 1267 1809.

303 1294 356 1301 —
369 1270 387 1294 ¹¹
416 1272 612 1311 Naturalis
641 1272 837 1312 bonorum
858 1274 949 1313 finis
965 1275 1147 1326 voluptas
1167 1284 1227 1313 est
1256 1284 1351 1314 teste

302 1332 418 1382 Diog.
443 1332 572 1370 Laert.
594 1332 663 1370 lib.
683 1333 738 1380 11,
756 1340 806 1384 94
831 1347 840 1371 z
857 1333 981 1372 πενίαν
1001 1333 1063 1372 καὶ
1083 1336 1246 1383 πλοῦτον,
1262 1335 1349 1388 πρὸς

303 1391 427 1437 ἡδονῆς
445 1390 559 1443 λόγον,
578 1384 786 1430 εἶναιούδέν·
805 1390 854 1442 μὴ
866 1392 934 1445 γὰρ
951 1391 1185 1445 διαφερόντως
1199 1393 1349 1441 ἥδεσθαι

303 1449 382 1493 τοὺς
401 1450 598 1499 πλουσίους,
616 1449 639 1498 ἢ
659 1451 738 1495 τοὺς
754 1450 919 1499 πένητας.
940 1473 994 1482 -
1010 1451 1018 1476 ¹
1038 1453 1144 1491 ἐκεῖθι
1161 1466 1247 1491 cum
1271 1457 1348 1492 Lu-

302 1509 433 1557 zaci03
473 1510 583 1548 codd.
615 1513 717 1549 κεῖθι.
753 1534 807 1541 -—·
827 1510 845 1535 ¹‘
879 1510 1075 1564 βουλομένη
1101 1515 1151 1564 τῷ
1180 1515 1242 1560 τῆς
1264 1514 1350 1564 ε’μῆς

303 1568 432 1622 μητρὸς
449 1569 596 1619 ὀνόματι
618 1570 924 1623 προσηγόρευσας;
945 1570 1058 1609 codd.
1080 1570 1294 1623 βουλομένης
1311 1587 1350 1610 σε

301 1630 362 1674 τῆς
391 1629 478 1677 ἐμῆς
512 1629 643 1680 μητρὸς
664 1630 824 1679 ὀνόματι.
839 1652 894 1660 --
913 1631 922 1656 ¹
943 1630 1099 1681 Ἀμυκὴν
1121 1631 1170 1670 cf.
1191 1630 1348 1671 Malalas

300 1699 339 1737 p.
362 1700 432 1724 201
453 1688 514 1726 ed.
531 1691 670 1737 Bonn.;
684 1689 798 1729 codd.
817 1689 972 1740 ἀμίκαν,
1000 1689 1106 1740 quod
1126 1690 1285 1741 quidam
1306 1692 1347 1729 in

301 1744 420 1783 Μίκαν
443 1747 585 1785 mutari
606 1749 833 1787 voluerunt.
844 1770 899 1779 —
918 1752 946 1771 ¹¹¹
960 1748 1228 1801 προσηγόρευσα
1241 1779 1251 1799 ,
1265 1751 1345 1789 ἐπι-

299 1804 434 1851 τήδειον
455 1805 575 1855 ἔσται;
597 1807 693 1847 libri
713 1807 997 1861 προσηγόρευσα.
1020 1829 1074 1837 -—
1090 1811 1108 1830 ¹¹
1130 1808 1226 1852 ὅπως
1247 1808 1347 1847 ἔσται

301 1863 416 1911 ἄξιος;
438 1864 532 1904 libri
551 1864 643 1910 ὅπως
673 1866 779 1912 ἄξιος.
803 1888 857 1897 -
877 1871 894 1889 ⁰
915 1866 978 1918 μὲν
1009 1866 1051 1906 ἂν
1082 1866 1208 1915 αὐτὸς;
1231 1868 1345 1909 codd.

301 1921 366 1972 μὲν
391 1922 503 1967 αὐτὸς.
523 1924 532 1975 )
878 1932 880 1934 ’

351 1996 399 2021 75.
423 1983 470 2021 Οἵ
490 1983 549 2022 ἐπὶ
567 1987 630 2032 τῆς
665 1986 806 2037 ἀγωγῆς
826 1987 888 2024 τοῦ
915 1984 1146 2038 Ἀριστίππου
1168 1984 1346 2036 μείναντες

297 2041 357 2080 καὶ
393 2044 608 2094 Κυρηναϊκοὶ
656 2045 995 2099 προσαγορευθέντες
1033 2044 1147 2090 δόξαις
1191 2048 1347 2099 ἐχρῶντο

298 2100 489 2146 τοιαύταις.
521 2102 593 2142 Δύο
621 2104 717 2151 πάθη
739 2105 950 2157 ὑφίσταντο,
984 2104 1089 2143 πόνον
1120 2104 1180 2143 καὶ
1202 2105 1344 2153 ἡδονήν·

297 2159 359 2207 τὴν
385 2160 446 2211 μὲν
467 2160 563 2199 λείαν
583 2162 719 2210 κίνησιν
732 2193 742 2211 ,
762 2163 826 2211 τὴν
847 2163 988 2211 ἡδονήν·
1004 2163 1063 2203 τὸν
1083 2163 1120 2202 δὲ
1141 2164 1245 2203 πόνον
1262 2180 1346 2218 τρα-

297 2225 396 2272 χεῖαν
416 2220 569 2269 κίνησιν·
598 2221 647 2274 μὴ
668 2222 843 2276 διαφέρειν
865 2239 902 2262 τε
927 2223 1054 2271 ἡδονὴν
1076 2225 1218 2273 ἡδονῆς,
1255 2225 1344 2275 μηδὲ

298 2348 365 2387 ejus
383 2347 625 2380 conversatione
640 2356 705 2380 non
718 2347 851 2380 satiatus
864 2357 903 2380 ex
917 2348 980 2380 hac
994 2347 1060 2380 vita
1079 2348 1179 2388 migro
1189 2372 1199 2389 ,
1217 2348 1345 2380 conlido

297 2416 371 2439 eum
400 2408 433 2440 te
453 2416 580 2448 quoque
600 2407 683 2439 duce
713 2407 933 2447 ingessurum
955 2415 1027 2440 esse
1059 2407 1147 2440 viam
1181 2407 1345 2440 bonorum

299 2465 439 2498 virorum
471 2466 615 2508 vestigiis
644 2466 763 2499 tritam.
794 2467 877 2500 Vale
902 2467 999 2508 atque
1027 2467 1073 2500 ita
1101 2475 1161 2499 nos
1194 2467 1278 2508 luge,
1309 2468 1345 2500 ut

298 2524 392 2556 nullis
411 2525 560 2558 lamentis
576 2526 795 2567 prosequaris.

338 2587 391 2616 75.
420 2584 484 2622 Qui
507 2584 662 2626 Aristippi
681 2586 827 2618 instituta
849 2586 1024 2619 tenuerunt
1046 2594 1084 2618 ac
1101 2585 1266 2627 Cyrenaici
1286 2595 1342 2628 ap-

297 2643 404 2684 pellati
419 2644 494 2676 sunt
516 2643 700 2684 hujusmodi
718 2645 845 2678 decreta
864 2645 1038 2679 habebant.
1059 2647 1151 2678 Duas
1177 2645 1343 2686 perturba-

298 2702 402 2736 tiones
416 2703 625 2744 statuebant,
648 2703 793 2737 dolorem
810 2706 842 2737 et
871 2705 1072 2746 voluptatem
1106 2717 1114 2737 ε
1142 2704 1342 2745 voluptatem

297 2764 401 2797 lenem
424 2766 563 2803 motum,
580 2763 726 2796 dolorem
749 2772 826 2796 vero
845 2773 996 2804 asperum
1020 2764 1220 2805 appellantes
1238 2772 1246 2792 =
1265 2763 1342 2795 nihil

297 2823 425 2856 differre
446 2823 673 2863 voluptatema
690 2823 876 2864 voluptate,
895 2831 1000 2864 neque
1024 2823 1110 2855 aliud
1133 2823 1195 2855 alio
1211 2823 1343 2855 suavius

297 2890 378 2915 esse.
396 2883 502 2923 Atque
517 2882 603 2914 illam
620 2882 750 2923 quidem
774 2882 902 2914 cunctis
918 2882 1135 2915 animantibus
1150 2882 1340 2923 jucundam,

297 2942 385 2974 hunc
404 2941 554 2974 infestum
572 2950 655 2974 esse.
670 2941 878 2982 Voluptatem
895 2942 1004 2973 autem
1017 2942 1176 2983 corporis,
1194 2950 1260 2973 non
1276 2945 1341 2973 sta-

297 3001 394 3033 bilem
411 3000 519 3041 illam,
540 2999 659 3040 quaein
678 3000 796 3032 doloris
819 3000 999 3041 privatione
1011 3001 1178 3041 consistat,
1205 2990 1237 3033 et
1251 3000 1342 3041 quasi

297 3062 456 3095 molestiae
489 3062 705 3101 vacuitatem,
741 3070 840 3101 quam
866 3061 1024 3102 Epicurus
1056 3061 1208 3101 admittit,
1246 3061 1341 3093 finem

298 3123 459 3155 bonorum
478 3130 549 3154 esse
561 3120 685 3152 dicunt.
708 3119 842 3152 Videtur
856 3121 963 3151 autem
989 3119 1036 3152 eis
1056 3122 1091 3152 et
1108 3119 1187 3163 ¹finis
1203 3128 1222 3151 a
1241 3119 1339 3153 felici-

298 3182 364 3214 tate
379 3181 508 3213 differre
527 3189 536 3208 2
552 3179 671 3221 quippe
689 3178 785 3210 finem
813 3186 884 3210 esse
909 3177 1101 3218 singularem
1126 3178 1340 3218 voluptatem,

229 3253 231 3255 ·
300 3243 412 3273 contra
434 3240 616 3272 felicitatem
638 3247 677 3271 ex
697 3235 915 3279 peculiaribus
930 3236 1150 3277 voluptatibus
1169 3239 1338 3270 constare:

301 3299 493 3340 peculiarem
516 3306 645 3339 quoque
662 3298 862 3338 voluptatem
877 3296 1004 3336 propter
1023 3304 1058 3327 se
1076 3296 1177 3336 ipsam
1195 3305 1265 3328 esse
1288 3304 1341 3327 ex-

302 3358 488 3399 petendam,
510 3358 543 3389 at
566 3357 748 3389 felicitatem
775 3364 838 3387 non
860 3356 990 3396 propter
1006 3354 1179 3395 seipsam,
1198 3355 1252 3386 sed
1272 3364 1341 3395 pro-

303 3420 371 3456 pter
387 3416 526 3456 singulas
540 3416 741 3456 voluptates;
758 3414 957 3455 voluptatem
972 3414 1125 3454 practerea
1138 3412 1256 3444 bonum
1271 3422 1341 3445 esse

303 3475 478 3514 astirinaut,
507 3475 629 3507 cliuum
654 3484 671 3506 a
691 3474 884 3515 turpissimis
911 3474 1005 3506 rebus
1025 3473 1160 3507 oriatur.
1182 3473 1338 3510 Quamvis

913 239 942 276 Α
952 239 981 275 R
991 238 1079 276 lS'l'l
1093 238 1169 277 PPl
1201 239 1447 279 CYRENAEI
1476 241 1806 283 FRAGMENTA.

1419 328 1516 376 ἥδιόν
1536 346 1570 369 τι
1598 325 1699 371 εἶναι.
1721 330 1794 370 Καὶ
1825 329 1889 378 τὴν
1919 329 1982 381 μὲν
2012 328 2202 380 εὐδοκητὴν
2233 339 2321 372 πᾶσι
2341 332 2462 388 ζῴοις,

1419 382 1477 422 τὸν
1493 382 1529 422 δὲ
1551 383 1836 438 ἀποκρουστικόν.
1851 381 2004 430 Ἡδονὴν
2024 383 2144 435 μέντοι
2158 387 2223 434 τὴν
2246 390 2308 425 τοῦ
2328 387 2463 438 σώμα-

1418 456 1497 490 τος,
1521 444 1559 482 οὐ
1579 444 1642 492 τὴν
1671 442 1991 493 καταστηματικὴν
2012 442 2167 493 ἡδονήν,
2194 442 2259 492 τὴν
2286 446 2343 485 ἐπ’
2363 446 2463 486 ἀναι-

1426 500 1518 555 ρέσει
1547 502 1768 556 ἀλγηδόνων,
1790 502 1850 541 καὶ
1877 495 1948 541 οἶον
1978 502 2214 555 ἀνοχλησίαν,
2241 503 2286 551 ἣν
2306 507 2325 544 ὁ
2352 503 2462 544 Ἐπί-

1418 576 1541 615 κουρος
1558 562 1800 615 ἀποδέχεται,
1822 561 1920 606 τέλος
1937 555 2026 601 εἷναί
2053 578 2154 616 φασι.
2175 563 2282 603 Δοκεῖ
2300 563 2331 603 δ’
2347 565 2464 609 αὐτοῖς

1416 619 1477 658 καὶ
1495 618 1593 665 τέλος
1613 620 1838 673 εὐδαιμονίας,
1856 621 2043 674 διαφέρειν·
2063 620 2162 665 τέλος
2197 621 2260 673 μὲν
2280 621 2350 677 γὰρ
2374 616 2463 662 εἶναι

1416 678 1479 743 τὴν
1496 678 1588 718 κατὰ
1605 679 1710 733 μέρος
1727 680 1869 729 ἡδονήν·
1889 680 2110 732 εὐδαιμονίαν
2128 679 2164 719 δὲ
2186 680 2228 720 τὸ
2247 681 2289 720 ἐκ
2306 682 2378 721 τῶν
2395 696 2462 733 με·

1417 739 1523 790 ρικῶν
1548 739 1683 786 ἡδονῶν
1706 738 1885 791 σύστημα·
1914 733 2004 779 εἶναι
2025 737 2061 778 δὲ
2079 737 2145 784 τὴν
2164 738 2313 793 μερικὴν
2333 739 2463 790 ἡδονὴν

1417 797 1462 835 δι’
1483 795 1594 845 αὐτὴν
1613 797 1770 851 αἱρετήν,
1793 797 1857 846 τὴν
1889 799 1919 837 δ’
1950 798 2175 851 εὐδαιμονίαν
2204 800 2245 839 οὐ
2266 798 2315 839 δι’
2331 798 2464 850 αὑτήν,

1415 855 1506 895 ἀλλὰ
1526 855 1583 895 διὰ
1598 857 1660 902 τὰς
1679 856 1771 896 κατὰ
1801 857 1904 912 μέρος
1929 858 2068 906 ἡδονάς·
2086 851 2176 898 εἶναι
2193 857 2230 898 δὲ
2249 858 2315 907 τὴν
2333 857 2463 908 ἡδονὴν

1415 915 1563 968 ἀγαθόν,
1592 916 1659 955 κᾶν
1679 916 1749 956 ἀπὸ
1767 919 1837 956 τῶν
1860 918 2121 970 ἀσχημοτάτων
2148 917 2375 971 γένηται.”Εί
2393 917 2463 974 γὰρ

1414 975 1475 1015 καὶ
1496 978 1518 1024 ἡ
1538 975 1663 1030 πρᾶξις
1681 977 1810 1023 ἄτοπος
1829 977 1883 1024 εἴη
1902 1006 1914 1026 ,
1934 978 2012 1016 ἀλλ’
2033 972 2090 1018 οὐν
2110 980 2131 1026 ἠ
2151 978 2261 1028 ἡδονὴ
2281 979 2327 1018 δι’
2348 978 2461 1028 αὐτὴν

1414 1034 1536 1088 αἱρετὴ
1554 1035 1614 1074 καὶ
1635 1036 1779 1087 ἀγαθόν.
1822 1036 1869 1076 ‘H
1887 1036 1924 1074 δὲ
1943 1039 2003 1076 τοῦ
2026 1038 2216 1090 ἀλγοῦντος
2238 1037 2462 1092 ὑπεξαίρεσις

1415 1094 1485 1147 (ὡς
1507 1094 1645 1148 εἴρηται
1668 1095 1756 1149 παρ’
1775 1094 1993 1150 Ἐπικούρῳ)
2021 1097 2117 1136 δοκεῖ
2147 1097 2264 1142 αὐτοῖς
2290 1095 2340 1149 μὴ
2371 1091 2462 1137 εἶναι

1413 1153 1535 1203 ἡδονή,
1554 1154 1632 1193 οὐδὲ
1652 1157 1674 1201 ἡ
1693 1155 1839 1203 ἀηδονία
1863 1155 2050 1208 ἀλγηδών,
2068 1157 2103 1195 ἐν
2124 1156 2262 1205 κινήσει
2281 1155 2349 1211 γὰρ
2369 1149 2462 1196 εἶναι

1413 1212 1594 1265 ἀμφότερα
1606 1243 1617 1262 ,
1635 1213 1685 1265 μὴ
1705 1213 1811 1262 οὔσης
1826 1217 1890 1262 τῆς
1904 1212 2088 1262 ἀπονίαςῆ
2105 1217 2167 1263 τῆς
2180 1214 2345 1264 ἀηδονίας
2361 1214 2462 1264 κινή-

1413 1288 1482 1311 σεω
1490 1287 1518 1317 ς·
1541 1273 1619 1312 ἐπεὶ
1638 1277 1660 1322 ἡ
1681 1274 1810 1314 ἀπονία
1826 1274 1930 1314 οἱονεὶ
1943 1274 2171 1321 καθεύδοντός
2187 1277 2264 1315 ἐστι
2279 1274 2462 1315 κατάστα-

1412 1348 1479 1376 σις.
1517 1332 1696 1373 Δύνασθαι
1732 1334 1770 1374 δέ
1807 1349 1894 1387 φασι
1928 1334 1990 1374 καὶ
2022 1335 2089 1383 τὴν
2123 1334 2252 1384 ἡδονήν
2283 1349 2381 1380 τινας
2408 1334 2460 1388 μὴ

1414 1393 1589 1444 αἱρεῖσθαι
1623 1391 1716 1432 κατὰ
1750 1393 1979 1447 διαστροφήν.
2014 1395 2069 1434 Οὐ
2095 1394 2213 1438 πάσας
2246 1393 2367 1446 μέντοι
2395 1396 2462 1440 τὰς

1413 1450 1568 1503 ψυχικὰς
1581 1451 1708 1499 ἡδονὰς
1723 1452 1785 1491 καὶ
1798 1453 1992 1505 ἀλγηδόνας
2006 1452 2066 1493 ἐπὶ
2079 1454 2300 1504 σωματικαῖς
2318 1454 2459 1501 ἡδοναῖς

1414 1509 1474 1548 καὶ
1494 1509 1664 1561 ἀλγηδόσι
1677 1511 1852 1563 γίνεσθαι.
1876 1512 1950 1552 Καὶ
1970 1511 2039 1566 γὰρ
2056 1512 2114 1552 ἐπὶ
2133 1514 2220 1567 ψιλῇ
2243 1515 2287 1565 τῇ
2303 1514 2368 1560 τῆς
2387 1528 2460 1553 πα·

1410 1567 1524 1620 τρίδος
1556 1569 1748 1622 εὐημερίᾳ,
1775 1570 1868 1623 ἤπερ
1893 1573 1938 1624 τῇ
1968 1570 2060 1623 ἰδίᾳ,
2096 1569 2212 1624 χαρὰν
2243 1570 2458 1623 ἐγγίνεσθαι.

1410 1625 1517 1665 Ἀλλὰ
1534 1626 1604 1677 μὴν
1626 1627 1705 1667 οὐδὲ
1734 1628 1827 1668 κατὰ
1847 1629 1991 1680 μνήμην
2011 1631 2082 1668 τῶν
2110 1631 2270 1680 ἀγαθῶν,
2298 1629 2323 1677 ἢ
2342 1644 2459 1684 προσ-

1411 1684 1548 1734 δοκίαν,
1584 1687 1712 1735 ἡδονήν
1755 1703 1862 1741 φασιν
1894 1689 2155 1728 ἀποτελεῖσθαι·
2187 1687 2274 1741 ὅπερ
2308 1687 2457 1742 ἤρεσκεν

1411 1746 1635 1800 Ἐπικούρῳ,
1657 1747 1840 1786 ἐκλύεσθαι
1873 1748 1942 1800 γὰρ
1965 1750 2016 1800 τῷ
2042 1747 2158 1800 χρόνῳ
2188 1747 2229 1786 τὸ
2247 1749 2310 1795 τῆς
2337 1748 2456 1802 ψυχῆς

1409 1805 1556 1857 κίνημα.
1576 1805 1729 1858 Λέγουσι
1749 1805 1786 1846 δὲ
1807 1807 1899 1857 μηδὲ
1925 1806 2018 1846 κατὰ
2050 1805 2156 1860 ψιλὴν
2186 1805 2251 1855 τὴν
2279 1806 2402 1861 ὅρασιν
2433 1805 2456 1854 ἢ

1408 1865 1471 1913 τὴν
1489 1866 1598 1915 ἀκοὴν
1626 1865 1782 1918 γίνεσθαι
1817 1867 1956 1915 ἡδονάς.
1998 1869 2082 1907 Τῶν
2109 1869 2192 1918 γοῦν
2229 1865 2456 1918 μιμουμένων

1409 1926 1550 1979 θρήνους
1569 1926 1678 1974 ἡδέως
1701 1926 1887 1977 ἀκούομεν·
1906 1929 1976 1965 τῶν
1997 1925 2034 1964 δὲ
2054 1924 2146 1965 κατὰ
2167 1925 2358 1975 ἀλήθειαν,
2380 1926 2457 1973 ἀη-

1409 1986 1487 2029 δῶς.
1516 1985 1640 2030 Μέσας
1669 2001 1708 2024 τε
1726 1985 1962 2030 καταστάσεις
1992 1985 2174 2036 ὠνόμαζον
2200 1983 2368 2032 ἀηδονίαν
2395 1983 2457 2024 καὶ

1410 2045 1573 2084 ἀπονίαν.
1597 2044 1695 2085 Πολὺ
1716 2045 1837 2096 μέντοι
1856 2046 1926 2083 τῶν
1955 2046 2119 2098 ψυχικῶν
2148 2044 2284 2092 ἡδονῶν
2303 2043 2366 2089 τὰς
2386 2059 2456 2082 σω-

1409 2106 1561 2156 ματικὰς
1582 2104 1743 2155 ἀμείνους
1759 2097 1848 2143 εἶναι
1862 2135 1872 2155 ,
1887 2103 1948 2143 καὶ
1964 2103 2027 2148 τὰς
2045 2102 2213 2157 ὀχλήσεις
2230 2102 2370 2157 χείρους
2392 2101 2456 2149 τὰς

1409 2164 1634 2215 σωματικάς.

1463 2223 1680 2276 (Diogenes
1699 2222 1878 2262 Laertius
1896 2222 1968 2264 lib.
1990 2221 2045 2271 11,
2063 2223 2224 2276 86-90.)

1408 2349 1450 2381 sit
1472 2348 1559 2380 enim
1579 2347 1700 2380 foedum
1721 2347 1863 2389 facinus,
1891 2346 2089 2388 voluptatem
2107 2346 2216 2378 tamen
2229 2353 2287 2386 per
2299 2353 2335 2378 se
2352 2344 2454 2387 ipsam

1407 2407 1621 2450 expetendam
1635 2415 1705 2441 esse
1725 2411 1824 2449 atque
1843 2405 1876 2439 in
1893 2405 1988 2439 bonis
2003 2404 2249 2438 numerandam.
2276 2406 2380 2437 Porro
2397 2403 2452 2436 illa

1407 2467 1527 2500 doloris
1543 2467 1700 2501 detractio
1710 2493 1719 2509 ,
1735 2470 1772 2499 ut
1787 2469 1838 2501 est
1854 2466 1940 2508 apud
1962 2465 2139 2507 Epicurum
2151 2487 2161 2507 ,
2180 2464 2227 2498 eis
2239 2471 2307 2498 non
2323 2463 2453 2498 videtur

1406 2536 1476 2560 esse
1496 2528 1659 2569 voluptas,
1691 2536 1794 2568 neque
1812 2525 1986 2567 voluptatis
2010 2524 2148 2566 privatio
2164 2523 2257 2557 dolor
2278 2536 2291 2569 ι,
2316 2524 2452 2564 utraque

1405 2588 1491 2620 enim
1505 2596 1575 2620 esse
1588 2587 1621 2619 in
1636 2589 1727 2619 motu
1738 2610 1748 2627 ,
1762 2595 1866 2627 quum
1884 2594 1949 2617 non
1964 2584 2006 2617 sit
2026 2586 2138 2616 motus
2163 2581 2288 2616 doloris
2303 2580 2453 2623 volupta-

1406 2645 1490 2678 tisve
1508 2645 1657 2686 privatio.
1681 2643 1807 2685 Quippe
1820 2643 1882 2675 illa
1898 2642 2021 2675 doloris
2040 2641 2187 2674 vacuitas
2203 2642 2360 2682 tanquam
2378 2639 2451 2672 dor·

1407 2704 1534 2737 mientis
1552 2704 1657 2736 status
1674 2707 1735 2736 est.
1764 2704 1862 2735 Posse
1880 2701 2036 2743 quosdam
2052 2700 2145 2741 ajunt
2164 2699 2365 2740 voluptatem
2390 2698 2449 2731 mi-

1404 2765 1493 2796 nime
1517 2766 1666 2804 appetere
1682 2771 1738 2803 per
1751 2762 1852 2794 animi
1870 2761 2066 2802 pravitatem
2091 2771 2100 2792 ι
2121 2767 2187 2791 non
2204 2759 2315 2791 tamen
2334 2765 2450 2790 omnes

1404 2822 1503 2856 animi
1537 2822 1715 2863 voluptates
1742 2830 1782 2854 ac
1797 2821 1925 2853 dolores
1949 2828 1968 2852 e
1996 2818 2142 2859 corporis
2158 2815 2388 2858 voluptatibus
2410 2824 2450 2848 ac

1405 2881 1573 2914 doloribus
1589 2881 1691 2913 nasci.
1714 2882 1795 2915 Nam
1813 2888 1854 2912 ex
1871 2878 2012 2920 qualibet
2030 2876 2167 2918 simplici
2187 2875 2301 2917 patriae
2322 2882 2450 2916 prospe-

1404 2942 1500 2974 ritate
1528 2941 1597 2974 sive
1618 2941 1744 2982 privata
1774 2938 1924 2972 felicitate
1943 2936 2098 2978 gaudium
2125 2934 2223 2976 gigni.
2253 2932 2318 2966 Sed
2344 2941 2450 2974 neque

1405 3001 1566 3034 bonorum
1589 2998 1746 3032 memoria
1771 2998 1828 3030 aut
1854 2995 2099 3038 exspectatione
2128 2993 2332 3035 voluptatem
2356 2990 2445 3026 effici

1403 3061 1518 3101 ajunt,
1550 3059 1637 3101 quod
1666 3057 1814 3100 placebat
1840 3055 2004 3097 Epicuro;
2032 3062 2108 3086 nam
2143 3054 2288 3093 tempore
2319 3053 2448 3084 motum

1403 3120 1503 3153 animi
1532 3120 1750 3160 languescere.
1776 3116 1861 3156 Quin
1895 3124 1955 3148 nec
1978 3115 2047 3147 solo
2076 3113 2151 3146 visu
2178 3112 2229 3145 vel
2255 3111 2370 3144 auditu
2387 3119 2447 3144 vo-

1403 3179 1543 3221 luptates
1562 3179 1710 3211 constare
1723 3176 1854 3218 dicunt,
1875 3174 2039 3216 siqnidem
2053 3181 2108 3206 eos
2123 3171 2179 3213 qui
2198 3169 2442 3203 lamentationes

1403 3239 1582 3277 imitantur,
1594 3237 1729 3270 libenter
1745 3235 1912 3274 audimus,
1928 3242 2003 3266 vere
2020 3233 2128 3265 autem
2141 3230 2365 3269 lamentantes,
2377 3236 2442 3260 non

1404 3296 1550 3329 libenter.
1568 3297 1729 3328 Praeterea
1746 3294 1918 3335 voluptatis
1945 3301 1983 3325 ac
2001 3290 2123 3323 doloris
2140 3287 2355 3330 privationem
2377 3294 2442 3318 me-

1404 3349 1473 3387 dio's
1489 3348 1594 3387 status
1620 3354 1839 3395 appellabant.
1859 3354 1966 3392 Longe
1985 3352 2094 3382 tamen
2111 3345 2352 3389 praestantiores
2371 3353 2442 3377 esse

1404 3414 1549 3456 corporis
1570 3423 1668 3455 quain
1690 3412 1790 3445 animi
1811 3412 2012 3453 volumem,
2033 3406 2206 3441 deteriores
2236 3412 2313 3436 vero
2337 3403 2440 3435 mole-

1402 3471 1502 3512 stias,
1516 3480 1596 3512 quas
1614 3479 1730 3511 corpus
1750 3470 1856 3502 habet.
