2638 3840
247 269 324 295 vm

246 353 388 383 rentur.
399 344 522 394 Atque
532 341 654 393 ipsius
665 339 819 391 quidem
834 337 1058 388 Pythagorae
1070 333 1281 384 discipulos

246 405 491 454 antiquorum
511 400 685 439 nonnulli
703 397 977 449 Pythagoricos
990 424 1000 442 ,
1022 395 1158 453 horum
1188 406 1281 431 vero

245 457 457 508 discipulos
487 454 766 504 Pythagoreos,
785 450 980 501 sapientiae
1007 447 1174 496 demque
1202 446 1280 496 Py-

246 516 434 565 thagoreae
447 514 603 551 aemulos
616 510 899 562 Pythagoristas
913 513 1101 544 vocarunt
1111 504 1206 556 (48),
1216 507 1282 542 Fa-

245 575 399 613 tendum
423 582 545 610 tamcn
563 571 642 608 haec
662 568 886 606 discrimina
906 578 1002 616 saepe
1023 563 1179 612 negligi.
1201 562 1279 600 Nos

244 645 366 683 pauca
390 631 437 669 de
461 629 633 679 magistri
652 627 852 679 praeceptis
869 623 1016 675 praefati
1034 621 1215 672 deinceps
1232 621 1280 658 de

244 691 422 740 Archyta,
432 689 607 728 Philolao
620 686 840 734 caeterisque
853 682 994 733 quibus
1007 681 1215 729 fragmenta
1225 689 1278 716 at-

243 749 467 787 tribuuntur
483 745 839 785 dicemus.Primum
856 740 1028 778 omnium
1043 746 1153 776 sectae
1164 738 1279 789 hujus

243 807 446 846 consilium
462 819 509 844 ex
522 804 607 855 ejus
623 803 773 852 origine
792 800 915 851 repeti
931 797 1124 836 convenit.
1139 796 1278 835 Nactus

242 876 299 905 est
314 866 553 917 Pythagoras
572 862 738 913 duplicis
761 858 912 908 generis
936 856 1160 906 magistros,
1182 856 1279 894 alios

242 939 370 964 rerum
386 925 604 962 divinarum
622 919 813 958 studiosos
826 946 836 963 ,
852 917 1113 966 Pherecydem
1134 923 1172 952 et
1189 914 1277 965 Epi-

243 985 431 1023 menidem
444 1011 454 1028 ,
470 982 567 1019 alios
583 979 735 1016 Ionicos
752 975 1021 1028 philosophos,
1038 974 1105 1024 qui
1127 973 1277 1024 physici

242 1043 552 1085 nominabantur,
590 1039 696 1076 velut
743 1033 1086 1076 Anaximandrum.
1124 1035 1182 1070 Ex
1219 1031 1278 1070 his

241 1100 514 1153 igiturduabus
524 1097 741 1148 disciplinis
751 1107 836 1133 eum
849 1106 918 1131 sua
931 1092 1109 1142 dogmata
1122 1090 1279 1127 tinxisse

240 1171 278 1200 et
293 1160 494 1212 copulasse
512 1170 624 1195 nemo
650 1153 818 1204 negabit.
838 1151 1044 1189 Videamus
1065 1148 1157 1198 quid
1176 1149 1278 1186 inter

240 1219 329 1257 illos
358 1218 516 1255 deorum
552 1214 872 1265 contemplatores
903 1211 986 1248 sive
1014 1209 1212 1258 theologos
1242 1217 1279 1246 et

238 1279 309 1315 hos
325 1276 506 1328 physicos
531 1274 789 1312 intercesserit
809 1271 927 1321 idque
951 1269 1161 1307 discrimen
1189 1268 1277 1305 Plu-

239 1335 370 1373 tarcho
393 1343 547 1372 auctore
573 1332 809 1382 explicemus
828 1329 896 1379 qui
915 1329 957 1366 in
986 1326 1088 1365 libro
1117 1327 1164 1364 de
1192 1340 1276 1364 ora·

240 1394 414 1432 culorum
432 1392 579 1430 defectu
593 1404 676 1441 cap.
696 1391 744 1435 48
763 1388 840 1427 vol.
859 1386 911 1424 IX
942 1400 982 1438 p.
1001 1387 1076 1436 379
1093 1385 1155 1426 ed.
1177 1385 1276 1423 Hut-

241 1462 317 1492 ten.
335 1455 387 1490 ita
406 1452 484 1489 fere
503 1450 656 1488 disserit
676 1449 752 1500 (⁴¹¹9)
771 1463 779 1485 :
807 1465 822 1481 «
846 1447 1014 1484 Omnino
1045 1458 1164 1496 quum
1192 1445 1278 1484 duae

239 1513 317 1550 sint
346 1511 472 1549 omnis
500 1511 608 1546 ortus
639 1521 784 1554 causae,
813 1506 854 1544 id
882 1515 939 1543 est
968 1517 1075 1543 mens
1107 1516 1221 1553 agens
1241 1514 1279 1542 et

240 1571 401 1609 materia
445 1569 617 1621 patiens,
651 1566 912 1617 antiquissimi
954 1564 1147 1614 theologi,
1183 1578 1278 1614 quos

238 1629 429 1680 Orphicos
449 1634 691 1678 nuncupant,
709 1633 746 1662 et
775 1633 894 1675 poetae
915 1623 988 1661 soli
1017 1623 1277 1674 praestantiori

240 1688 409 1725 animum
431 1687 670 1724 advertentes
688 1682 869 1722 omnibus
889 1681 1005 1719 rebus
1024 1681 1278 1732 explanandis

239 1746 313 1784 hoc
348 1746 611 1798 pervulgatum
640 1743 785 1780 dictum
815 1740 1075 1778 adhibuerunt
1094 1754 1103 1777 z
1133 1741 1281 1790 Jupiter

240 1815 366 1855 caput,
391 1807 536 1854 Jupiter
553 1805 728 1840 medium.
751 1803 783 1837 E
803 1803 891 1837 Jove
909 1809 1038 1836 cuncta
1064 1809 1150 1836 sunt
1175 1799 1275 1846 (Vid.

240 1863 386 1903 Philos.
410 1862 479 1900 Gr.
509 1862 644 1911 fragm.
674 1860 754 1898 vol.
777 1858 809 1905 Ι,
832 1859 966 1908 fragm.
989 1857 1111 1908 Orph.
1137 1857 1187 1894 vl
1216 1871 1274 1896 vs.

244 1931 285 1954 11
312 1929 398 1968 pag.
424 1914 527 1966 169),
544 1915 591 1952 ad
611 1913 803 1952 naturales
819 1920 943 1949 autem
972 1924 1016 1948 ac
1044 1910 1278 1948 necessarias

241 1987 373 2012 causas
405 1985 602 2023 nunquam
630 1978 885 2010 accesserunt.
916 1969 992 2014 Qui
1021 1981 1115 2007 vero
1146 1977 1280 2020 postea

1099 247 1165 285 ΠΕ
1195 244 1506 284 PYTHAGORA

1341 331 1522 368 exstitere
1547 329 1800 380 physicorum
1837 327 1992 364 nomine
2018 325 2211 377 appellati
2243 339 2264 363 a
2295 325 2383 375 pul-

1341 389 1534 427 cherrimo
1565 388 1634 426 illo
1666 400 1710 424 ac
1742 386 1879 424 divino
1914 384 2110 435 principio
2133 385 2381 431 aberrarunt,

1340 449 1471 486 omnia
1490 445 1719 497 corporibus
1736 455 1948 492 eorumque
1980 440 2275 491 affectionibus,
2297 441 2384 480 icti-

1340 505 1434 552 bus,
1457 503 1757 547 mutationibus,
1788 508 2087 552 temperamento
2117 499 2286 551 denique
2313 500 2386 538 tri-

1340 564 1513 603 buentes.
1534 564 1619 608 Quo
1638 563 1698 608 tit,
1716 569 1759 599 ut
1774 569 2028 609 utrorumque
2046 559 2147 597 ratio
2162 559 2387 610 imperfecta

1339 624 1407 670 sit,
1426 623 1607 674 quoniam
1634 620 1676 658 hi
1707 632 1834 657 rerum
1856 627 2051 656 auctorem
2073 626 2110 655 et
2139 618 2384 666 effectorem,

1339 682 1397 719 illi
1419 694 1551 718 earum
1574 678 1771 717 materiam
1789 685 1826 715 et
1846 678 2103 714 instrumenta
2121 676 2306 725 ignorant
2323 677 2385 715 vel

1339 740 1530 777 omittunt.
1558 756 1572 772 η
1602 737 1863 786 Utrorumque
1894 735 2015 784 igitur
2032 734 2136 772 bona
2167 735 2249 773 suis
2275 734 2386 774 insti-

1339 797 1431 834 tutis
1452 796 1634 844 colligare
1652 802 1690 831 et
1720 792 1926 843 complecti
1956 791 2197 842 Pythagoras
2228 800 2387 830 conatus

1338 862 1406 892 est.
1428 853 1618 899 Quocirca
1644 865 1665 889 e
1695 851 1962 899 theologorum
1988 849 2198 901 disciplina
2227 850 2388 889 retinuit

1340 915 1539 950 numinum
1562 920 1598 948 et
1620 909 1822 959 geniorum
1843 909 1884 946 in
1900 908 2019 946 rebus
2037 909 2219 947 humanis
2248 909 2328 947 vim
2349 917 2388 948 et

1338 970 1544 1008 efficaciam
1591 980 1805 1018 eorumque
1851 967 2128 1018 placandorum
2173 966 2385 1014 rationem,

1338 1021 1642 1073 divinationem,
1677 1026 1797 1064 animi
1829 1026 2121 1077 purgationem,
2157 1025 2318 1077 praemia
2350 1033 2389 1063 et

1338 1101 1471 1140 poenas
1496 1096 1586 1139 post
1617 1095 1779 1123 mortem
1813 1099 1821 1122 ε
1853 1098 1875 1123 a
1901 1085 2076 1136 physicis
2104 1093 2230 1123 autem
2250 1085 2389 1123 sumsit

1338 1156 1483 1185 naturae
1510 1146 1832 1197 explicationem,
1849 1153 1893 1182 ut
1920 1145 1962 1182 in
1988 1157 2117 1182 rerum
2148 1146 2274 1183 causis
2301 1144 2389 1182 red-

1338 1206 1475 1244 dendis
1504 1205 1673 1243 materiae
1692 1204 1861 1242 indolem
1889 1217 1933 1242 ac
1957 1205 2224 1255 praestantiam
2243 1203 2388 1255 patefa-

1338 1274 1450 1302 ceret.
1474 1265 1662 1303 Caeterum
1689 1263 1763 1300 hoc
1795 1263 1911 1301 etiam
1931 1263 2091 1300 nomine
2110 1275 2132 1301 a
2150 1269 2298 1300 naturae
2325 1262 2388 1300 in-

1341 1323 1576 1375 terpretibus
1617 1322 1797 1360 diversus
1837 1322 1931 1369 fuit,
1968 1321 2074 1373 quod
2108 1335 2227 1372 quum
2261 1321 2321 1359 illi
2348 1324 2389 1360 in

1339 1395 1466 1420 rerum
1479 1394 1754 1432 corporearum
1769 1394 1813 1418 ac
1822 1380 2077 1430 singularium
2092 1380 2390 1430 investigatione

1339 1450 1595 1485 versarentur,
1624 1441 1708 1491 ipse
1732 1439 1780 1478 ab
1805 1440 1931 1478 initiis
1950 1439 2138 1478 latissime
2165 1439 2388 1491 patentibus

1338 1508 1375 1537 et
1402 1499 1560 1537 remotis
1587 1511 1609 1536 a
1637 1511 1827 1550 corporea
1846 1511 2033 1549 compage
2052 1497 2279 1536 notionibus
2295 1511 2387 1550 pro-

1340 1559 1459 1596 fectus
1489 1558 1536 1596 ad
1565 1558 1789 1596 interiorem
1823 1565 1972 1595 naturae
2004 1557 2275 1607 cognitionem,
2299 1569 2388 1609 per-

1338 1626 1632 1669 spectarumque
1650 1615 1735 1667 ejus
1754 1615 1988 1654 latebrarum
2007 1615 2159 1653 laudem
2177 1615 2386 1666 pervenire

1338 1675 1522 1714 tentabat.
1556 1675 1885 1713 Immortalitatem
1918 1674 2075 1726 quidem
2108 1674 2327 1712 animorum
2365 1687 2388 1712 a

1337 1733 1559 1784 Pherecyde
1594 1733 1824 1771 celebratam
1856 1732 2079 1771 lonicorum
2113 1732 2297 1770 doctrinae
2326 1746 2388 1771 ac-

1342 1792 1603 1830 commodavit
1619 1792 1822 1843 allatisque
1839 1792 2077 1842 argumentis
2091 1792 2287 1844 probavit.
2304 1793 2390 1839 Qua

1339 1851 1386 1888 de
1399 1864 1440 1888 re
1457 1851 1595 1889 Cicero
1608 1850 1642 1888 T
1645 1851 1765 1888 uscul.
1784 1850 1816 1898 l,
1838 1851 1883 1888 16
1901 1866 1911 1888 ι
1934 1867 1950 1884 «
1968 1850 2082 1896 Quod
2100 1851 2239 1889 litteris
2249 1859 2386 1900 exstet,

1341 1910 1491 1959 inquit,
1513 1909 1756 1960 Pherecydes
1771 1909 1910 1960 Syrius
1931 1910 2082 1961 primus
2109 1910 2210 1948 dixit
2236 1911 2387 1950 animos

1340 1981 1422 2006 esse
1463 1968 1667 2007 hominum
1707 1968 1976 2020 sempiternOS.
2015 1968 2124 2006 Hanc
2162 1969 2389 2020 opinionem

238 2089 294 2118 τοῦ
310 2086 426 2126 Σαμίου
444 2084 578 2122 ζηλωτὰς
593 2087 654 2115 τῶν
667 2084 858 2124 ζητουμένων
871 2083 925 2118 τὰς
938 2082 1102 2118 ἀποδείξεις
1115 2094 1279 2123 παραιτου-

240 2135 364 2175 μένους,
378 2133 419 2164 τὸ
435 2133 507 2164 Αὐτ
517 2133 556 2168 ὸς
569 2132 639 2171 ἔφα
654 2131 757 2163 πίστιν
774 2132 933 2170 ἡγεῖσθαι,
945 2130 1104 2170 καὶταύτῃ
1121 2129 1278 2170 ἀρκεῖσθαι

240 2181 317 2222 μόνῃ
333 2184 371 2221 τῇ
386 2182 470 2220 φωνῇ
486 2179 559 2219 πρὸς
577 2178 745 2219 βεόαίωσιν
762 2177 804 2208 ὧν
822 2176 997 2214 ἀκηκόασι,
1011 2176 1081 2212 τοὺς
1095 2175 1128 2207 δὲ
1142 2179 1195 2214 τῆς
1208 2176 1278 2214 ἀλη-

239 2227 319 2262 θείας
337 2226 555 2266 φιλοθεάμονας
573 2224 712 2255 ἀπιστεῖν
734 2224 960 2265 ἐπιχειροῦντας
976 2222 1146 2263 ἀξιοπίστῳ
1171 2226 1216 2263 τῷ
1232 2224 1279 2254 δ’.-

238 2273 396 2314 δασκάλῳ,
414 2275 458 2313 τῷ
486 2271 570 2312 μόνῳ
601 2274 716 2311 σωτῆρι
745 2272 822 2312 θεῷ,
844 2269 997 2311 βασάνους
1014 2273 1076 2300 τῶν
1104 2270 1278 2309 λεγομένων

239 2321 378 2352 ἀπαιτεῖν
401 2318 470 2360 παρ’
492 2318 596 2350 αὐτοῦ.
615 2317 788 2356 Gregorius
805 2318 1021 2350 Nazianzenus
1040 2318 1121 2349 orat.
1142 2319 1156 2348 1
1173 2317 1204 2348 in
1219 2319 1277 2349 Ju-

239 2367 313 2398 lian.
336 2375 366 2407 p.
385 2370 445 2398 296
462 2378 470 2397 z
490 2366 630 2406 ἡμέτεροι
647 2366 676 2396 οἱ
694 2364 780 2404 λόγοι
795 2366 847 2396 καὶ
863 2365 898 2396 τὸ
915 2365 1087 2404 ἑλληνίζειν,
1104 2365 1147 2396 ὧν
1166 2366 1218 2396 καὶ
1244 2366 1279 2396 τὸ

239 2415 340 2446 σε’ὃειν
355 2413 425 2449 τοὺς
443 2412 545 2448 θεοὺς·
562 2413 648 2453 ὑμῶν
666 2411 700 2443 δὲ
717 2411 828 2451 ἀλογία
847 2413 900 2443 καὶ
917 2414 936 2449 ἠ
958 2412 1101 2452 ἀγροικία
1120 2413 1171 2443 καὶ
1193 2412 1279 2444 οὐδὲν

238 2460 314 2501 ὑπὲρ
340 2460 375 2491 τὸ
402 2458 575 2491 Πίστευσον
604 2462 657 2496 τῆς
682 2459 826 2500 ὑμετέρας
846 2459 911 2490 ἐστὶ
927 2459 1048 2499 σοφίας.
1069 2459 1137 2491 Οὐκ
1158 2460 1194 2491 ἂν
1212 2463 1278 2500 μέν,

239 2507 344 2546 οἶμαι,
357 2506 466 2537 τούτου
482 2505 728 2544 καταγελάσαιεν
749 2506 778 2536 οἱ
799 2506 870 2546 παρ’
884 2506 955 2545 ὑμῖν
971 2506 1010 2536 τὰ
1028 2505 1212 2547 Πυθαγόρου
1231 2518 1278 2545 φι-

239 2554 437 2590 λοσοφοῦντες
447 2576 456 2592 ,
469 2552 514 2588 οἷς
529 2552 564 2583 τὸ
580 2554 605 2583 Α
615 2551 702 2587 ὐτὸς
717 2551 786 2592 ἔφα
801 2552 836 2583 τὸ
851 2555 972 2592 πρῶτον
980 2553 1033 2583 καὶ
1051 2552 1196 2592 μέγιστόν
1215 2553 1279 2584 ἐστι

239 2602 300 2630 τῶν
319 2598 479 2638 δογμάτων
496 2599 547 2629 καὶ
563 2602 623 2629 τῶν
640 2602 763 2640 χρυσῶν
785 2599 880 2636 ἐπῶν,
894 2598 954 2630 εἴτε
970 2598 1023 2630 οὖν
1041 2599 1212 2639 μολυὸδῶν,
1230 2601 1279 2630 αἱ·

240 2645 414 2686 ρετώτερον.
438 2645 526 2676 Μετὰ
544 2645 603 2685 γὰρ
618 2646 673 2683 τὴν
694 2646 817 2685 πρώτην
844 2646 897 2676 καὶ
921 2646 1136 2686 πολυόμνητον
1162 2651 1225 2683 τοῖς
1240 2647 1280 2678 τὰ

242 2693 359 2724 ἐκείνου
377 2692 567 2731 τελουμένοις
588 2691 764 2732 φιλοσοφίαν
780 2696 833 2729 τῆς
851 2696 969 2730 σιωπῆς
980 2716 989 2730 ,
1006 2693 1058 2724 ἰ’να
1075 2693 1168 2733 λόγου
1186 2694 1281 2734 μέτρα

242 2742 364 2779 σιωπᾷν
381 2739 570 2777 ἀσκηθῶσιν,
590 2738 727 2778 ἔννομον,
742 2740 844 2779 φησὶν,
859 2739 894 2778 ἢν
920 2740 1022 2771 ὁτιοῦν
1038 2743 1100 2772 τῶν
1117 2741 1280 2781 δογμάτων

242 2785 449 2826 ἐρωτωμένοις
467 2785 558 2816 ἔπειτ’
575 2785 825 2825 ἀποφαινομένοις
836 2810 844 2820 ,
862 2786 1089 2827 ἀπαιτουμένου
1102 2788 1154 2819 καὶ
1167 2788 1278 2828 λόγου,

243 2833 316 2864 ἄλλο
335 2833 389 2871 μὲν
408 2832 499 2872 μηδὲν
517 2832 752 2873 ἀποκρίνεσθαι,
766 2833 812 2864 ὅτι
828 2833 860 2864 δὲ
876 2834 1042 2875 Πυθαγόρᾳ
1068 2834 1151 2866 τοῦτ’
1163 2835 1211 2872 εἰη
1227 2835 1276 2866 δε-

242 2879 401 2919 δογμένον,
413 2879 465 2910 καὶ
479 2878 568 2919 λόγον
582 2879 658 2910 εἶναι
674 2883 728 2911 τοῦ
744 2880 894 2920 δόγματος
906 2905 915 2920 ,
931 2881 966 2912 τὸ
986 2882 1147 2923 παραστάν
1169 2882 1278 2922 ἐκείνῳ

244 2925 404 2956 ἀνεύθυνόν
420 2935 452 2956 τε
468 2926 519 2956 καὶ
537 2925 756 2965 ἀὸασάνιστον,
770 2927 811 2962 εἰς
839 2927 950 2959 ταυτὸν
972 2928 1103 2965 ἥκοντας
1130 2931 1185 2960 τοῦ
1206 2929 1279 2960 Αὐ·

244 2973 306 3007 τὸς
323 2972 391 3011 ἔφα
407 2974 452 3012 τῷ
468 2971 538 3013 παρ’
552 2974 624 3012 ἡμῖν
640 2971 868 3005 Πίστευσον
885 2974 916 3005 ἐν
934 2974 1039 3011 ἄλλαις
1063 2975 1228 3011 συλλαὸαῖς
1248 2987 1280 3006 τε

244 3020 297 3050 καὶ
314 3019 446 3060 ῥήμασι,
463 3019 521 3050 κᾶν
538 3019 563 3050 εἰ
579 3020 620 3059 μὴ
635 3020 789 3051 παύσεσθε
805 3021 1026 3061 κωμῳδοῦντες
1044 3024 1136 3052 τοῦτο
1153 3021 1205 3052 καὶ
1220 3022 1280 3052 δια-

246 3066 397 3106 σύροντες.
414 3065 557 3096 Βούλεται
579 3065 637 3106 γὰρ
661 3067 733 3105 ἡμῖν
758 3067 775 3097 ὁ
799 3065 906 3105 λόγος,
921 3067 963 3107 μή
980 3068 1086 3103 ἐξεῖναι
1109 3067 1280 3099 διαπιστεῖν

245 3114 308 3147 τοῖς
333 3111 393 3142 ὑπὸ
420 3114 480 3141 τῶν
505 3111 654 3152 θεοφόρων
679 3113 794 3153 ἀνδρῶν
826 3113 1009 3154 εἰρημένοις,
1035 3113 1101 3144 ἀλλ’
1130 3113 1281 3150 ἀπόδειξιν

247 3158 324 3189 εἶναι
342 3160 397 3189 τοῦ
415 3157 508 3196 λόγου
527 3158 562 3189 τὸ
583 3158 704 3189 ἐκείνων
727 3159 902 3195 ἀξιόπιστον
930 3159 1031 3195 πάσης
1059 3158 1217 3200 δυνάμεως
1233 3162 1281 3191 λο-

247 3208 335 3243 γικῆς
362 3205 415 3235 καὶ
447 3204 636 3243 ἀντιλογικῆς
668 3205 875 3246 ἰσχυρότερον.
903 3206 952 3237 Cf.
986 3206 1123 3245 cyrillus
1157 3206 1209 3238 lib.
1236 3210 1281 3239 111

250 3253 428 3282 comment.
450 3251 480 3282 in
497 3251 609 3282 isaiam
629 3260 700 3291 cap.
719 3255 771 3290 32,
787 3256 819 3283 et
835 3252 982 3283 Hermias
999 3252 1031 3283 in
1051 3253 1197 3284 Irrisione
1211 3262 1282 3292 gen-

251 3298 298 3328 til.
327 3297 402 3335 phil.
431 3299 541 3337 Inepte
560 3298 671 3329 Suidas
703 3299 762 3338 ipsi
803 3299 987 3338 Pythagorae
1018 3299 1079 3330 hoc
1107 3300 1198 3336 αὐτὸς
1228 3301 1285 3340 ἔφα

254 3343 391 3374 ascribit.
410 3344 461 3375 Ait
488 3345 572 3375 enim
591 3354 598 3374 :
616 3345 705 3380 αὐτὸς
728 3345 803 3385 ἔφα·
822 3349 911 3376 τοῦτο
932 3347 1138 3386 παροιμιακὸν
1155 3348 1203 3378 ἐπὶ
1221 3349 1282 3379 llu-

255 3389 384 3429 θαγόρου
397 3394 452 3421 τοῦ
465 3391 629 3432 φιλοσόφου
644 3393 781 3430 εἰσῆλθεν
800 3393 840 3428 εἰς
853 3392 906 3423 τὸν
927 3392 1004 3433 βίον·
1023 3393 1110 3429 οὗτος
1126 3394 1184 3434 γὰρ
1204 3394 1280 3426 ἀπο-

256 3435 411 3475 σεμνύνων
428 3437 479 3467 τὸν
506 3438 615 3469 ἑαυτοῦ
633 3437 722 3476 λόγον
738 3438 791 3469 καὶ
809 3439 876 3480 βίον
891 3439 923 3470 ἐν
939 3443 1005 3476 ταῖς
1024 3440 1154 3481 ὁμιλίαις
1172 3442 1283 3482 έλεγεν”

1343 2081 1440 2118 Αὐτὸς
1466 2081 1541 2121 ἔφα,
1564 2081 1629 2113 ἀντὶ
1656 2081 1752 2119 εἶπεν,
1769 2080 1826 2112 οὐκ
1850 2080 1941 2121 ἐμός,
1958 2080 2036 2112 ἀλλὰ
2054 2081 2124 2112 θεοῦ
2138 2080 2228 2120 λόγος
2243 2080 2390 2115 ἐστίν.-

1341 2129 1406 2169 (48)
1426 2131 1613 2169 Anonymus
1630 2128 1764 2168 scriptor
1788 2128 1865 2160 vitae
1887 2127 2075 2168 Pythagorae
2097 2127 2182 2168 apud
2203 2127 2352 2160 Photium
2378 2141 2387 2162 ε

1339 2178 1391 2208 καὶ
1410 2178 1438 2208 οἱ
1456 2176 1541 2217 αὐτῷ
1558 2180 1602 2217 τῷ
1625 2176 1795 2217 Πυθαγόρᾳ
1819 2174 2037 2215 συγγενόμενοι
2054 2174 2220 2206 ἐκαλοῦντο
2241 2175 2387 2214 Πυθαγο-

1341 2224 1438 2266 ρικοί,
1460 2226 1488 2256 οἱ
1507 2225 1539 2256 δὲ
1554 2225 1673 2256 τούτων
1690 2224 1822 2264 μαθηταὶ
1846 2222 2070 2263 Πυθαγόρειοι,
2089 2223 2119 2254 οἱ
2138 2222 2171 2254 δὲ
2186 2221 2286 2259 ἄλλως
2308 2222 2386 2260 ἔξω·

1341 2273 1390 2303 θεν
1417 2272 1547 2309 ζηλωταὶ
1581 2271 1824 2313 Πυθαγορισταί.
1852 2270 1971 2302 Eadem
2005 2269 2099 2302 verba
2137 2271 2264 2301 exstant
2301 2270 2387 2311 apud

1342 2318 1473 2349 Suidam
1495 2327 1526 2349 V.
1542 2317 1726 2359 Πυθαγόρας
1744 2319 1776 2348 et
1792 2316 1875 2356 apud
1895 2324 2034 2356 graecum
2054 2315 2214 2348 Theocriti
2233 2315 2386 2357 interpre-

1341 2367 1406 2397 tem
1420 2366 1458 2396 ad
1473 2365 1565 2405 Idyll.
1578 2367 1653 2397 XIV
1666 2373 1713 2397 vs.
1731 2368 1748 2396 5
1762 2364 1815 2403 qui
1826 2363 1913 2395 addit
1925 2375 1933 2395 ι
1946 2363 2122 2403 διαφέρουσι
2134 2363 2167 2394 δὲ
2180 2363 2387 2404 Πυθαγορικοὶ

1339 2417 1402 2444 τῶν
1418 2414 1673 2454 Πυθαγοριστῶν,
1688 2412 1735 2443 ὅτι
1757 2413 1786 2442 οἱ
1812 2410 1867 2452 μὲν
1882 2410 2092 2452 Πυθαγορικοὶ
2118 2413 2222 2442 πᾶσαν
2244 2411 2388 2451 φροντίδα

1341 2463 1501 2491 ποιοῦνται
1528 2463 1584 2491 τοῦ
1603 2460 1768 2500 σώματος,
1787 2459 1816 2489 οἱ
1839 2458 1872 2490 δὲ
1899 2458 2127 2498 Πυθαγορισταὶ
2146 2457 2387 2499 περιεσταλμένῃ

1341 2507 1394 2538 καὶ
1413 2507 1558 2548 αὐχμηρᾷ
1574 2506 1675 2546 διαίτῃ
1688 2508 1834 2547 χρῶνται.
1852 2504 1938 2541 Τινὲς
1951 2504 1984 2536 δὲ
1999 2505 2234 2545 Πυθαγοριστὰς
2261 2506 2387 2544 λέγουσι

1341 2553 1412 2589 τοὺς
1434 2553 1681 2594 ἀποδεχομένους
1700 2552 1740 2584 τὰ
1758 2551 1960 2592 Πυθαγόρου,
1978 2551 2020 2592 μὴ
2040 2551 2129 2589 ὄντας
2148 2552 2180 2583 δὲ
2196 2556 2249 2590 τῆς
2267 2553 2387 2585 ἐκείνου

1341 2600 1444 2638 δόξης,
1463 2601 1692 2641 Πυθαγορικοὺς
1708 2600 1740 2631 δὲ
1756 2599 1827 2635 τοὺς
1842 2599 1925 2631 οὕτω
1943 2602 2125 2640 φρονοῦντας
2144 2601 2186 2636 ὡς
2203 2600 2317 2637 ἐκεῖνος
2333 2601 2386 2631 καὶ

1341 2649 1422 2679 κατὰ
1441 2647 1623 2688 Πυθαγόραν
1643 2648 1873 2688 διαιτωμένους.
1895 2646 2094 2679 Jambtichus
2122 2646 2181 2679 vit.
2203 2647 2297 2686 Pyth.
2315 2655 2385 2688 cap.

1344 2696 1382 2726 18
1404 2703 1412 2726 2
1429 2694 1510 2727 κατὰ
1532 2695 1564 2726 δὲ
1584 2698 1692 2727 τοῦτον
1710 2695 1763 2726 τὸν
1782 2694 1873 2734 λόγον
1893 2694 1963 2731 τοὺς
1982 2694 2036 2735 μὲν
2056 2694 2284 2735 Πυθαγορείους
2299 2696 2388 2728 καλέ·

1343 2753 1400 2778 σας
1410 2766 1419 2781 ,
1429 2742 1499 2778 τοὺς
1513 2742 1545 2773 δὲ
1558 2741 1787 2783 Πυθαγοριστάς
1797 2766 1806 2779 ,
1819 2742 1924 2781 ὥσπερ
1935 2741 2076 2778 ἀττικούς
2089 2752 2171 2778 τινας
2185 2741 2386 2784 ὀνομάζομεν,

1342 2789 1461 2830 ἑτέρους
1479 2789 1511 2820 δὲ
1528 2789 1722 2824 ἀττικιστάς·
1743 2788 1851 2819 διελὼν
1872 2788 1955 2819 οὕτω
1975 2789 2151 2829 πρεπόντως
2169 2789 2209 2820 τὰ
2228 2789 2366 2830 ὀνόματα
2378 2815 2386 2827 ,

1341 2835 1412 2871 τοὺς
1427 2835 1480 2874 μὲν
1497 2834 1642 2875 γνησίους
1658 2834 1736 2866 εἶναι
1752 2834 1941 2872 ἐνεστήσατο
1951 2858 1960 2874 ,
1975 2835 2046 2871 τοὺς
2067 2835 2099 2866 δὲ
2116 2835 2252 2873 ζηλωτὰς
2269 2836 2387 2868 τούτων

1342 2882 1510 2919 δηλοῦσθαι
1529 2882 1743 2922 ἐνομοθέτησε.

1384 2928 1448 2968 (49)
1469 2929 1660 2960 Plutarchus
1674 2927 1715 2960 de
1730 2936 1816 2959 orac.
1834 2927 1897 2959 def.
1913 2936 1983 2968 cap.
2005 2931 2044 2960 48
2059 2928 2123 2960 vol.
2140 2930 2183 2960 IX
2207 2937 2238 2969 p.
2259 2930 2320 2961 379
2334 2929 2386 2963 ed.

1342 2977 1478 3007 Hutten.
1498 2988 1505 3007 ι
1523 2975 1657 3007 καθόλου
1670 2974 1746 3016 γάρ,
1763 2976 1805 3012 ὥς
1823 2986 1916 3015 φημι,
1930 2975 1984 3007 δύο
2000 2975 2102 3013 πάσης
2118 2976 2265 3015 γενέσεως
2289 2977 2389 3014 αἰτίας

1342 3021 1494 3062 ἐχούσης,
1523 3024 1552 3054 οἱ
1578 3022 1633 3064 μὲν
1658 3022 1781 3063 σφόδρα
1809 3022 1935 3053 παλαιοὶ
1956 3021 2094 3062 θεολόγοι
2123 3023 2176 3054 καὶ
2205 3024 2332 3060 ποιηταὶ
2350 3028 2388 3064 τῇ

1344 3067 1492 3108 κρείττονι
1511 3069 1589 3109 μόνῃ
1606 3068 1659 3100 τὸν
1673 3071 1745 3100 νοῦν
1760 3068 1924 3109 προσέχειν
1937 3068 2071 3107 εἵλοντο,
2085 3071 2176 3100 τοῦτο
2189 3069 2225 3107 δὴ
2236 3070 2271 3101 τὸ
2285 3071 2388 3102 κοινὸν

1343 3113 1593 3155 ἐπιφθεγγόμενοι
1608 3118 1687 3146 πᾶσι
1695 3114 1868 3156 πράγμασι·
1880 3114 1953 3150 Ζεὺς
1961 3114 2054 3156 ἀρχή,
2065 3115 2138 3150 Ζεὺς
2147 3115 2251 3155 μέσσα
2261 3139 2268 3153 ,
2281 3116 2351 3152 Διὸς
2360 3116 2387 3148 δ’

1343 3162 1380 3194 ἐκ
1399 3161 1500 3194 πάντα
1522 3163 1685 3194 πέλονται·
1701 3164 1766 3197 ταῖς
1784 3161 1810 3192 δ’
1825 3160 2006 3200 ἀναγκαίαις
2033 3161 2086 3192 καὶ
2115 3165 2255 3201 φυσικαῖς
2284 3162 2387 3194 οὐκέτι

1343 3208 1520 3249 προσῄεσαν
1536 3209 1658 3244 αἰτίαις.
1673 3209 1712 3239 Οἱ
1727 3208 1759 3239 δὲ
1771 3207 1912 3248 νεώτεροι
1929 3208 2046 3239 τούτων
2063 3208 2114 3239 καὶ
2129 3211 2253 3249 φυσικοὶ
2273 3220 2387 3250 προσα-

1343 3255 1538 3296 γορευόμενοι
1559 3255 1736 3288 τούναντίον
1756 3255 1882 3291 ἐκείνοις
1893 3259 1946 3293 τῆς
1962 3256 2058 3293 καλῆς
2077 3256 2130 3286 καὶ
2148 3255 2228 3292 θεία;
2247 3256 2389 3288 ἀποπλα-

1344 3304 1498 3343 νηθέντες,
1513 3304 1544 3335 ἐν
1559 3304 1685 3344 σώμασι
1701 3303 1753 3335 καὶ
1769 3302 1880 3334 πάθεσι
1895 3303 2051 3344 σωμάτων
2069 3303 2200 3343 πληγαῖς
2216 3313 2249 3334 τε
2264 3304 2317 3334 καὶ
2334 3314 2386 3344 με·

1344 3350 1487 3386 ταὸο).αῖς
1505 3352 1558 3382 καὶ
1574 3350 1704 3391 κράσεσι
1721 3350 1851 3382 τίθενται
1865 3350 1900 3381 τὸ
1914 3350 2052 3390 σύμπαν.
2067 3350 2162 3381 Ὅθεν
2176 3350 2355 3390 ἀμφοτέροις
2371 3352 2389 3382 ὁ

1344 3396 1434 3436 λόγος
1453 3398 1554 3435 ἐνδεὴς
1566 3401 1622 3429 τοῦ
1631 3396 1840 3439 προσήκοντός
1854 3397 1918 3428 ἐστι
1929 3420 1938 3434 ,
1957 3399 2020 3433 τοῖς
2042 3397 2095 3437 μἐν
2110 3397 2145 3428 τὸ
2165 3396 2203 3428 δι’
2219 3396 2254 3428 οὗ
2270 3398 2322 3428 καὶ
2340 3398 2389 3436 ὑφ’

1346 3442 1400 3483 οὗ,
1413 3446 1475 3479 τοῖς
1497 3445 1528 3476 δὲ
1547 3445 1582 3476 τὸ
1598 3445 1627 3480 ἐξ
1646 3444 1689 3475 ὧν
1707 3443 1759 3475 καὶ
1780 3444 1819 3475 δι’
1839 3443 1882 3474 ὧν
1902 3444 2069 3479 ἀγνοοῦσιν
2091 3444 2110 3481 ἢ
2130 3443 2386 3485 παραλείπουσιν.
