2606 3828
318 270 392 302 278
1052 256 1355 296 CYNICORUM
1387 254 1727 296 FRAGMENTA.

317 350 432 394 ἄλλοις
456 349 588 400 ἅπασι,
607 349 666 388 καὶ
698 350 743 393 εἶς
773 348 811 387 τὸ
840 346 1070 399 στρατόπεδον
1101 345 1131 383 εἴ
1161 361 1193 382 τι
1220 344 1345 395 ἀγαθὸν

318 403 387 461 εἶχε
423 408 702 480 συμὸουλεύοντα
734 407 792 445 καὶ
823 408 882 444 οὐκ
915 403 1222 456 ἀποκρυπτόμενον
1237 403 1265 427 ¹'·
1290 418 1347 441 το-

317 471 437 506 σοῦτον
459 470 582 518 ἀπεῖχε
616 470 766 504 τοιοῦτον
784 464 909 516 τρόπον
943 461 1174 513 ἀποδέχεσθαι
1192 464 1210 499 ὁ
1231 461 1346 513 Ἀχιλ·

314 526 427 570 λευς’
411 543 457 570 ως
477 526 595 579 ἐχθρόν
616 525 771 575 ἡγεῖσθαι
791 521 916 573 ὁμοίως
933 537 983 559 τι)
1000 520 1137 572 θανάτῳ
1159 521 1287 558 ἐκεῖνον
1312 522 1347 563 ὅς

314 585 349 636 χ’
370 585 511 637 ἕτερον
505 585 566 622 μὲν
589 583 699 622 κεύθει
720 583 767 620 ἐνὶ
785 579 915 655 φρεσίν,
934 560 1020 618 ἄλλο
1039 579 1075 617 δὲ
1099 578 1195 631 εἴπῃ.
1219 578 1346 618 A6mv⁰

314 658 371 681 ουν
393 646 411 682 ὁ
432 643 643 689 Ἀντισθένης
658 641 757 694 φησί,
777 639 821 678 Τί
841 633 911 686 ουν,
932 632 999 691 αρά
1018 653 1058 690 γε
1074 638 1222 691 πονηρὸς
1241 639 1259 675 ὁ
1279 637 1345 677 Ὀ-

315 701 456 745 δυσσευς
475 702 527 739 ὅτι
556 701 766 751 πολύτροπος
786 697 940 744 εκλήθη·
930 727 940 746 ,
960 696 1019 735 καὶ
1039 695 1128 748 μὴ“
1109 696 1194 735 οιότι
1219 697 1343 749 σοφός,

314 760 419 805 οὕτως
438 760 537 799 αὐτὸν
565 757 788 811 προσείρηκε;
810 755 944 806 μήποτε
964 749 1021 793 ουν
1040 758 1057 793 ὁ
1076 754 1201 807 τρόπος
1221 754 1260 793 τὸ
1282 754 1344 804 μέν

312 834 345 856 τι
365 818 539 870 σημαίνει,
557 819 595 855 τὸ
613 820 705 865 ἦθος,
721 815 759 853 τὸ
777 815 813 853 δέ
829 830 862 853 τι
882 814 1089 889 σημαίνει,
1077 813 1180 865 Λόγου
1195 816 1341 867 χρῆσιν·
1332 844 1343 865 ,

314 876 475 930 εύτροπος
504 876 569 928 γὰρ
588 877 606 913 ὁ
626 891 663 912 το
691 877 791 954 ἦθος(Ι
801 873 891 925 ἔχων
914 875 961 917 εἷς
979 873 1018 912 τὸ
1039 877 1075 911 εὖ
1095 888 1274 925 τετραμμε
1260 872 1343 912 ’·νον

313 936 439 988 τρόπου
460 935 494 973 δὲ
517 934 620 985 λόγου
646 932 755 971 αἴτιαι
773 931 847 970 dui
866 933 1024 975 πλάσεις.
1084 931 1268 984 Κέχρηται
1295 947 1344 970 τι)

312 993 428 1044 τρόπῳ
448 992 508 1030 καὶ
530 992 587 1029 ἐπὶ
610 994 723 1044 φωνῆς
754 1006 814 1029 και
840 990 897 1029 ἐπὶ
924 992 1039 1039 μελῶν
1071 989 1265 1041 ἐξαλλαγῆς
1286 991 1345 1028 καὶ

312 1051 367 1087 ἐπὶ
388 1053 448 1095 τῆς
468 1050 628 1095 ἀηδόνος,
644 1047 714 1099 ξῆτε
735 1047 829 1098 θαμὰ
849 1050 1025 1101 τρωπῶσα
1046 1047 1145 1100 θχέει
1164 1048 1345 1100 πολυηχέα

493 1109 536 1146 Εἰ
559 1106 594 1145 δὲ
616 1108 647 1145 ot
667 1106 764 1160 σοφοὶ
794 1106 1266 1158 δεινοί,εἷο-ιγπδιαλέγεσθαι,
1287 1106 1346 1145 καὶ

310 1166 512 1206 ἐπίστανται
534 1167 572 1204 τὸ
595 1165 678 1204 αὐτὸ
699 1165 814 1216 νόημα
834 1165 925 1205 κατὰ
952 1165 1100 1210 πολλοὺς
1126 1166 1238 1217 λέγειν
1262 1165 1346 1218 τρό-

310 1241 410 1270 πους·
428 1224 651 1275 ἐπιστάμενοι
670 1224 705 1262 δὲ
726 1224 875 1268 πολλους
897 1224 1042 1277 τρόπους
1062 1223 1173 1277 λόγων
1188 1224 1269 1276 περὶ
1286 1230 1346 1265 τοῦ

309 1284 410 1323 αὐτοῦ
428 1282 705 1336 ῐπολύτροποι
689 1299 728 1321 αν
750 1276 830 1323 εἷεν.
890 1285 937 1322 Οἱ
959 1283 994 1321 δὲ
1016 1283 1118 1336 σοφοὶ
1137 1300 1211 1326 και
1222 1284 1347 1336 ἀγαθοί

310 1346 389 1383 εἶσι.
448 1344 515 1382 Διὰ
548 1341 648 1380 τοῦτό
680 1358 764 1394 φησι
787 1342 844 1380 τὸν
865 1342 1039 1383 Ὀδυσσέα
1058 1341 1222 1395 ”Ομηρος
1242 1343 1346 1396 σοφὸν

308 1401 388 1440 ὄντα
409 1402 623 1456 πολύτροπον
658 1405 766 1451 εἶναι,
787 1401 840 1440 ὅτι
868 1402 909 1450 δὴ
944 1408 1014 1446 τοῖς
1046 1402 1239 1455 ἀνθρώποις
1260 1403 1346 1450 ἠπί-

309 1476 416 1499 στατο
435 1461 574 1504 πολλοῖς
591 1459 729 1512 τρόποις
749 1463 916 1501 συνεῖναι.
937 1460 1042 1500 Ούτω
1062 1477 1121 1500 και
1142 1462 1346 1515 Πυθαγόρας

307 1518 445 1568 λέγεται
485 1518 568 1572 πρὸς
603 1520 730 1562 παῖδας
776 1518 929 1564 ἀξιωθεὶς
972 1519 1186 1567 ποιήσασθαι
1224 1520 1346 1572 λόγους

307 1578 475 1616 διαθεῖναι
507 1577 591 1631 πρὸς
625 1576 747 1622 αὐτοὺς
791 1577 912 1630 λόγους
956 1578 1136 1623 παιδικοὺς
1168 1579 1228 1618 καὶ
1260 1579 1345 1634 πρὸς

306 1636 472 1686 γυναῖκας
491 1635 641 1687 γυναιξὶν
664 1636 847 1688 ἁρμοδίους
876 1637 936 1675 καὶ
961 1637 1045 1689 πρὸς
1077 1637 1247 1690 ἄρχοντας
1278 1640 1345 1711 ἀρ-

308 1694 506 1746 χοντικούς,
534 1710 592 1732 και
620 1694 703 1747 πρὸς
733 1694 881 1746 ἕφήὸους
910 1694 1106 1747 ἔφηὸικούς.
1172 1695 1244 1734 Τὸν
1278 1696 1346 1748 γὰρ

310 1753 470 1797 ἑκάστοις
485 1757 501 1782 8
533 1753 727 1807 πρόσφορον
774 1754 899 1807 τρόπον
948 1757 1010 1801 τ’ῆς
1055 1754 1175 1808 σοφίας
1218 1754 1344 1807 ἐξευρί-

310 1828 402 1851 σκειν
436 1812 556 1866 σοφίας
588 1813 693 1852 ἐστίν·
722 1813 872 1864 ἀμαθίας
902 1812 938 1852 δὲ
969 1816 1056 1852 εἶναι
1089 1814 1129 1855 [τὸ
1158 1815 1242 1888 πρὸς
1269 1814 1347 1859 τους

310 1872 489 1924 ἀνομοίους
531 1872 783 1926 ἐντυγχάνοντα
813 1888 871 1912 του
908 1873 1012 1926 λόγου
1045 1873 1083 1911 τὸ
1116 1873 1343 1925 μονότροπον.

308 1930 430 1983 Ἔχειν
452 1931 486 1971 δὲ
508 1935 607 1970 τοῦτο
620 1930 638 1954 ¹¹
657 1932 716 1971 καὶ
734 1931 798 1985 τὴν
818 1931 977 1985 ἰατρικὴν
998 1934 1032 1970 ἐν
1059 1935 1103 1984 τῇ
1135 1934 1196 1979 τῆς
1225 1933 1348 1984 τέχνης

309 1991 545 2043 κατορθώσει,
564 1992 758 2040 ἠσκηκυίας
778 1995 838 2039 τῆς
863 1991 1048 2044 θεραπείας
1073 1991 1112 2029 τὸ
1131 1989 1346 2043 πολύτροπον

310 2050 366 2088 διὰ
405 2049 466 2097 τὴν
506 2054 574 2089 τῶν
621 2050 906 2102 θεραπευομένων
952 2049 1127 2095 ποικιλίας
1165 2050 1345 2089 σύστασιν.

309 2108 447 2160 Τρόπος
467 2111 529 2160 μὲν
549 2102 606 2148 οὖν
638 2109 677 2147 τὸ
701 2109 937 2160 παλίμὸολον,
966 2110 1006 2148 τὸ
1033 2112 1093 2149 τοῦ
1115 2108 1217 2156 ἤθους
1243 2111 1349 2147 πολυ-

311 2168 518 2218 μετάὸολον.
538 2168 650 2219 Λόγου
675 2167 710 2206 δὲ
731 2168 946 2220 πολυτροπία
967 2169 1026 2206 καὶ
1046 2171 1172 2221 χρῆσις
1190 2167 1349 2222 ποικίλου

311 1109 423 1181 ιρωνήν
431 1137 440 1147 .

310 2298 466 2331 cinantem
494 2298 621 2339 induci,
637 2307 674 2330 ac
699 2298 725 2330 si
743 2298 819 2339 quid
839 2298 913 2331 utile
936 2298 1075 2331 habebat
1102 2299 1253 2331 exercitui
1275 2308 1349 2332 sua-

312 2357 438 2389 dentem
455 2366 558 2398 neque
574 2357 606 2389 id
626 2357 703 2389 alios
720 2358 896 2398 celante1n;
913 2357 1071 2398 siquidem
1088 2358 1211 2390 tautum
1229 2358 1348 2399 aberat,

313 2418 347 2448 ut
365 2415 548 2456 liuJ'usmodi
568 2425 672 2448 mores
690 2416 835 2449 indueret
849 2417 1004 2457 Achilles,
1018 2417 1054 2449 ut
1073 2418 1192 2458 pariter
1211 2426 1248 2449 ac
1267 2426 1352 2449 mor-

314 2477 378 2506 tem
398 2483 453 2514 pro
469 2474 599 2506 inimico
627 2474 756 2506 haberet
775 2474 865 2506 illum
880 2475 935 2515 qui
953 2474 1038 2506 aliud
1055 2475 1161 2507 mente
1187 2474 1351 2515 recondit,

315 2589 399 2626 Quid
418 2588 524 2630 igitur,
542 2590 655 2631 inquit,
671 2599 748 2622 num
765 2591 843 2623 sorte
861 2591 958 2624 homo
975 2592 1078 2624 malus
1092 2594 1141 2625 est
1153 2592 1264 2625 Ulixes
1277 2593 1353 2634 quia

315 2650 464 2680 versutus
484 2650 618 2681 vocatus
638 2651 709 2682 est?
725 2658 762 2682 ac
778 2659 843 2682 non
860 2650 947 2691 quod
970 2651 1095 2692 sapiens
1114 2652 1214 2692 foret,
1234 2652 1353 2684 idcirco

313 2714 389 2738 eum
402 2706 448 2738 sic
460 2706 658 2739 nominavit?
669 2708 814 2740 Fortasse
826 2708 920 2748 igitur
931 2717 1034 2742 mores
1045 2710 1161 2751 partim
1177 2710 1352 2750 ingenium,
1378 2697 1380 2716 ⁵

317 2765 431 2806 parlim
447 2765 603 2798 sermonis
618 2775 710 2798 usum
725 2767 912 2806 significant.
936 2769 994 2800 Est
1007 2769 1093 2801 enim
1111 2769 1192 2801 bene
1211 2771 1354 2802 moratus

317 2824 371 2865 qui
387 2823 483 2856 habet
498 2823 660 2865 ingenium
680 2824 720 2856 ad
740 2834 788 2857 res
808 2825 907 2858 bonas
927 2827 1068 2866 proclive
1076 2838 1086 2867 3
1106 2827 1162 2859 sed
1193 2827 1353 2859 variorum

317 2882 472 2915 sermonis
490 2891 640 2923 generum
660 2891 765 2916 causae
784 2886 859 2916 sunt
880 2884 1034 2919 fictiones.

319 3116 549 3156 disputatores,
566 3115 735 3156 sciuntque
756 3116 891 3149 eandem
911 3117 1098 3150 sententiam
1127 3120 1235 3152 multis
1255 3121 1357 3152 modis

320 3175 460 3207 el'l'errez
482 3175 622 3215 proiecto
647 3174 761 3215 quide
789 3174 899 3207 eadem
926 3184 959 3208 re
988 3175 1097 3208 mustis
1125 3177 1227 3209 modis
1251 3178 1357 3212 dicere

324 3234 474 3273 possunt,
500 3233 534 3266 hi
568 3233 690 3265 versuti
723 3233 848 3265 tuerint.
909 3235 950 3266 At
981 3234 1042 3266 viri
1076 3235 1231 3275 sapientes
1261 3237 1357 3269 etiam

323 3290 400 3324 boni
427 3293 516 3325 sunt.
559 3291 684 3325 Idcirco
711 3295 820 3324 autem
844 3293 1003 3325 Homerus
1030 3294 1175 3333 Ulixem,
1195 3295 1358 3328 hominem
1382 3294 1386 3336 Ι

1406 344 1509 397 λόγου
1531 346 1579 390 εἷς
1608 343 1769 387 ποικίλας
1800 341 1906 393 ἀκοᾲς
1934 342 2145 394 μονοτροπία
2170 342 2314 394 γίνεται.
2371 342 2441 383 Ἓν

1406 401 1473 456 γὰρ
1492 403 1532 443 τὸ
1548 399 1557 433 5
1578 403 1717 454 ἑκάστῳ
1736 403 1882 441 οἰκεῖον.
1904 400 1968 439 Δίὸ
1983 400 2043 439 καὶ
2064 400 2105 440 τὸ
2124 401 2288 452 ἁρμόδιον
2304 401 2443 454 ἑκάστῳ

1407 461 1470 508 τὴν
1489 462 1664 500 ποικιλίαν
1678 465 1738 499 τοῦ
1754 460 1858 510 λόγου
1880 460 1926 503 εἷς
1943 457 1978 496 ἓν
1995 458 2254 512 συναγείρει,τὸ
2277 460 2413 512 ἕκᾶστῳ
2425 458 2445 483 ¹

1407 519 1616 573 πρόσφορον.
1675 519 1727 559 Τὸ
1753 518 1782 557 δ’
1802 512 2038 568 αῧμονοειδὲς
2053 518 2270 571 ἀνάρμοστον
2285 519 2344 559 τὸν
2360 517 2445 572 πρὸς

1408 584 1514 628 ἀκοὰς
1548 584 1730 638 διαφόρους
1759 582 1978 634 πολύτροπον
2009 582 2101 620 ποιεῖ
2127 581 2184 620 τὸν
2215 581 2283 621 ὑπὸ
2306 582 2445 621 πολλῶν

1408 640 1608 688 ἀπόὸλητον
1628 642 1674 684 ὡς
1693 640 1808 684 αὐτοῖς
1827 639 2027 687 ἀπόὸλητον
2046 640 2163 691 λόγον.

1461 699 1606 751 (Schol.
1628 700 1670 737 in
1688 698 1844 738 Homer.
1867 698 2007 749 Odyss.
2025 698 2093 738 lib.
2115 698 2145 746 1,
2165 713 2201 747 1,
2223 712 2312 751 pag.
2338 712 2363 750 9
2380 699 2442 739 ed.

1405 758 1626 798 Buttmann.
1645 758 1816 796 Difficile
1828 767 1885 797 est
1898 758 1940 797 in
1956 758 2031 797 hoc
2044 758 2192 797 scholio
2207 759 2448 799 Antisthenis

1406 816 1528 855 verba
1549 830 1571 854 a
1591 815 1805 867 Porphyrii
1842 817 2086 868 aliorumque
2121 813 2447 870 disputationibus

1406 876 1659 927 distinguere.
1682 875 1742 914 Cf.
1768 876 1988 917 Buttmann.
2021 876 2063 914 in
2090 875 2267 916 Addend.
2285 891 2324 930 p.
2352 877 2444 919 562.

1405 935 1599 980 Quocirca
1620 943 1741 972 totum
1762 934 1891 973 Iocum
1910 935 2184 986 interpretatus
2201 949 2300 977 sum.
2335 935 2447 975 'Scri-

1406 995 1466 1045 psi
1486 1010 1495 1034 :
1514 999 1529 1017 ⁰
1551 993 1698 1042 οὔκουν;
1723 994 1811 1034 cod.
1841 995 1978 1035 οὐκοῦν.
1997 1016 2051 1024 -
2065 992 2082 1017 ¹³
2101 993 2407 1048 ἀποκρυπτόμενον
2426 1008 2450 1034 e

1406 1052 1499 1103 Maji
1531 1052 1777 1104 conjectura3
1800 1053 1888 1093 cod.
1912 1051 2195 1104 ἀποκρινόμενον.
2217 1074 2271 1083 -
2285 1057 2301 1077 ⁰
2315 1051 2408 1092 λύων
2426 1066 2449 1092 e

1407 1111 1501 1162 Maji
1522 1111 1767 1162 conjectura3
1792 1111 1877 1150 cod.
1899 1111 2025 1162 λέγων.
2049 1111 2122 1149 Sed
2143 1111 2302 1151 fortasse
2317 1112 2450 1163 requi-

1408 1170 1511 1208 ritur
1530 1169 1656 1221 κρίνων
1672 1170 1734 1208 vel
1752 1170 1860 1208 aliud
1875 1170 2119 1219 vocabulum.
2135 1192 2190 1200 —
2204 1167 2221 1193 ‘¹
2237 1170 2347 1209 αἴτιαι
2362 1183 2450 1209 cum

1407 1230 1664 1278 Buttmann03
1687 1230 1774 1270 cod.
1795 1229 1914 1270 αἴτιοι.
1932 1251 1987 1260 -
2006 1233 2021 1252 ⁰
2035 1231 2238 1282 τρωπῶσα;
2255 1229 2342 1270 cod.
2370 1244 2450 1282 τρο-

1407 1289 1524 1327 πῶσα.
1562 1290 1751 1327 Caeterum
1787 1301 1921 1327 versus
1957 1287 2019 1335 ἥτε
2048 1286 2144 1339 θαμὰ
2166 1289 2342 1341 τρωπῶσα
2368 1288 2447 1329 κτλ.

1407 1355 1463 1385 est
1494 1347 1635 1398 Odyss.
1674 1348 1744 1385 lib.
1781 1347 1886 1396 XIX,
1922 1348 2012 1387 521.
2043 1368 2096 1377 —
2127 1345 2239 1399 ‘napi
2263 1351 2324 1386 τοῦ
2345 1346 2452 1385 αὖτοῦ

1407 1420 1493 1444 cum
1526 1409 1780 1454 Buttmann03
1813 1407 1898 1446 cod.
1929 1405 2012 1459 περὶ
2044 1407 2269 1446 αι’)ϊοί“ῑ.-α
2297 1405 2454 1448 ἑκάστοις

1407 1479 1493 1503 cum
1525 1465 1780 1514 Buttmann03
1814 1465 1900 1505 cod.
1937 1464 2101 1513 ἑκάστην.
2119 1487 2173 1495 -
2188 1463 2207 1488 ¹¹
2226 1467 2330 1503 τοῦτο
2363 1477 2452 1503 cum

1408 1522 1752 1572 Winckelmann03
1771 1524 1857 1562 cod.
1876 1526 2010 1565 τοῦτον.
2029 1522 2104 1554 --ἱ
2125 1523 2186 1575 τὸ3
2208 1523 2294 1562 cod.
2316 1524 2382 1576 τῷ.
2398 1543 2454 1553 --

1408 1580 1477 1619 ι(τὸ
1497 1580 1658 1636 ἑκάστω;
1679 1582 1767 1621 cod.
1789 1581 1846 1620 τὸν
1863 1581 2057 1634 ἑκάστου.)

1460 1652 1508 1678 27.
1531 1639 1747 1685 Ἀντισθένης
1763 1655 1865 1691 φησιν
1881 1640 2008 1678 ειδέναι
2027 1655 2131 1689 σοφον
2150 1639 2234 1678 ὄντα
2250 1640 2308 1679 τὸν
2323 1639 2453 1680 Ὀδυσ-

1409 1712 1447 1735 σε
1439 1701 1493 1746 ’,α
1513 1695 1565 1734 ὅτι
1586 1698 1617 1735 οἱ
1641 1698 1785 1749 ἐρωντες
1806 1694 1921 1734 πολλὰ
1943 1695 2128 1748 ψεύδονται
2147 1694 2207 1733 καὶ
2236 1694 2283 1733 τὰ
2301 1690 2454 1733 ἆδύνατα

1408 1756 1699 1806 επαγγέλλονται.

1464 1814 1605 1864 (Schol.
1628 1813 1676 1851 ad
1694 1813 1833 1864 Odys5.
1853 1812 1924 1853 lib.
1944 1813 1988 1862 V,
2013 1827 2057 1850 21
2070 1827 2104 1860 1,
2120 1827 2160 1863 p.
2186 1812 2258 1862 193
2274 1811 2334 1851 ed.
2348 1812 2456 1851 Butt-

1410 1886 1542 1912 mann.
1566 1874 1604 1911 οὗ
1626 1872 1688 1923 μέν
1715 1876 1777 1920 θην
1806 1871 1922 1918 κείνης
1950 1887 1990 1923 γε
2010 1871 2156 1924 χερείων
2178 1870 2326 1924 εὔχομαι
2351 1864 2450 1912 εἶναι.

1411 1931 1625 1979 Ἀντισθένης
1657 1930 1762 1984 φησὶν
1795 1929 1920 1969 εἰδέναι
1953 1931 2030 1970 κτλ.
2059 1930 2270 1981 Sequentia
2299 1929 2456 1970 aliunde

1409 1992 1529 2043 petita
1559 1991 1759 2029 videntur.
1782 1990 1879 2028 Sunt
1908 1998 2034 2028 autem
2054 1989 2170 2027 haec.
2191 1988 2456 2037 ἐπισημαίνεται

1411 2048 1446 2088 δὲ
1461 2066 1523 2088 και
1539 2049 1602 2096 τὴν
1619 2049 1832 2099 παραίτησιν
1846 2048 1888 2095 ἢν
1903 2048 2094 2095 πεποίηται
2108 2050 2168 2095 τῆς
2184 2050 2279 2087 θεου.
2295 2046 2457 2100 Ἔκείνης

1411 2111 1473 2163 μὲν
1494 2111 1596 2164 γὰρ’
1581 2110 1638 2149 επι
1661 2110 1823 2160 σώματος
1842 2109 2013 2163 εὐμορφία
2029 2109 2089 2148 καὶ
2110 2109 2248 2161 μεγέθει
2266 2109 2456 2159 μεγαλαυ-

1410 2170 1541 2222 χούσης
1560 2169 1620 2207 καὶ
1640 2169 1684 2208 τὰ
1704 2167 1780 2207 καθ’
1798 2167 1925 2215 ἑαυτὴν
1942 2165 2193 2221 προκρινούσης
2211 2168 2275 2213 τῆς
2291 2165 2458 2213 Πηνελό-

1376 2318 1378 2348 3
1410 2301 1587 2333 orationem
1614 2299 1656 2332 ad
1682 2307 1798 2341 pueros
1824 2296 2098 2331 accommodatam
2123 2297 2155 2329 et
2183 2294 2269 2338 apud
2299 2294 2450 2328 mulieres

1411 2358 1599 2391 mulieribus
1615 2361 1723 2399 aptam
1741 2358 1774 2390 et
1790 2356 1875 2398 apud
1892 2355 2099 2397 magistratus
2115 2350 2367 2395 magistratibus,
2379 2352 2458 2386 item

1377 2453 1379 2465 Ι
1411 2417 1494 2460 apud
1517 2417 1736 2450 adolescentes
1749 2414 2008 2449 adolescentibus
2019 2414 2180 2447 idoneam.
2194 2415 2277 2447 Nam
2291 2411 2458 2454 sapientiae

1377 2511 1379 2515 ,
1411 2477 1572 2509 rationem
1605 2476 1741 2517 singulis
1772 2474 2018 2508 convenientem
2040 2472 2179 2515 reperire
2197 2470 2361 2514 sapientie
2382 2471 2454 2510 θείς

312 2531 399 2563 aliud
416 2532 502 2564 dicit.
547 2532 752 2565 Antisthenes
765 2535 874 2565 autem
887 2532 1015 2565 solvens
1026 2533 1108 2566 hanc
1120 2534 1328 2575 quaestionem
1342 2546 1350 2566 :
1377 2521 1400 2557 s

1412 2535 1599 2576 ignorantiae
1624 2543 1703 2567 vero
1731 2533 1859 2575 signum
1886 2542 1956 2566 esse
1981 2531 2140 2565 sermonis
2171 2539 2246 2563 cum
2268 2528 2458 2572 ,hominibus

1413 2594 1628 2627 dissimilibus
1647 2593 1747 2626 babiti
1766 2592 2033 2626 uniformitatem.
2051 2590 2178 2624 Habere
2192 2598 2270 2622 vero
2283 2589 2347 2622 boc
2360 2587 2458 2622 etiam

1412 2654 1602 2686 medicinam
1621 2656 1707 2686 recte
1718 2652 1907 2691 exercitam,
1917 2651 1995 2683 dum
2006 2649 2223 2683 remediorum
2239 2647 2457 2682 diversitatem

1415 2713 1544 2755 propter
1563 2711 1685 2744 variam
1702 2719 1818 2744 eorum
1845 2718 1919 2751 quae
1936 2710 2090 2741 sanantur
2107 2715 2281 2748 corporum
2298 2705 2457 2739 constitu-

1413 2772 1533 2804 tionem
1559 2771 1700 2804 adhibet.
1744 2771 1850 2803 Mores
1874 2768 1973 2810 igitur
1999 2767 2248 2800 inconstantiam
2275 2764 2458 2807 ingeniique

1380 2850 1381 2862 i
1414 2830 1659 2864 mutabilitatem
1675 2829 1863 2870 significant.
1907 2828 1949 2860 At
1964 2826 2116 2860 orationis
2132 2824 2299 2859 diversitas
2316 2832 2459 2867 ususque

1078 2887 1162 2918 Usus
1181 2888 1227 2918 est
1246 2888 1354 2918 autem
1380 2899 1382 2919 i

319 2942 412 2982 poeta
431 2940 519 2972 modi
538 2941 666 2973 notione
683 2941 777 2973 etiam
797 2941 836 2974 de
852 2943 940 2974 vocis
957 2945 988 2975 et
1011 2944 1231 2976 membrorum
1248 2945 1354 2978 diver·
1380 2957 1382 2976 ε

318 2999 410 3031 sitate
435 3007 472 3030 ac
497 2998 537 3031 de
557 2998 690 3031 luscinia
720 2999 872 3041 loquens,
895 3010 968 3041 quac
998 3001 1180 3043 frequenter
1200 3005 1354 3036 mutatam
1381 3013 1383 3020 ·

320 3058 423 3090 tundit
438 3056 644 3089 multisonam
661 3066 784 3090 vocem.
831 3059 957 3096 Quodsi
969 3060 1126 3100 sapientes
1138 3062 1270 3095 subtiles
1282 3065 1356 3095 sunt
1382 3069 1383 3077 ¹

1416 2890 1496 2922 varii
1513 2888 1670 2923 sermonis
1685 2887 1771 2930 apud
1783 2886 1891 2920 varias
1902 2885 2073 2919 hominum
2086 2893 2180 2918 aures
2194 2883 2398 2918 uniformitas
2409 2882 2456 2917 fit.

1414 2950 1471 2981 Est
1489 2948 1574 2982 enim
1601 2956 1703 2980 unum
1732 2939 1984 2987 uniuscujusque
1999 2944 2178 2987 proprium.
2240 2941 2458 2981 Quamobrem

1415 3007 1511 3039 eliam
1528 3006 1562 3038 id
1582 3005 1668 3048 quod
1686 3004 1861 3046 unicuique
1884 3011 2063 3045 congruens
2080 3005 2130 3036 est
2149 3001 2303 3036 orationis
2323 3001 2457 3053 vatiqu-

1415 3066 1479 3098 tem
1503 3065 1535 3098 in
1554 3074 1656 3098 unum
1673 3065 1760 3105 cogit
1784 3062 2038 3104 uniuscuiusque
2056 3061 2276 3095 commodum.
2338 3060 2458 3093 contra

1416 3124 1583 3156 uniformis
1593 3123 1847 3156 inconvenientia
1856 3122 1932 3155 lacit
1938 3121 2026 3163 apud
2034 3122 2178 3155 diversas
2187 3116 2355 3153 bominum
2364 3126 2459 3154 auras

1417 3183 1592 3216 orationem
1611 3183 1732 3215 variam
1744 3206 1754 3225 ,
1773 3190 1846 3224 quae
1865 3191 1883 3214 a
1905 3181 2015 3214 multis
2029 3180 2184 3223 rejicitur,
2202 3179 2278 3222 quia
2290 3177 2370 3220 ipsis
2383 3177 2460 3219 reji-

1416 3241 1528 3273 cienda
1547 3241 1706 3274 videatur.

1460 3302 1510 3332 27.
1537 3301 1740 3334 Antisthenes
1759 3301 1803 3334 ait
1822 3310 1892 3335 sese
1909 3309 2006 3334 nosse
2026 3299 2129 3334 Ulixis
2145 3297 2352 3340 sapientiam,
2371 3293 2459 3338 quod

322 3350 516 3391 sapientem,
533 3351 698 3384 versutum
714 3359 783 3383 esse
802 3350 858 3390 ait,
878 3349 954 3392 quia
973 3359 1046 3382 cum
1065 3351 1255 3384 mortalibus
1276 3353 1359 3384 mul·
1417 3362 1559 3391 amantes
1591 3359 1692 3392 multa
1714 3359 1908 3392 mentiantur
1929 3360 2024 3400 atque
2052 3366 2089 3391 ea
2110 3364 2184 3398 quoe
2208 3354 2276 3388 fieri
2297 3356 2459 3395 nequeunt

319 3406 471 3448 -tipliciter
488 3409 610 3442 sciebat
622 3408 837 3442 sermocinari.
861 3409 909 3441 Ita
921 3408 1016 3441 etiam
1032 3409 1227 3450 Pythagoras
1243 3410 1359 3451 dignus
1418 3417 1614 3457 promittant,

324 3465 451 3499 habitus
475 3467 530 3508 qui
562 3468 648 3508 apud
674 3477 791 3509 pueros
816 3466 911 3500 verba
940 3467 1057 3501 faceret
1074 3468 1189 3501 dicitur
1212 3469 1358 3503 recitasse

2595 117 2606 280 .-ἠΰ-Λώτ.-

2602 978 2606 987 -
2597 704 2606 966 ...ιμ-...μω-ψῶ
2600 645 2606 690 ..1....
2601 593 2606 638 -..-
2599 404 2606 581 --..ι“.-...Δ.-
2604 373 2606 376 .
2603 333 2606 353 ..
2599 307 2602 317 -
