2638 3840
346 280 477 307 xtvnt
1199 264 1268 303 DE
1300 262 1616 302 PYTHAGORA

344 360 481 395 iratum
501 357 651 408 placare
671 366 924 395 consueverat
942 356 1035 406 (90)-
1053 353 1244 399 Quocirca
1257 365 1382 403 neque

341 415 551 466 castigabat
608 430 838 467 (picmquani
896 429 1018 465 neque
1066 411 1253 464 puniebat
1304 411 1381 449 nisi

340 477 470 513 animo
493 474 568 528 (91)
588 475 636 512 ab
668 476 726 513 ira
757 484 950 513 revocato.
974 476 1099 518 Quum
1132 480 1259 509 autem
1295 484 1382 509 sua-

341 534 457 572 vibus
471 543 585 584 atquc
601 535 783 572 modestis
800 532 971 570 moribus
985 531 1140 580 vitaque
1155 530 1384 580 incorrupta

339 601 458 639 esset,
479 594 599 630 multa
619 607 696 630 non
717 593 837 641 inagis
859 590 1063 642 probitatis
1091 601 1206 639 quain
1228 589 1382 626 munili-

340 652 474 690 centiae
494 653 726 690 documenta
745 651 850 689 dedit
866 651 962 700 (92).
983 648 1138 686 Accedit
1157 647 1262 698 quod
1280 660 1302 684 a
1317 661 1384 685 ve-

342 724 432 749 nere
457 711 672 749 abhorruit.
701 711 962 758 Interrogatus
994 708 1099 745 enim
1133 706 1289 757 quando
1323 720 1384 744 res

339 784 427 808 cum
463 784 585 808 uxore
635 769 810 807 habenda
850 777 974 815 esset,
1014 766 1215 818 respondit
1250 781 1258 803 :
1296 780 1382 804 cum

341 830 507 868 maxime
546 830 678 868 vexari
711 829 820 866 voles
864 827 959 877 (93).
997 826 1254 863 Aristoxenus
1292 835 1385 863 teste

342 889 516 938 Diogene
544 889 695 926 Laertio
715 886 793 938 (94)
817 887 858 924 in
879 885 1168 935 commentariis
1188 885 1386 922 historicis

340 948 535 985 ineinoriae
554 947 750 998 prodidit,
767 945 968 983 Platonem
989 945 1201 982 Democriti
1223 944 1383 994 scripta,

341 1019 579 1056 quaecunque
598 1006 780 1055 colligere
801 1004 1013 1055 potuisset,
1031 1004 1204 1042 voluisse
1225 1003 1385 1042 combu-

341 1078 446 1110 rere,
469 1065 533 1102 sed
565 1065 754 1115 abJecisse
790 1064 864 1102 hoc
896 1063 1126 1111 consilium,
1150 1064 1319 1114 Amyclae
1351 1072 1387 1100 et

341 1123 479 1160 Cliniae
498 1123 844 1173 Pythagoricorum
867 1123 1095 1160 auctoritate
1126 1131 1358 1160 commotum
1371 1152 1379 1167 ,

343 1182 409 1231 qui
432 1182 530 1219 nihil
553 1182 593 1219 id
615 1182 754 1220 afferre
774 1182 952 1219 utilitatis
970 1181 1163 1227 dicerent,
1182 1181 1274 1231 quia
1294 1180 1387 1219 libri

343 1242 402 1278 illi
434 1240 513 1291 jam
559 1241 661 1292 apud
701 1241 893 1292 plurimos
940 1241 1219 1292 reperirentur.
1270 1239 1389 1277 Addit

343 1300 517 1338 Laertius
550 1299 729 1351 quamvis
757 1308 931 1338 veterum
954 1300 1035 1337 fere
1057 1299 1231 1337 omnium
1254 1299 1388 1336 memi-

342 1359 443 1396 nerit
463 1359 571 1397 Plato
584 1389 594 1408 ‚
614 1372 804 1410 nusquam
825 1367 951 1397 tamen
972 1372 1059 1396 eum
1086 1357 1298 1395 Democriti
1327 1356 1389 1407 je-

344 1418 441 1455 cisse
489 1419 746 1466 mentionem,
781 1431 829 1456 ne
872 1418 922 1456 iis
958 1417 1115 1468 quidem
1155 1417 1279 1461 locis,-
1321 1415 1390 1453 ubi

345 1476 505 1527 obloqui
518 1478 553 1515 ei
565 1477 751 1525 debuerit,
766 1491 844 1516 non
859 1480 1034 1527 ignarum
1046 1508 1057 1526 ,
1074 1490 1114 1515 se
1133 1491 1218 1514 cum
1235 1476 1384 1527 optimo
1406 1495 1408 1497 ·

346 1536 667 1588 philosophorum
716 1536 905 1574 initurum
940 1549 1023 1574 esse
1057 1545 1262 1574 certamen.
1294 1534 1391 1572 Vide

346 1609 432 1646 quae
451 1595 521 1632 hac
541 1595 587 1637 de
606 1609 646 1633 re
675 1594 770 1633 alibi
790 1595 986 1646 disputavi
1008 1593 1101 1647 (95).
1121 1594 1263 1633 Verum
1293 1608 1393 1645 quo-

347 1655 452 1692 niam
484 1655 709 1692 Aristoxeni
740 1654 1033 1692 narratiuncula
1064 1654 1178 1692 fidem
1216 1653 1390 1700 excedit,

348 1712 390 1750 id
412 1712 516 1763 quod
543 1712 590 1750 de
613 1712 749 1758 Clinia¹
767 1711 833 1750 hic
861 1713 1026 1751 refertur
1055 1727 1128 1764 pro
1155 1721 1259 1751 certo
1282 1713 1394 1750 affir—

347 1844 418 1876 pag.
445 1841 484 1868 96
510 1836 559 1869 ed.
578 1832 692 1869 Grotii.
706 1855 746 1860 -
763 1837 828 1879 (90)
851 1837 1024 1871 Athenaeus
1044 1838 1097 1871 lib.
1117 1841 1190 1872 xtv
1209 1848 1240 1879 p.
1262 1842 1322 1871 623
1345 1842 1368 1872 F
1385 1849 1393 1871 ε

346 1883 487 1920 Κλεινίας
519 1887 593 1924 γοῦν
619 1885 635 1916 ὁ
666 1886 894 1926 Πυθαγόρειος,
922 1888 964 1923 ὡς
993 1887 1177 1927 Χαμαιλέων
1203 1889 1220 1919 ὁ
1243 1888 1395 1924 Ποντικὸς

347 1932 480 1973 ἱστορεῖ,
496 1932 549 1963 καὶ
569 1935 613 1973 τῷ
633 1932 693 1974 βίῳ
708 1934 870 1976 διαφέρων,
888 1933 916 1966 εἴ
931 1946 1005 1966 ποτε
1021 1936 1182 1967 συνέὸαινε
1199 1935 1395 1976 χαλεπαίνειν

346 1978 440 2010 αὐτὸν
457 1979 497 2010 δι’
514 1979 620 2020 ὀργήν,
639 1980 863 2021 ἀναλαμὸἀνων
887 1983 941 2020 τὴν
960 1983 1051 2024 λύραν
1080 1983 1240 2024 ἐκιθάριζε.
1259 1984 1340 2025 Πρὸς
1364 1984 1395 2015 δὲ

346 2026 416 2062 τοὺς
428 2026 640 2064 ἐπιζητοῦντας
656 2029 710 2066 τὴν
721 2028 822 2060 αἰτίαν
833 2029 929 2069 ἔλεγε,
944 2042 959 2057 α
972 2030 1153 2071 Πραύνομαι
1166 2039 1195 2059 »-
1204 2032 1256 2063 καὶ
1268 2032 1284 2062 ὁ
1297 2032 1395 2071 Ὁμη-

347 2073 429 2114 ρικὸς
445 2074 477 2104 δὲ
503 2075 653 2115 Ἀχιλλεὺς
669 2079 706 2117 τῇ
723 2076 833 2117 κιθάρα
855 2077 1100 2119 κατεπραύνετο,
1118 2079 1156 2115 ἢν
1178 2078 1264 2119 αὐτῷ
1276 2080 1311 2110 ἐκ
1332 2082 1396 2110 τῶν

353 2120 519 2156 Ἠετίωνος
542 2122 681 2163 λαφύρων
706 2122 800 2163 μόνην
817 2124 958 2165 ’Όμηρος
987 2125 1163 2166 χαρίζεται,
1179 2128 1396 2160 καταστέλλειν

348 2167 383 2198 τὸ
410 2169 547 2208 πυρῶδες
573 2169 668 2200 αὐτοῦ
685 2169 865 2209 δυναμένην.
895 2171 997 2208 Μόνος
1021 2176 1096 2212 γοῦν
1120 2174 1151 2205 ἐν
1166 2174 1270 2206 Ἰλιάδι
1297 2175 1393 2216 ταύτῃ

349 2218 459 2255 χρῆται
483 2219 521 2256 τῇ
545 2220 690 2258 μουσικῇ.
719 2217 862 2250 AElianus
881 2227 949 2250 var.
969 2219 1044 2252 hist.
1061 2221 1113 2252 lib.
1134 2222 1212 2254 XIV
1237 2230 1308 2263 cap.
1332 2226 1394 2254 23:

351 2262 489 2298 Κλεινίας
507 2263 581 2304 ἀνὴρ
604 2264 641 2303 ἦν
667 2265 835 2302 σπουδαῖος
851 2265 903 2298 τὸν
923 2266 1048 2307 τρόπον,
1065 2269 1274 2310 Πυθαγόρειος
1291 2270 1323 2302 δὲ
1342 2271 1397 2308 τήν

350 2309 472 2350 σοφίαν.
487 2309 588 2348 Οὗτος
601 2311 627 2343 εἷ
641 2323 716 2344 ποτε
728 2313 771 2349 εἰς
787 2313 879 2354 ὀργὴν
890 2314 1033 2356 προήχθη
1045 2317 1097 2347 καὶ
1113 2316 1195 2356 εἶχεν
1209 2318 1398 2355 αἰσθητικῶς
1413 2346 1415 2350 .

350 2357 462 2388 ἑαυτοῦ
488 2358 530 2393 εἰς
555 2358 650 2397 θυμὸν
666 2359 869 2400 ἐξαγομένου,
883 2365 1078 2402 παραχρῆμα
1103 2363 1173 2404 πρὶν
1197 2364 1216 2402 ἢ
1240 2364 1398 2402 ἀνάπλεως

350 2404 434 2444 αὐτῷ
448 2406 467 2441 ἡ
487 2403 562 2446 ὀργὴ
574 2406 626 2436 καὶ
640 2405 781 2444 ἐπίδηλος
795 2407 934 2448 γένηται,
949 2408 1034 2446 ὅπως
1045 2409 1196 2442 διάκειται
1209 2435 1218 2450 ,
1233 2412 1287 2450 τήν
1305 2413 1398 2454 λύραν

351 2452 564 2493 ἁρμοσάμενος
580 2453 741 2495 ἐκιθάριζε.
756 2456 838 2497 Πρὸς
849 2456 882 2487 δὲ
892 2456 962 2494 τοὺς
975 2458 1220 2498 πυνθανομένους
1230 2460 1286 2498 τήν
1297 2461 1398 2492 αἰτίαν

351 2499 530 2540 ἀπεκρίνετο
548 2501 706 2543 ἐμμελῶς,
725 2502 772 2534 ὅτι
795 2503 982 2544 πραύνομαι.
1002 2507 1097 2537 Δοκεῖ
1116 2506 1148 2537 δέ
1174 2517 1226 2546 μοι
1246 2508 1299 2538 καὶ
1333 2509 1350 2539 ὁ
1367 2508 1399 2539 ἐν

351 2545 455 2577 Ἰλιάδι
469 2546 621 2587 Ἀχιλλεὺς
640 2553 678 2590 τῇ
694 2551 805 2592 κιθάρᾳ
821 2551 999 2592 προσᾴδων,
1012 2553 1117 2584 καὶτὰ
1136 2554 1212 2585 κλέα
1236 2558 1298 2586 τῶν
1318 2566 1398 2596 προ-

352 2594 447 2633 τέρων
461 2594 511 2625 διὰ
530 2598 585 2626 τοῦ
608 2597 715 2635 μέλους
736 2598 777 2634 εἷς
795 2598 916 2638 μνήμην
933 2599 1034 2640 ἑαυτῷ
1050 2600 1147 2640 ἄγων,
1162 2601 1216 2639 τήν
1235 2606 1324 2642 μῆνιν
1343 2614 1400 2634 κα-

355 2640 518 2676 τευνάζειν.
538 2642 696 2678 Μουσικὸς
723 2643 781 2684 γὰρ
811 2644 866 2681 ὢν,
892 2645 948 2683 τήν
974 2646 1099 2687 κιθάραν
1128 2648 1252 2689 πρώτην
1277 2649 1312 2681 ἐκ
1339 2653 1400 2682 τῶν

356 2687 496 2727 λαφύρων
514 2688 615 2719 ἑλαῧε.
628 2708 668 2715 -
680 2689 744 2729 (91)
759 2690 959 2724 ,lamblichus
974 2692 1014 2724 de
1033 2695 1099 2725 vita
1121 2696 1212 2735 Pyth.
1228 2705 1299 2737 cap.
1319 2699 1375 2730 189
1391 2709 1400 2730 2

358 2734 413 2774 ἔφη
433 2734 464 2765 δὲ
482 2735 623 2773 λέγεσθαι
640 2737 692 2768 καὶ
709 2738 777 2778 περὶ
796 2738 940 2770 Κλεινίου
960 2744 1088 2772 τοιαῦτα
1109 2742 1194 2774 τινά·
1207 2744 1260 2775 καὶ
1286 2744 1401 2777 ἐκεῖνον

357 2781 579 2812 ἀναὸάλλεσθαι
598 2782 700 2819 πάσας
713 2785 904 2822 νουθετήσεις
930 2797 964 2817 τε
982 2788 1036 2818 καὶ
1051 2788 1193 2826 κολάσεις
1209 2792 1251 2826 εἰς
1275 2792 1331 2829 τήν
1348 2796 1402 2830 τῆς

357 2827 491 2864 διανοίας
523 2828 789 2861 ἀποκατάστασιν.
817 2831 908 2862 Conf.
936 2834 1084 2865 Eustath.
1112 2835 1153 2866 ad
1178 2837 1271 2868 Iliad.
1293 2837 1347 2869 lib.
1373 2840 1402 2870 11

359 2883 429 2913 pag.
450 2876 526 2907 1078
540 2874 590 2906 ed.
605 2877 695 2907 Rom.
709 2893 747 2899 —
764 2877 828 2917 (92)
849 2878 898 2910 Cf.
911 2879 1110 2912 ,lamblichus
1128 2882 1167 2914 de
1186 2883 1250 2915 vita
1266 2885 1400 2925 Pythag.

358 2929 428 2959 cap.
448 2924 498 2953 33.
513 2937 555 2945 —
573 2923 636 2962 (93)
659 2923 852 2955 Plutarchus
875 2926 1022 2966 Sympos.
1038 2927 1091 2958 lib.
1106 2930 1165 2968 ΙΙΙ,
1180 2934 1210 2969 6,
1231 2933 1249 2962 3
1271 2932 1334 2963 vol.
1355 2934 1402 2964 XI

359 2976 428 3008 pag.
446 2971 502 2999 135
516 2968 567 3000 ed.
586 2970 717 3001 Hutten.
733 2970 822 3011 ιέμοὶ
841 2971 894 3010 μὲν
909 2972 943 3003 τὸ
960 2976 1015 3004 τοῦ
1028 2975 1243 3016 Πυθαγορικοῦ
1261 2979 1402 3011 Κλεινίου

358 3016 425 3046 λίαν
456 3015 592 3057 ἀρέσκει.
619 3017 750 3056 Λέγεται
767 3018 826 3059 γὰρ
847 3018 1007 3060 ἐρωτηθείς
1021 3044 1029 3058 ,
1049 3022 1183 3058 ὁπηνίκα
1208 3025 1253 3056 δεῖ
1271 3027 1403 3065 μάλιστα

359 3063 481 3101 γυναικὶ
497 3063 655 3103 προσιέναι
670 3087 679 3103 ,
697 3064 782 3105 ὅταν,
795 3065 904 3105 φάναι,
923 3066 1055 3106 μάλιστα
1076 3070 1229 3111 τυγχάνῃς
1253 3073 1402 3112 βλαὸῆναι

361 3111 557 3151 βουλόμενος.
573 3129 613 3134 -—
624 3111 691 3152 (94)
710 3113 865 3152 Diogenes
882 3114 1025 3147 Laertius
1046 3115 1099 3147 lib.
1112 3118 1170 3154 IX,
1185 3120 1225 3150 40
1239 3128 1246 3149 ε
1267 3120 1402 3160 Ἀριστό-

363 3161 444 3196 ξενος
457 3160 488 3191 δὲ
498 3160 528 3190 ἐν
542 3163 607 3196 τοῖς
622 3161 786 3200 ἱστορικοῖς
798 3162 999 3206 υπομνήμασί
1014 3163 1264 3203 φησι,Πλάτωνα
1278 3166 1403 3204 θελῆσαι

362 3208 530 3249 συμφλέξαι
546 3207 585 3239 τὰ
603 3208 798 3249 Δημοκρίτου
818 3209 1060 3250 συγγράμματα,
1072 3211 1175 3242 ὁπόσα
1184 3213 1317 3251 ἠδυνήθη
1336 3226 1406 3246 συν·

363 3257 500 3294 αγαγεῖν·
530 3254 681 3296 Ἀμύκλαν
700 3254 733 3286 δὲ
754 3255 807 3286 καὶ
826 3256 968 3287 Κλεινίαν
993 3257 1062 3292 τοὺς
1088 3259 1322 3300 Πυθαγορικοὺς
1343 3273 1403 3291 κω-

363 3302 454 3333 λῦσαι
480 3301 587 3340 αὐτόν,
614 3303 656 3338 ὡς
684 3301 772 3333 οὐδὲν
797 3301 920 3343 ὄφελος·
935 3303 1019 3344 παρὰ
1041 3305 1166 3341 πολλοῖς
1185 3306 1245 3346 γὰρ
1272 3307 1405 3339 εἶναιτὰ

365 3348 470 3388 βιὸλία
490 3349 561 3387 ἤδη.
584 3350 646 3380 Καὶ
664 3349 755 3387 δῆλον
775 3349 824 3380 δέ·
842 3349 965 3380 πάντων
985 3350 1043 3391 γὰρ
1057 3352 1168 3392 σχεδὸν
1187 3356 1248 3383 τῶν
1268 3353 1406 3395 ἀρχαίων

366 3396 554 3435 μεμνημένος
576 3396 593 3427 ὁ
611 3396 745 3428 Πλάτων
770 3396 907 3437 οὐδαμοῦ
934 3398 1130 3438 Δημοκρίτου
1155 3400 1412 3441 διαμνημονεύει,

367 3441 432 3472 ἀλλ’
446 3442 514 3473 οὐδὲ
527 3442 598 3474 ἔνθα
614 3443 765 3474 ἀντειπεῖν
777 3454 806 3474 τι
820 3445 905 3484 αὐτῷ
917 3444 996 3475 δέοι·
1012 3445 1102 3482 δῆλον
1115 3446 1202 3481 εἰδὼς
1217 3448 1257 3482 ὡς
1267 3448 1341 3488 πρὸς
1352 3449 1404 3479 τὸν

369 3488 490 3529 ἄριστον
502 3491 583 3521 οὕτω
597 3494 657 3521 τῶν
670 3490 842 3531 φιλοσόφων
855 3491 1041 3531 ἐρίσειτο.-
1053 3493 1118 3533 (95)
1130 3493 1222 3524 Conl'.
1233 3494 1404 3526 Democriti

1445 365 1549 390 mare
1581 365 1658 390 non
1692 351 1831 389 ausim.
1853 351 1979 397 Quum
2003 364 2098 389 vero
2125 351 2377 402 Pythagorici
2409 352 2488 391 sor-

1445 420 1545 449 tunae
1557 410 1813 448 mobilitatem
1825 409 2065 461 humanique
2078 411 2229 460 generis
2244 409 2488 462 fragilitatem

1445 470 1681 520 cogitantes,
1705 483 1791 507 cum
1824 468 1997 519 ejusdem
2036 478 2148 508 sectae
2180 469 2428 518 hominibus,
2456 470 2490 509 si

1446 529 1544 566 forte
1579 529 1797 566 calamitate
1826 527 1961 566 afflicti
1993 537 2030 566 et
2058 529 2106 566 ad
2141 529 2316 580 inopiam
2347 529 2491 568 redacti

1444 596 1592 636 essent,
1622 587 1790 625 libenter
1821 596 2004 638 tanquam
2043 601 2130 626 cum
2168 587 2354 627 fratribus
2388 587 2493 627 bona

1444 660 1512 684 sua
1533 648 1773 699 partirentur
1795 659 1805 685 :
1828 646 1977 685 Clinias
1997 660 2154 698 quoque
2179 647 2294 686 Prori
2315 647 2492 699 Cyrenaei

1446 707 1668 745 tenuitatem
1686 720 1707 744 e
1726 706 1807 744 suis
1827 705 1979 744 divitiis
1999 707 2241 746 sustentavit.
2261 706 2370 745 Licet
2387 707 2491 746 enim

1447 779 1646 815 nunquam
1670 774 1783 803 antea
1810 763 1974 803 vidisset
1992 765 2189 803 hominem
2210 779 2219 802 ς
2240 774 2369 804 tamen
2400 766 2495 816 quia

1445 833 1481 862 et
1502 824 1787 875 Pythagoreum
1806 836 1889 861 esse
1902 832 1940 861 et
1959 823 2102 875 opibus
2119 824 2200 863 suis
2219 837 2309 862 casu
2324 824 2494 875 quodam

1446 883 1641 934 privatum
1664 883 1706 920 in
1727 895 1877 920 summa
1909 891 2132 934 paupertate
2163 883 2299 922 vivere
2330 884 2429 922 sama
2458 892 2498 922 et

1446 941 1646 979 auditione
1666 950 1885 994 acceperat,
1908 955 1956 980 ex
1975 942 2086 980 ltalia
2106 942 2278 994 Cyrenas
2298 942 2494 994 profectus

1453 1001 1539 1038 viro
1560 1000 1732 1051 ejusdem
1754 1002 1954 1052 sapientiae
1975 1001 2149 1040 studioso
2167 1002 2350 1051 grandem
2370 1015 2498 1053 pecu·-

1447 1061 1549 1098 niam
1581 1061 1743 1099 donavit
1771 1060 1864 1112 (96).
1893 1061 2000 1099 Talis
2022 1060 2142 1110 igitur
2165 1059 2337 1110 tantique
2367 1059 2498 1111 philo-

1448 1119 1561 1170 sophi
1603 1133 1623 1157 e
1654 1119 1757 1157 libro
1799 1120 1847 1158 de
1888 1121 2089 1159 sanctitate
2127 1128 2166 1157 et
2200 1120 2357 1170 pietate.
2377 1133 2498 1158 unum

1450 1192 1651 1229 superesse
1668 1188 1783 1231 caput
1810 1181 1872 1218 vel
1891 1181 2021 1231 potius
2050 1180 2176 1217 lacera
2194 1178 2367 1218 membra
2383 1180 2498 1220 vehe-

1451 1247 1599 1276 menter
1613 1239 1801 1279 dolemus.

1506 1298 1693 1335 Critonem
1723 1298 2033 1349 Pyfflagureum,
2057 1299 2286 1350 scriptorem
2325 1299 2499 1338 luculen-

1450 1365 1529 1394 tum
1546 1386 1556 1403 ‚
1579 1370 1599 1395 e
1620 1356 1681 1408 cuj
1689 1371 1732 1396 us
1756 1358 1955 1396 volumine
1974 1359 2021 1396 de
2039 1358 2248 1410 prudentia
2267 1366 2304 1396 et
2319 1358 2501 1398 felicitate

1449 1414 1663 1466 fragmenta
1707 1417 1884 1468 quaedam
1930 1417 2106 1455 Stobaeus
2141 1417 2270 1468 petiit,
2300 1417 2501 1456 diversum

1451 1484 1631 1526 putamus
1663 1475 1711 1514 ab
1746 1477 1986 1516 Atheniensi.
2008 1477 2182 1527 Namque
2216 1475 2264 1514 de
2292 1476 2361 1514 illo
2390 1476 2503 1528 cujus

1451 1536 1610 1574 nomine
1630 1536 1740 1574 Plato
1760 1537 1966 1587 'dialogum
1989 1536 2192 1587 inscripsit
2210 1549 2291 1574 non
2319 1545 2377 1574 est
2395 1537 2504 1588 quod

1451 1593 1526 1632 hoc
1553 1595 1639 1633 loco
1668 1596 1916 1635 disseramus.
1935 1595 2032 1633 Vide
2064 1594 2275 1644 Diogenem
2306 1594 2501 1634 Laertium

1453 1652 1523 1693 lib.
1546 1653 1599 1702 ΙΙ,
1624 1669 1693 1692 121
1713 1664 1751 1693 et
1772 1654 1924 1693 Fabric.
1941 1653 2042 1692 Bibl.
2059 1654 2186 1693 Graec.
2202 1654 2281 1694 vot.
2298 1654 2336 1692 11
2361 1669 2399 1706 p.
2422 1656 2498 1703 715

1452 1713 1516 1752 ed.
1542 1714 1646 1752 Harl.
1668 1714 1935 1765 Pythagoreus
1964 1722 2090 1752 autem
2111 1713 2267 1764 quando
2291 1713 2438 1752 vixerit
2467 1723 2505 1752 et

1454 1781 1640 1823 quantum
1664 1773 1781 1812 libris
1802 1773 1917 1811 editis
1936 1772 2197 1824 philosophiae
2217 1772 2348 1810 lumen
2367 1774 2504 1812 attule-

1454 1831 1525 1877 rit,
1547 1829 1832 1884 incompertum
1861 1830 2061 1870 habemus.
2085 1832 2143 1869 De
2173 1831 2327 1883 reliquo
2358 1831 2504 1871 Stobaei

1454 1890 1689 1929 membranae
1709 1892 1749 1929 in
1770 1891 1980 1940 Florilegio
2000 1890 2103 1929 inter
2121 1888 2294 1930 Critonis
2309 1898 2348 1928 et
2365 1890 2505 1928 Dama-

1455 1951 1579 2002 sippi,
1604 1952 1645 1989 in
1683 1951 1837 2001 Eclogis
1870 1951 1972 1989 inter
2007 1950 2180 1989 Critonis
2211 1960 2250 1989 et
2281 1943 2506 1993 Charitonis

1455 2010 1614 2048 nomina
1632 2010 1833 2049 fluctuant.

1510 2071 1623 2107 Polus
1655 2069 1832 2109 Lucanus
1851 2070 2152 2122 Pythagoricus,
2176 2083 2224 2108 ex
2245 2069 2357 2122 cujus
2373 2070 2421 2110 de
2436 2071 2502 2123 ju-

1455 2129 1564 2168 stitia
1586 2130 1877 2168 commentariis
1904 2137 2020 2182 caput
2043 2129 2268 2180 praeclarum
2289 2130 2394 2181 apud
2406 2130 2505 2169 Sto—

1455 2187 1579 2227 baeum
1602 2199 1740 2237 exstat,
1771 2190 1994 2228 Graecorum
2022 2188 2228 2234 annalibus
2248 2189 2404 2239 ignotus
2431 2199 2501 2229 est.

1456 2248 1611 2300 Quippe
1631 2249 1813 2294 laudibus
1840 2248 2038 2287 celebrant
2067 2249 2338 2298 cognominem
2371 2249 2505 2301 sophi-

1457 2317 1552 2345 stam
1600 2308 1921 2358 Agrigentinum,
1951 2307 2108 2357 Gorgiae
2146 2307 2381 2359 discipulum
2396 2337 2407 2356 ,
2456 2310 2506 2349 de

1457 2381 1534 2418 quo
1556 2367 1651 2406 alibi
1669 2381 1841 2418 agemus,
1865 2367 2095 2418 Pythagorae
2115 2368 2358 2407 assectatoris
2383 2369 2504 2408 vitam

1457 2435 1572 2477 atque
1590 2427 1633 2464 in
1653 2427 1801 2466 litteras
1821 2427 1961 2464 merita
1980 2427 2137 2465 silentio
2156 2435 2449 2478 praetereuntes.

1511 2487 1657 2525 Tacent
1678 2488 1771 2525 item
1791 2489 1942 2525 veteres
1962 2486 2009 2524 de
2024 2489 2097 2524 Dt‘o
2108 2514 2120 2532 ,
2141 2486 2403 2537 Pythagorico
2419 2488 2507 2526 vir-

1440 2545 1549 2583 -tutis
1581 2547 1788 2595 magistro,
1824 2544 1936 2596 cujus
1971 2545 2070 2584 duos
2101 2546 2210 2583 locos
2239 2558 2261 2583 e
2289 2545 2424 2584 libello
2459 2547 2508 2585 de

1459 2605 1749 2656 pulchritudine
1765 2604 1940 2643 Stobaeus
1957 2605 2140 2643 servavit.
2158 2605 2237 2643 Hos
2255 2603 2504 2644 librariorum

1459 2664 1573 2715 culpa
1588 2673 1793 2716 corruptos
1805 2664 1901 2702 meis
1916 2664 2158 2714 aliorumque
2171 2663 2508 2703 emendationibus

1460 2723 1625 2763 restitui.

1514 2786 1657 2833 Bryson
1677 2783 1942 2832 Heracleotes,
1966 2784 1999 2822 si
2033 2783 2125 2822 fides
2156 2782 2376 2823 Jamblicho
2401 2785 2505 2837 (97),

1460 2889 1572 2927 fragm.
1581 2896 1651 2928 pag.
1664 2891 1776 2921 108.-
1788 2889 1854 2930 (96)
1866 2889 2023 2920 Diodorus
2037 2888 2163 2920 Siculus
2174 2888 2229 2921 lib.
2243 2890 2271 2921 X
2281 2889 2358 2930 epit.
2374 2893 2445 2921 545:
2460 2890 2507 2922 ὅτι

1460 2936 1583 2967 ἐπειδάν
1596 2947 1672 2972 τινες
1685 2939 1748 2968 τῶν
1762 2936 1903 2974 συνήθων
1916 2937 1951 2967 ἐκ
1965 2939 2018 2974 τῆς
2035 2935 2143 2971 οὐσίας
2159 2936 2334 2974 ἐκπέσοιεν,
2347 2936 2507 2978 διῃροῦντο

1459 2982 1499 3014 τὰ
1512 2983 1657 3024 χρήματα
1672 2984 1774 3014 αὑτῶν
1793 2984 1835 3018 ὡς
1854 2982 1929 3023 πρὸς
1954 2982 2111 3022 ἀδελφούς.
2128 2982 2176 3014 Οὐ
2190 2981 2283 3024 μόνον
2299 2983 2332 3014 δὲ
2348 2983 2423 3025 πρὸς
2437 2983 2508 3020 τοὺς

1460 3029 1529 3060 καθ’
1549 3030 1666 3070 ἡμέραν
1694 3030 1902 3070 συμὸιοῦντας
1923 3032 1985 3060 τῶν
2002 3028 2165 3069 γνωρίμων
2186 3029 2331 3067 τοιαύτην
2348 3030 2434 3071 εἶχον
2450 3031 2509 3069 τὴν

1461 3075 1608 3115 διάθεσιν,
1633 3076 1710 3108 ἀλλὰ
1731 3075 1866 3107 καθόλου
1889 3076 1964 3117 πρὸς
1990 3075 2108 3112 πάντας
2134 3076 2205 3112 τοὺς
2232 3079 2295 3107 τῶν
2318 3077 2509 3118 πραγμάτων

1461 3122 1579 3154 τούτων
1594 3122 1818 3164 μετασχόντας.
1826 3122 1911 3156 lbid.
1923 3123 1988 3154 εὸτι
1999 3122 2153 3162 Κλεινίας,
2164 3124 2348 3164 Ταραντῖνος
2363 3124 2399 3155 τὸ
2408 3124 2506 3163 γένος,

1462 3167 1504 3204 εἷς
1521 3168 1553 3200 δὲ
1568 3173 1629 3200 τῶν
1652 3170 1688 3200 ἐκ
1713 3171 1769 3200 τοῦ
1792 3170 2015 3211 προειρημένου
2035 3169 2236 3209 συστήματος
2259 3169 2314 3209 ὤν,
2337 3169 2508 3210 πυθόμενος

1461 3216 1592 3257 Πρῶρον
1616 3217 1669 3248 τὸν
1690 3218 1861 3258 Κυρηναῖον
1879 3215 1930 3248 διά
1946 3227 2016 3247 τινα
2033 3216 2196 3254 πολιτικὴν
2221 3216 2404 3257 περίστασιν
2428 3216 2507 3248 ἀπο-

1462 3262 1620 3295 λωλεκότα
1638 3264 1694 3303 τήν
1714 3263 1822 3296 οὐσίαν
1838 3263 1891 3295 καὶ
1911 3264 2022 3299 τελέως
2037 3263 2262 3305 ἀπορούμενον,
2276 3263 2460 3305 ἐξεδήμησεν
2474 3263 2510 3295 ἐκ

1462 3313 1515 3347 τῆς
1533 3310 1663 3347 Ἰταλίας
1689 3312 1731 3347 εἰς
1761 3311 1901 3352 Κυρήνην
1922 3310 2000 3350 μετὰ
2026 3310 2193 3351 χρημάτων
2214 3311 2341 3347 ἱκανῶν,
2370 3310 2423 3341 καὶ
2453 3311 2520 3351 τὴνΔ

1464 3355 1572 3388 οὐσίαν
1593 3357 1830 3396 ἀποκατέστησε
1848 3360 1895 3400 τῷ
1910 3357 2140 3399 προειρημένῳ,
2168 3357 2315 3388 οὐδέποτε
2331 3359 2438 3388 τοῦτον
2452 3357 2511 3389 ἑω-

1464 3405 1583 3444 ρακώς,
1605 3405 1728 3436 ἀκούων
1751 3405 1784 3436 δὲ
1806 3405 1898 3445 μόνον
1916 3404 1964 3436 ὅτι
1983 3405 2190 3445 Πυθαγόρειος
2218 3403 2265 3442 ἦν.
2291 3405 2350 3435 Καὶ
2370 3403 2456 3436 ἄλλοι
2475 3405 2509 3437 δέ

1464 3451 1570 3481 πολλοὶ
1602 3451 1636 3482 τὸ
1659 3452 1874 3493 παραπλήσιον
1904 3451 2107 3488 πεποιηκότες
2140 3451 2444 3492 διαμνημονεύονται.
2467 3467 2508 3475 --

1466 3497 1526 3536 (97)
1540 3498 1740 3530 Jamblirhus
1756 3499 1811 3531 vit.
1827 3499 1917 3539 Pyth.
1930 3507 2001 3539 cap.
2017 3501 2069 3530 23.
