2638 3840
696 198 924 248 EJUSQUE
950 199 1238 242 DISCIPULIS
1263 201 1329 242 ΕΤ
1356 200 1774 243 SUCCESSORIBUS.

156 296 189 341 (1
196 288 277 341 91).
283 286 361 327 Nos
368 286 608 338 recognitum
615 287 847 339 scriptorem
856 289 1072 328 accuratius
1079 303 1194 341 quam

154 348 250 388 olim
285 347 405 387 latine
437 346 611 387 redditus
653 355 738 385 erat
769 346 1014 399 interpretati
1048 361 1196 388 sumus.

152 408 341 446 Secundus
349 406 455 457 (19²)
466 405 641 458 sophista
652 405 896 445 Atheniensis
907 419 1021 458 quem
1032 409 1198 458 aequales

153 469 297 504 clavum
335 468 497 516 Hgneum
527 463 783 504 nominabant
795 493 807 512 ,
835 466 930 516 quia
960 465 1060 504 fabri
1094 466 1199 505 filius

154 533 279 573 esset,
299 523 454 564 Tiberii
472 523 626 563 Claudii
646 523 813 563 Herodis
830 524 949 563 Attici
967 533 1197 577 praeceptor,

155 584 230 624 sub
260 584 457 625 Hadriano
477 583 715 636 Imperatore
733 583 877 622 floruit.
896 583 1039 623 Multas
1066 598 1110 623 ac
1140 597 1200 623 re·

156 643 334 684 conditas
349 644 392 682 in
416 656 464 683 eo
483 643 603 682 fuisse
619 643 767 682 litteras
784 656 834 682 ex
855 643 931 682 hoc
949 643 1096 695 conjici
1113 644 1202 683 licet

157 703 263 756 quod
281 702 421 742 Suidas
439 702 544 755 (193)
563 715 651 741 eum
675 715 762 741 cum
782 702 824 740 C.
841 702 975 741 Plinio
991 701 1170 741 Secundo
1184 731 1195 749 ,

158 762 406 802 nobilissimo
418 761 600 800 Romanae
606 761 983 813 sapientiaeantistite
989 761 1203 812 eodemque

159 822 348 862 naturalis
365 821 538 860 historiae
557 820 779 867 conditore,
795 820 1011 860 confundit.
1029 819 1071 859 Si
1087 820 1200 858 fidem
1235 810 1239 832 ⁸

161 881 371 921 tribuimus
389 880 575 931 anonymi
605 880 810 931 scriptoris
829 880 934 931 (194)
951 879 1174 918 testimonio
1186 909 1197 926 ‚

160 939 360 979 Secundus
395 938 708 989 grammaticam,
744 937 976 976 rhetoricam
1008 946 1046 976 et
1075 938 1206 990 philo·
1237 954 1240 982 ἢ
1268 940 1375 979 omni
1416 949 1591 992 tempore
1629 941 1826 979 silentium
1854 939 2026 978 tenuisse
2060 939 2179 990 (198).
2207 939 2312 986 Quid

161 999 339 1054 sophiam
377 998 575 1052 professus
609 1011 632 1036 e
665 1006 892 1050 paupertate
927 998 1104 1046 emersit,
1140 998 1208 1036 sed

162 1072 325 1100 uxorem
352 1059 484 1098 minus
505 1056 668 1110 probam
686 1066 724 1096 et
743 1057 957 1096 modestam
986 1057 1110 1096 duxit.
1133 1057 1208 1097 Ne-

2186 213 2306 242 xxvtt

1264 291 1408 331 Verum
1438 292 1508 330 illa
1534 303 1618 339 res,
1639 290 1716 329 nisi
1737 302 1798 328 me
1826 289 1926 328 fallit
1951 290 2122 340 animus,
2153 291 2302 328 nullum

1263 349 1400 389 habuit
1429 358 1664 389 momentum
1693 349 1742 387 ad
1769 347 2080 386 benevolentiam
2123 357 2161 386 et
2202 350 2302 387 cari-

1265 418 1378 447 tatem
1413 409 1524 448 illius
1555 408 1852 449 necessitudinis
1879 407 2136 446 adimendam.
2152 406 2304 446 Etenim

1265 467 1438 507 Herodes
1468 467 1687 507 Secundum
1720 475 1853 505 exacta
1870 475 1979 505 aetate
2005 475 2201 505 mortuum
2226 479 2304 505 non

1265 527 1381 564 modo
1400 527 1573 566 lacrimis
1593 535 1821 579 prosecutus
1839 534 1917 573 est,
1933 525 2000 564 sed
2016 526 2131 564 etiam
2152 525 2306 564 funebri

1265 585 1487 624 laudatione
1506 585 1739 625 honestavit.
1763 585 1944 637 Sepultus
1974 593 2032 623 est
2059 584 2165 635 (197)
2186 597 2310 636 prope

1265 643 1486 684 Eleusinem
1518 646 1559 684 in
1584 646 1652 684 via
1680 658 1766 697 quae
1791 644 1946 695 Megara
1970 643 2090 683 ducit.
2110 643 2218 682 Talis
2238 644 2310 682 fuit

1264 705 1344 743 viri
1361 705 1466 752 vita,
1485 706 1519 744 si
1538 705 1641 744 solos
1669 705 1853 756 antiquos
1871 711 1910 742 et
1927 703 2176 755 incorruptos
2196 712 2310 742 testes

1265 763 1508 802 adhibendos
1539 776 1754 803 censemus.
1778 763 2128 803 verumenimvero
2146 761 2312 799 inferior

1267 831 1358 861 aetas
1398 823 1499 861 fictis
1535 823 1677 861 fabulis
1707 821 1883 861 narravit
1902 820 2123 861 Secundum
2153 821 2311 860 virtutis

1267 882 1495 931 magistrum
1527 882 1825 933 Pythagoricam
1863 882 1983 919 vitam
2015 881 2164 919 vixisse
2198 888 2313 932 atque

1268 1000 1437 1051 quaeris?
1457 999 1642 1038 Referunt
1663 1000 1821 1051 quidam
1843 999 1948 1050 (199)
1967 998 2187 1037 Secundum
2221 998 2311 1050 phi-

1238 1058 1495 1134 ilosophum,
1545 1058 1701 1110 quando
1750 1071 1837 1096 cum
1883 1066 2005 1096 matre
2052 1056 2313 1096 concubinum

165 1131 244 1170 que
276 1130 374 1157 vero
414 1117 539 1156 solum
572 1115 879 1168 disputationum
924 1115 1136 1156 subtilitate
1172 1125 1211 1155 et
1239 1136 1241 1144 ι
1269 1118 1473 1168 ignorante
1504 1118 1643 1156 coierit
1662 1127 1700 1155 et
1718 1117 1786 1155 illa
1816 1116 2060 1169 postmodum
2082 1116 2215 1166 agnito
2248 1116 2314 1154 de-

166 1177 419 1217 consiliorum
436 1175 612 1215 bonitate
635 1174 882 1215 auditoribus
909 1175 1094 1227 prodesse
1125 1185 1210 1215 stu-

165 1236 276 1288 duit,
292 1235 361 1275 sed
379 1235 680 1275 declamationes
697 1247 856 1286 quoque
881 1235 925 1273 in
954 1246 1091 1274 eorum
1125 1249 1210 1286 gra-

167 1296 260 1336 tiam
280 1295 445 1348 scriptas
462 1294 601 1334 edidit.
623 1292 699 1332 Sed
717 1306 806 1333 cum
835 1293 912 1332 alia
942 1293 1099 1332 fuerunt
1123 1294 1212 1346 ejus
1241 1332 1244 1356 ‚

166 1355 245 1394 viri
274 1354 380 1393 dicta
408 1352 516 1406 (¹9⁵)
537 1351 825 1400 memorabilia,
856 1361 938 1391 tum
974 1352 1074 1391 illud
1106 1353 1211 1405 quod

168 1484 300 1512 rernm
330 1470 580 1523 publicarum
606 1470 863 1509 mutationum
899 1479 1087 1523 spectans.
1104 1472 1212 1509 Sedi-

169 1535 279 1570 tiom’s
293 1539 424 1569 auctor
435 1534 617 1569 moriatur
625 1544 642 1577 ,-
661 1538 704 1568 at
720 1533 784 1580 qui
794 1534 1050 1582 compresserit
1061 1533 1143 1568 sedi
1145 1535 1213 1569 τίο-

1270 1176 1410 1215 decore
1444 1185 1609 1215 mortem
1641 1176 1718 1215 sibi
1755 1175 2011 1222 consciverit,
2034 1176 2163 1227 ipsum
2198 1174 2313 1214 simul

1270 1236 1439 1275 incestus
1451 1236 1681 1289 poenitentia
1693 1265 1703 1283 ‚
1719 1236 1834 1274 simul
1849 1235 1984 1273 dolore
2002 1247 2049 1272 ex
2069 1234 2176 1273 illius
2193 1242 2317 1272 morte

1270 1304 1455 1348 percepto
1488 1295 1700 1335 cruciatum
1731 1295 1774 1333 in
1798 1302 2027 1347 perpetuum
2058 1293 2315 1340 conticuisse,

1242 1357 1243 1367 ³
1272 1363 1316 1393 ut
1347 1356 1600 1394 ulcisceretur
1619 1367 1755 1392 vocem
1791 1366 1869 1405 qua
1896 1352 1939 1391 in
1969 1350 2178 1390 concubitu
2209 1353 2318 1401 geni-

167 1412 367 1453 sodalibus
385 1411 628 1452 tractandum
645 1411 852 1463 proposuit
869 1420 1137 1463 argumentum
1162 1412 1210 1451 ad
1242 1401 1245 1472 ζ
1274 1414 1363 1452 trici
1408 1414 1656 1452 innotuisset.
1705 1411 1839 1450 Exstat
1887 1423 1984 1449 vero
2029 1409 2319 1448 narratiuncula

1244 1513 1245 1517 ,
1274 1486 1398 1524 graeca
1424 1474 1467 1512 in
1494 1472 1653 1511 eandem
1685 1471 1762 1510 sere
1780 1470 2008 1509 sententiam
2028 1469 2187 1520 scripta,
2206 1469 2317 1520 cujus

1274 1534 1458 1571 inventor
1504 1531 1612 1571 addit
1651 1529 1872 1570 Secundum
1917 1541 1966 1567 ne
2012 1529 2180 1567 instante
2231 1528 2319 1579 qui-

169 1597 270 1638 nem,
283 1594 484 1642 proemium
496 1593 672 1640 accipiat.
689 1591 831 1639 Quodsi
844 1591 941 1628 idem
954 1598 992 1628 et
1002 1594 1218 1628 excitaverit
1245 1606 1246 1610 ¹
1275 1591 1362 1631 dem
1386 1592 1524 1630 mortis
1543 1589 1718 1643 periculo
1748 1588 1946 1628 silentium
1971 1587 2143 1640 rupisse,
2165 1600 2210 1626 ac
2238 1595 2320 1625 tan-

169 1651 385 1689 seditionem
414 1658 454 1687 et
475 1652 715 1694 exstinxerit,
742 1652 940 1699 proemium
961 1651 1136 1700 postulet.
1158 1649 1215 1688 Is·

171 1718 247 1749 tam
275 1721 372 1749 vero
404 1708 603 1747 materiam
631 1707 767 1760 paucis
796 1707 930 1747 verbis
957 1707 1216 1748 adumbravit.

175 1772 328 1817 Utrum,
364 1768 496 1820 inquit
510 1796 522 1816 ,
560 1773 666 1820 pn'us
701 1770 786 1806 est?
818 1769 1051 1808 Commovere
1069 1770 1215 1806 seditio-

173 1843 273 1868 nem.
313 1829 444 1868 Utrum
477 1829 696 1878 posterius?
730 1841 947 1879 componere
980 1831 1211 1869 seditionem.

173 1891 376 1940 Postquam
389 1890 533 1937 sigitur
564 1900 724 1938 poenam
763 1890 910 1926 sceler-Is
952 1892 1006 1926 tui
1039 1890 1209 1935 subiet-Is,

176 1947 268 1986 bene
285 1946 479 1996 sactorum
503 1949 705 1996 praemium
718 1974 730 1994 ,
759 1950 795 1984 si
823 1950 986 1997 poteris,
1019 1951 1214 1998 perprito.

174 2005 299 2058 Ajunt
318 2004 424 2061 (196)
446 2017 534 2044 eum
566 2018 654 2044 cum
684 2004 837 2044 Herode
872 2006 1030 2045 laudum
1059 2019 1216 2046 suarum

175 2065 316 2105 amulo
347 2063 580 2104 simultatem
611 2063 851 2112 exercuisse,
873 2065 942 2116 qui
984 2065 1211 2116 magistrum

178 2132 293 2166 versu
308 2125 503 2164 Hesiodeo
522 2124 727 2163 cavillatus
741 2132 800 2163 est
817 2138 827 2162 ε

241 2215 414 2248 succenset
431 2212 547 2255 figulus
563 2212 680 2255 figulo,
695 2212 785 2246 fabro
797 2221 927 2255 quoque
945 2212 1047 2246 saber.

183 2304 570 2388 ιίρείεωιῚῠῗ.-(191)
593 2305 627 2339 iu
650 2306 807 2349 opuscul.
830 2307 895 2340 vet.
918 2307 1022 2342 Graec.
1042 2307 1179 2340 sentent.
1192 2309 1224 2340 et

183 2364 266 2390 mor.
323 2363 367 2388 m.
407 2380 415 2388 .

222 2402 311 2444 (¹0²)
324 2401 537 2435 Philostratus
548 2401 607 2435 vit.
615 2400 757 2442 sophist.
768 2400 827 2433 lib.
839 2402 853 2433 1
867 2408 937 2442 pag.
955 2402 1012 2433 544
1027 2399 1079 2433 ed.
1092 2400 1198 2433 Olear.
1214 2413 1222 2433 :

181 2449 269 2489 Mn&
285 2448 456 2483 Σεκούνδου
468 2452 525 2482 τοῦ
538 2448 697 2488 Ἀθηναίου
713 2448 953 2490 ἀμνημονῶμιν.
967 2448 1002 2480 ὃν
1019 2448 1148 2480 ἐκάλουν
1161 2447 1226 2481 ἐπί·

181 2498 271 2540 θυρᾶν
296 2497 372 2538 (leg.
402 2496 555 2539 επίουρόν)
575 2507 671 2537 τινες,
697 2498 740 2533 ὥς
761 2496 902 2533 τὲιτονος
925 2495 1037 2528 παῖδα.
1060 2495 1227 2532 Σεκοῦνδος

180 2545 284 2579 τοίνυν
296 2544 315 2576 ὁ
326 2544 494 2586 σοφιστής·
507 2546 623 2585 γνῶναι
643 2544 698 2584 μἰν
718 2542 877 2584 περιττὸς,
896 2543 1079 2584 ίρμηνεῦσαι
1097 2542 1131 2575 δὲ
1148 2542 1225 2574 ἀπέ-

182 2603 293 2635 ριττος.
307 2608 347 2616 —-
364 2591 452 2632 (198)
468 2589 584 2623 Suldas
602 2602 610 2623 ι
636 2589 803 2626 Σεκοῦνδος
827 2590 983 2627 Ἀθηναῖος
1005 2589 1153 2627 σοφιστής
1164 2612 1174 2629 ‚
1194 2588 1227 2626 ὃς

182 2639 373 2683 ἐχρημάτισε
392 2637 532 2676 Πλίνεος.
551 2637 769 2679 ἄπωνομάζετο
792 2636 826 2668 tt
841 2636 1020 2677 Ἐπίουρος,
1037 2637 1079 2672 ὡς
1096 2636 1162 2672 υἱὸς
1179 2638 1227 2668 τὲ-

182 2697 307 2727 ιιτονος,
327 2685 503 2725 καθηγητὴς
524 2683 558 2717 δε
579 2684 688 2726 γέγονε
709 2684 763 2716 καὶ
777 2682 947 2727 Ἡροδότου
971 2683 1044 2723 (leg.
1071 2683 1226 2725 Ἡρώδου)

181 2736 239 2767 τοῦ
256 2734 421 2773 σοφιστοῦ·
438 2732 551 2774 Ιγραψε
570 2731 697 2773 μελέτας
719 2731 893 2774 ῥητορικάς.
907 2750 948 2759 -
963 2730 1050 2771 (194)
1068 2731 1226 2771 Anonymi

184 2778 385 2818 Florilegium
424 2776 675 2819 manuscriptum
718 2776 926 2811 Bibliothecae
959 2776 1140 2809 Barberinae
1160 2786 1168 2808 :
1190 2778 1228 2809 ὀ

186 2826 354 2863 mooe
365 2824 437 2866 ὕφη·
451 2828 544 2867 τριῶν
559 2828 665 2857 κακῶν
681 2824 847 2866 τίτευγμαι
858 2846 869 2864 ,
881 2827 1111 2867 γραμματικῆς,
1124 2824 1227 2862 πενίης

185 2873 238 2907 καὶ
253 2872 421 2915 οὗλομίνης
432 2870 577 2912 γυναικός
587 2880 596 2889 ·
606 2874 668 2904 τῶν
679 2870 734 2904 δύο
744 2871 898 2912 ἐξέφυγον,
908 2871 1073 2910 οὐλομένης
1083 2871 1228 2910 γυναικὸς

185 2919 326 2960 ἐκφυγεῖν
351 2918 410 2951 οὐκ
427 2918 612 2960 ῐσχυσα.-
624 2917 711 2958 (195)
732 2914 942 2950 Philostratus
960 2916 981 2949 Ι.
996 2925 1025 2947 c.
1047 2916 1178 2956 Μνήμης
1196 2917 1228 2949 δὲ

185 2965 258 3004 ilus
283 2968 338 2998 τοῦ
368 2965 476 3007 ἀνδρὸς
500 2964 613 2997 τούτου
636 2965 690 2997 καὶ
710 2964 808 2997 πλείω
836 2964 905 3004 μέν,
928 2964 1064 3003 μάλιστα
1082 2963 1114 2995 st
1134 2964 1187 3001 ἣδε
1208 2965 1229 3003 ἠ

185 3011 343 3048 ὑπόθεσις.
368 3010 408 3044 '0
434 3011 528 3052 ἄρξας
555 3010 696 3047 στάσεως
722 3009 964 3048 ἀποθνησκέτω,
983 3009 1036 3041 καὶ
1064 3009 1082 3040 ὁ
1107 3010 1229 3046 παύσας

187 3057 298 3091 στάσιν
313 3057 414 3098 tzitta
430 3057 560 3099 δωρεάν·
575 3057 595 3089 ὀ
606 3057 698 3094 αὐτὸς
709 3058 762 3089 καὶ
775 3056 866 3099 ἀρξας
878 3057 931 3089 καὶ
945 3057 1068 3091 παύσας
1084 3057 1164 3088 αἰτεῖ
1174 3058 1230 3095 τὴν

186 3103 314 3147 δωρεάν.
331 3105 396 3143 Τὴν
417 3104 451 3137 δε
475 3103 622 3137 ὑπόθεσιν
643 3103 706 3137 ὦδε
724 3103 983 3145 ὶδραχυλὸγησεν.
1002 3103 1137 3140 Οὐκοῦν.
1152 3102 1228 3145 lon,

186 3151 216 3184 τί
240 3151 407 3194 πρότερονς
429 3152 467 3183 τὸ
493 3153 619 3190 κινῆσαι
647 3151 770 3183 στάσιν.
798 3150 838 3183 Τί
865 3151 1022 3190 δεύτερον,
1042 3150 1078 3182 τὸ
1097 3154 1229 3183 παῦσαι.

189 3198 270 3236 Δοὺς
288 3196 343 3230 οὗν
355 3197 402 3238 ἆρ’
419 3197 465 3232 οῖς
479 3196 595 3236 ἠδίκεις
615 3197 779 3239 τιμωρίαν,
790 3198 845 3237 τὴν
867 3197 913 3238 ἐφ’
925 3197 970 3234 οῑς
990 3196 1023 3229 εὖ
1039 3196 1230 3238 πεποίηκας,

189 3246 218 3279 εὶ
231 3245 364 3278 δύνασαι
375 3244 520 3287 (δωρεὰν)
533 3244 620 3277 Mb«.
635 3262 671 3271 -
682 3245 772 3285 (19⁶)
783 3245 994 3277 Philostratus
1008 3244 1028 3275 Ι.
1044 3252 1073 3275 c.
1088 3243 1229 3284 Ἡρώδην

189 3291 218 3325 δ’
229 3292 435 3329 ὒιιπαιδεύσας
448 3292 478 3329 t<
490 3292 637 3334 διαφορὰν
649 3292 734 3334 αὐτῷ
745 3292 873 3333 ἀφίκετο
887 3291 1066 3324 παιδεύοντι
1078 3291 1149 3328 ἤδη·
1162 3291 1231 3323 ὅθεν

189 3338 329 3381 Ἡρώδης
340 3339 520 3376 ὄιετώθαζεν
530 3338 624 3371 αὐτὸν
637 3339 737 3371 dativo
747 3340 855 3379 λέγων·
874 3341 927 3371 καὶ
941 3339 1091 3379 κεραμεὺς
1104 3343 1231 3381 κεραμεῖ

190 3386 290 3420 notin
308 3388 359 3418 καὶ
376 3387 495 3419 τέκτονι
518 3388 647 3420 τίκτων.
676 3385 753 3420 Ἀλλ’
767 3387 953 3419 ἀποθανόντι
978 3388 1031 3417 καὶ
1051 3385 1143 3426 λόγον
1159 3386 1230 3419 (πε-

192 3434 340 3475 φθίῖξᾱῒθ
354 3435 407 3467 καὶ
423 3434 542 3477 δάκρυα
555 3434 693 3468 ἐπέδωκε
708 3435 811 3466 καίτοι
825 3437 945 3476 γηραιῷ
957 3434 1179 3470 τελευτήσαντι.
1193 3451 1231 3458 -

1275 1651 1362 1691 dem
1401 1652 1450 1691 ad
1490 1650 1678 1690 Hadriani
1713 1647 2036 1698 interrogationes
2073 1659 2142 1699 per
2175 1646 2322 1685 litteras

1277 1710 1541 1763 respondisse.
1576 1709 1654 1748 Has
1685 1720 1804 1758 nugas
1824 1706 1996 1746 aGudio
2030 1719 2051 1744 e
2080 1705 2213 1744 codice
2243 1705 2321 1743 Me-

1277 1771 1390 1810 diceo
1414 1771 1555 1824 petitas
1574 1778 1689 1821 atque
1710 1767 1759 1806 ab
1791 1767 1942 1805 Adamo
1973 1764 2149 1804 Schierio
2172 1763 2322 1816 publici

1275 1830 1378 1883 juris
1398 1831 1516 1869 factas
1533 1829 1634 1882 (200)
1653 1830 1822 1867 inserere
1840 1825 1915 1864 hoc
1943 1825 2033 1863 loco
2064 1824 2260 1863 constitui.
2280 1823 2323 1861 ln

1279 1890 1424 1944 quibus
1454 1887 1706 1940 divulgandis
1735 1894 1774 1925 et
1795 1883 2062 1935 corrigendis,
2089 1896 2321 1935 quamquam

1280 1950 1428 1994 nemini
1457 1962 1522 1989 eas
1547 1947 1757 2001 placituras
1781 1958 1865 1984 esse
1896 1944 2102 1991 existimo,
2136 1942 2176 1982 id
2204 1944 2325 1995 potis·

1281 2010 1423 2048 simum
1462 2008 1546 2059 egi,
1586 2019 1635 2045 ne
1670 2004 1865 2045 bonarum
1900 2002 2117 2041 litterarum
2159 2001 2324 2040 studiosi

1281 2084 1437 2111 necesse
1468 2069 1658 2109 haberent
1686 2067 1734 2107 ad
1766 2079 1847 2106 rem
1876 2077 1963 2117 quae
1991 2064 2203 2116 exponitur
2237 2077 2327 2114 cog-

1282 2130 1514 2170 noscendam
1551 2130 1701 2181 priores
1734 2125 1927 2166 editiones
1957 2124 2169 2162 consulere.
2211 2124 2328 2162 13105.

1284 2189 1592 2230 ΣΕΚΟΥΝΔΟΥ
1622 2184 1940 2228 ΦΙΛΟΣΟΦΟΥ.
1974 2183 2163 2223 Σεκοῦνδος
2194 2181 2329 2233 ἐγένετο

1284 2247 1482 2303 φιλόσοφος.
1514 2241 1626 2292 Οὗτος
1657 2244 1885 2300 ἐφιλοσόφησε
1903 2247 1917 2266 ⁰
1933 2242 1992 2281 τὸν
2021 2241 2162 2280 ἅπαντα
2188 2242 2327 2295 χρόνον,

1286 2305 1422 2354 σιωπὴν
1447 2305 1618 2354 ἀσκήσας,
1640 2302 1880 2356 Πυθαγορικὸν
1912 2299 2095 2347 ἐζηλωκὼς
2113 2298 2130 2323 ⁶
2159 2299 2248 2352 βίον.
2276 2300 2330 2340 Τὸ

1286 2364 1323 2405 δὲ
1355 2365 1466 2404 αἴτιον
1496 2367 1560 2411 τῆς
1590 2364 1724 2409 σιωπῆς
1751 2365 1871 2400 τοῦτο·
1888 2358 2048 2413 ἐπέμφθη
2067 2357 2165 2411 παρὰ
2184 2361 2252 2397 τῶν
2269 2374 2327 2410 γο·

1286 2423 1405 2463 νέωνΔο
1425 2424 1546 2477 μικρὸς
1563 2422 1611 2462 ὧν
1627 2422 1868 2469 παιδευθῆναι.
1887 2418 2016 2462 Ὀντος
2035 2417 2071 2456 δὲ
2092 2418 2198 2455 αὐτοῦ
2227 2418 2262 2456 ἐν
2284 2420 2328 2469 τῇ

1286 2483 1468 2523 παιδεύσει
1494 2481 1526 2531 ¹¹,
1560 2481 1713 2534 ἐγένετο,
1729 2477 1788 2519 τὸν
1819 2477 1957 2533 πατέρα
1979 2477 2081 2516 αὐτοῦ
2107 2478 2329 2523 τελευτῆσαι.

1285 2537 1359 2582 Ἦν
1380 2542 1415 2582 δὲ
1435 2540 1570 2581 ἀκούων
1589 2539 1670 2593 περὶ
1689 2541 1750 2587 τῆς
1771 2537 1978 2591 παραθολῆς
1996 2535 2145 2585 ταύτης,
2163 2534 2215 2574 ὅτι
2231 2541 2329 2573 πᾶσα

1286 2601 1372 2655 γυνὴ
1401 2600 1530 2653 πόρνη,
1550 2602 1572 2647 ἡ
1607 2597 1644 2637 δὲ
1674 2599 1829 2636 λαθοῦσα
1868 2595 2016 2648 σώφρων
2031 2599 2061 2636 ⁶.
2096 2596 2130 2634 Τ
2132 2594 2240 2638 ε’λειος
2270 2588 2329 2633 οὖν

1286 2660 1467 2711 γενόμενος
1484 2657 1497 2682 ¹
1516 2658 1706 2704 ἐπανῆλθεν
1726 2657 1775 2701 εἶς
1804 2655 1867 2703 τὴν
1895 2655 1987 2694 ἰδίαν
2006 2652 2156 2706 πατρίδα
2185 2652 2250 2700 τὴν
2270 2656 2330 2691 τοῦ

1287 2719 1387 2763 κυνὸς
1401 2721 1419 2747 ⁸
1436 2716 1629 2771 περιφέρων
1648 2715 1809 2764 ἄσκησιν,
1827 2713 1957 2768 βάκλον
1975 2711 1993 2736 ¹¹
2012 2712 2072 2751 καὶ
2096 2712 2212 2765 πήραν
2232 2726 2331 2764 περι·

1288 2778 1415 2832 φέρων,
1450 2774 1514 2824 τὴν
1544 2773 1700 2830 κεφαλὴν
1741 2773 1802 2814 καὶ
1831 2773 1890 2813 τὸν
1932 2771 2085 2824 πώγωνα
2122 2771 2329 2824 ἀναθρέψας.

1289 2919 1376 2959 (¹97)
1403 2916 1615 2951 Philostratus
1634 2916 1657 2949 1.
1677 2924 1707 2948 c.
1722 2916 1870 2948 τέθαπται
1895 2915 1928 2947 δὲ
1950 2914 2024 2956 πρὸς
2047 2917 2085 2955 τῇ
2103 2913 2255 2944 Ἐλευσῖνι
2280 2915 2333 2950 τῆς

1290 2964 1452 3005 Μεγαράδε
1466 2964 1594 2998 Aaou-
1604 2965 1688 3002 (198)
1700 2963 1886 2995 Vincentius
1900 2961 2130 2995 Bellovaccnsis
2143 2962 2234 3001 spec.
2249 2961 2332 2993 nist.

1290 3011 1346 3043 lib.
1361 3012 1499 3052 111‚cap.
1512 3010 1697 3051 70.—(199)
1712 3010 1861 3043 flavinius
1870 3010 1989 3042 'textor
1999 3008 2032 3040 in
2045 3007 2179 3040 officina
2194 3016 2224 3047 p.
2242 3009 2331 3043 1310,

1290 3058 1344 3091 ubi
1371 3059 1536 3091 auctorem
1566 3058 1673 3091 nescio
1696 3066 1794 3098 quem
1823 3056 1995 3097 Diogenem
2021 3054 2072 3086 vel
2102 3053 2333 3093 Diogeniauum

1291 3103 1409 3137 iaudat.
1425 3121 1465 3128 —
1478 3105 1564 3147 (200)
1580 3104 1717 3146 Repetiit
1737 3103 1820 3136 hauc
1838 3100 2110 3135 narratiunculam
2137 3099 2275 3132 Orellius
2301 3099 2332 3130 in

1290 3153 1409 3194 opusc.
1431 3153 1494 3184 vet.
1520 3153 1576 3185 Gr.
1600 3152 1681 3184 seut.
1700 3152 1733 3183 et
1748 3149 1860 3183 moral.
1880 3150 1960 3182 tom.
1979 3149 2005 3188 1,
2023 3156 2096 3188 pag.
2118 3148 2272 3179 ’λοῦ-υἷι.
2289 3162 2328 3169 -

1330 3198 1458 3232 Codicis
1485 3198 1615 3232 Medloel
1642 3198 1792 3230 lectiones
1820 3209 1828 3229 ι
1853 3197 1894 3238 (ε)
1923 3196 2127 3238 ὶφιλοσόφισι.
2144 3212 2185 3220 -
2205 3192 2244 3232 (δ)
2268 3193 2331 3231 ἐξη·

1290 3247 1400 3287 tuso<
1422 3246 1443 3278 l.
1459 3255 1487 3278 e.
1502 3245 1665 3288 ἐξειληφώς
1682 3245 1731 3277 vel
1751 3243 1839 3285 quod
1858 3244 1959 3284 magis
1978 3243 2077 3284 placet
2093 3240 2263 3278 ἐζηλωκώς.
2282 3239 2332 3271 Cf.

1290 3292 1417 3326 Cebetis
1432 3292 1569 3333 Tabula,
1580 3302 1611 3333 p.
1629 3297 1648 3324 s
1668 3291 1720 3324 ed.
1738 3291 1871 3324 Salmas.
1886 3307 1926 3314 —
1941 3290 1981 3330 (c)
2000 3287 2072 3329 παρ’
2087 3289 2189 3319 αὐτῶν
2204 3286 2329 3326 γονέων.

1290 3358 1330 3364 -
1346 3340 1389 3380 (⁸¹)
1402 3340 1567 3381 παιδεύσῃ.
1577 3339 1663 3379 —(⁰)
1677 3337 1898 3381 σόφρων.-(ῐ)
1912 3337 2086 3377 γενάμενος.
2099 3335 2332 3372 -(ε)ιοινοῦς,

1292 3386 1345 3418 secl
1368 3387 1400 3419 ln
1420 3387 1562 3427 margine
1575 3386 1676 3423 κυνός.
1691 3385 1777 3425 -(ὴ)
1791 3385 1894 3417 Voces
1920 3383 2033 3425 βάκὶον
2058 3383 2090 3413 et
2115 3382 2246 3422 μετάτον
2273 3388 2334 3411 sm-

1293 3434 1365 3475 pim-
1381 3433 1464 3475 npud
1481 3434 1651 3475 scriptores
1671 3432 1765 3465 medii
1785 3433 1846 3465 oevi
1866 3432 1978 3464 obvias
1995 3429 2125 3472 exponit
2145 3428 2285 3469 cangius
2304 3428 2334 3461 in
