2606 3828
349 235 422 268 302
1073 224 1375 264 CYNICORUM
1404 223 1740 264 FRAGMENTA.

345 315 394 366 μὴ
416 316 511 360 τέλος
528 316 580 364 εἴη
599 316 746 369 εὐψυχία
765 316 824 354 καὶ
844 314 937 358 τόνος
951 315 1065 367 ψυχῆς
1078 343 1090 364 ,
1109 313 1184 351 ἀλλ’
1199 311 1276 366 οὐχὶ
1305 312 1376 350 σώ-

345 389 465 424 ματος.

399 431 586 484 (Stobaeus
608 432 741 470 Floril.
762 431 847 478 Vll,
871 432 916 468 18
936 428 1146 481 Διογένους.)

396 504 446 531 27.
477 491 638 542 Διογένης
658 490 786 539 ὡμοίου
814 488 890 532 τοὺς
918 488 1148 540 φιλαργύρους
1170 487 1239 530 τοῖς
1268 486 1377 538 ὑδρω-

342 555 476 593 πικοῖς·
496 549 642 591 ἐκείνους
662 547 722 597 μὲν
741 547 807 600 γὰρ
828 546 972 598 πλήρεις
989 546 1089 590 ὄντας
1108 545 1270 598 ἀργυρίου
1298 547 1372 584 ἐπι·

343 610 461 658 Θυμεῖν
493 606 667 654 πλείονος,
692 605 831 648 τούτους
864 604 900 644 δὲ
935 605 1070 652 ὕδατος,
1093 604 1305 656 ἀμφοτέρους
1342 603 1377 642 δὲ

341 665 426 717 πρὸς
446 670 565 705 κακοῦ.
590 664 845 704 Ἐπιτείνεσθαι
867 662 935 716 γὰρ
956 663 1089 715 μᾶλλον
1110 662 1154 701 τὰ
1173 663 1286 713 πάθη,
1308 660 1378 714 ὅσῳ
1436 677 1440 681 ’

341 724 385 762 τὰ
407 716 664 774 ἒπῖθυμούμενα
681 722 873 775 πορίζεται.

397 780 580 833 (Stobaeus
601 780 733 820 Floril.
751 780 799 828 X,
820 782 867 825 46
887 780 1098 832 Διογένους.)

393 854 440 878 2⁸.
482 838 645 891 Διογένης
677 841 695 876 ὁ
729 838 820 876 κύων
856 837 1067 888 θεασάμενός
1100 853 1176 875 τινα
1212 835 1380 880 πλουσίας

339 898 461 949 γραίας
506 895 802 948 προσποιούμενον
839 898 935 949 ἐρᾶν,
979 895 1063 947 ἔφη·
1099 895 1222 949 Ταύτῃ
1256 896 1295 934 οὐ
1322 894 1380 933 τὸν

340 954 528 1008 ὀφθαλμόν,
549 953 640 993 ἀλλὰ
660 954 717 992 τὸν
737 955 861 993 ὀδόντα
880 954 1105 1001 ἕπιὸέὸληκε.

391 1013 579 1064 (Stobaeus
600 1013 731 1051 Floril.
750 1013 800 1062 X,
823 1016 869 1052 61
895 1013 1112 1066 Διογένους.)

392 1085 440 1111 2⁹.
471 1070 638 1122 Διογένης
659 1070 740 1115 τοὺς
761 1072 900 1124 μεγάλα
921 1072 982 1111 καὶ
1009 1072 1117 1125 ἀθρόα
1137 1071 1382 1123 λαμὸάνοντας

339 1129 634 1181 μεγαλοπτώχους
654 1129 785 1170 ἐκάλει.

391 1188 577 1240 (Stobaeus
594 1188 725 1227 Floril.
747 1188 797 1237 X,
820 1190 868 1227 63
890 1188 1101 1240 Διογένους.)

390 1261 439 1287 3ο.
457 1248 620 1298 Διογένης
637 1247 830 1300 ἐρωτηθείς,
845 1248 928 1286 ποῖα
943 1247 996 1295 εἴη
1015 1247 1115 1300 θηρία
1133 1246 1380 1300 χαλεπώτερα,

338 1299 441 1344 εἶπεν·
455 1305 518 1344 Ἐν
533 1304 595 1355 μὲν
611 1310 681 1349 τοῖς
698 1305 811 1358 ὄρεσιν
829 1305 950 1360 ἄρκτοι
966 1306 1026 1344 καὶ
1040 1304 1189 1354 λέοντες,
1205 1307 1241 1344 ἐν
1258 1305 1292 1345 δὲ
1310 1311 1384 1349 ταῖς

338 1363 461 1403 πόλεσι
480 1364 627 1402 τελῶναι
646 1364 706 1402 καὶ
725 1365 956 1418 συκοφάνται.

393 1422 600 1475 (Antonius
621 1431 658 1460 et
675 1423 867 1462 Maximus
891 1423 1015 1462 Serm.
1038 1423 1086 1461 de
1105 1423 1206 1461 lucri
1235 1423 1384 1474 cupidi-

339 1490 416 1519 tate
434 1495 475 1533 p.
496 1481 591 1520 226.
612 1480 798 1519 Similiter
818 1482 1011 1532 Diogenes
1028 1481 1203 1519 Laertius
1224 1480 1294 1520 lib.
1314 1481 1380 1529 Vl,

342 1540 387 1577 51
408 1539 604 1592 ἐρωτηθείς,
618 1539 651 1578 τί
661 1541 729 1584 τῶν·
741 1539 868 1593 θηρίων
889 1540 1040 1579 κάκιστα
1057 1539 1189 1590 δάκνει,
1206 1538 1285 1592 ἔφη’
1301 1541 1381 1580 Τῶν

341 1598 404 1650 μὲν
424 1598 553 1650 ἀγρίων
574 1599 810 1651 συκοφάντης,
830 1602 900 1639 τῶν
917 1599 950 1637 δ’
964 1599 1105 1652 ἡμέρων
1124 1598 1263 1650 κόλαξ.)

390 1670 438 1696 ³1.
470 1657 634 1708 Διογένης
662 1660 680 1695 ὃ
711 1658 860 1703 Κυνικὸς
892 1658 1076 1712 φιλόσοφος
1102 1657 1284 1710 ἐρωτηθεὶς
1317 1658 1383 1697 ὑπό

335 1732 445 1767 τινος,
481 1715 537 1754 διὰ
573 1716 606 1754 τί
642 1715 680 1754 τὸ
707 1716 848 1769 χρυσίον
865 1716 1000 1770 χλωρόν
1037 1719 1143 1765 ἐστιν,
1177 1715 1264 1770 ἔφη·
1298 1714 1382 1756 εὈτι

337 1773 486 1818 πολλοὺς
503 1774 702 1818 ἐπιδούλους
718 1775 804 1827 ἔχει.

392 1833 599 1880 (Antonius
616 1833 738 1872 Serm.
761 1834 808 1873 de
828 1835 992 1873 avaritia
1011 1849 1052 1887 p.
1080 1834 1180 1886 127.)

392 1906 440 1932 32.
470 1892 545 1939 Τὴν
574 1891 774 1944 ἐπιτίμησιν
799 1895 817 1931 ὁ
844 1894 1009 1946 Διογένης
1042 1892 1222 1946 ἀλλότριον
1252 1895 1380 1947 ἀγαθὸν

337 1949 453 2001 ἔλεγεν
471 1943 572 1990 εἶναι.

397 2009 600 2059 (Antonius
619 2020 656 2048 et
671 2010 864 2050 Maximus
879 2025 969 2062 pag.
988 2011 1096 2065 250.)

1491 313 1697 362 (Antonius
1717 320 1754 350 et
1772 311 1964 349 Maximus
1984 323 2069 362 pag.
2093 310 2199 363 250.)

1488 384 1537 412 3⁴.
1569 370 1731 422 Διογένης
1751 369 1853 422 ἤρετο
1873 363 2051 408 Πλάτωνα
2062 398 2072 416 ,
2090 370 2120 407 εἰ
2138 368 2277 420 Νόμους
2292 369 2435 424 γράφεν
2451 371 2472 409 ὃ

1437 427 1472 466 δὲ
1493 426 1573 497 ἔῖη·
1593 447 1607 463 «ι
1624 427 1672 468 Τί
1686 428 1767 478 δαίς
1787 425 1974 465 Πολιτείαν
1994 417 2168 479 ἔγραψας
2193 427 2295 467 Πάνυ
2313 427 2376 479 μὲν
2394 421 2469 468 οὖν.

1436 486 1484 526 Τί
1502 502 1574 536 ουν,
1591 489 1613 533 ἢ
1634 485 1791 525 πολιτεία
1810 484 1934 536 νόμους
1954 485 2016 523 οὐκ
2041 479 2154 538 εἶχενς
2178 480 2298 539 Εἶχεν.
2347 486 2396 527 Τί
2414 480 2474 526 οὖν

1437 543 1507 583 ἔδει
1522 560 1561 583 σε
1579 544 1685 582 πάλιν
1702 542 1844 593 Νόμους
1861 542 2028 596 γράφειν;
2049 559 2065 578 ιι

1494 608 1699 659 (Antonius
1718 616 1755 646 et
1776 607 1968 646 Maximus
1987 621 2026 659 p.
2048 608 2158 660 250.)

1491 686 1538 713 35.
1568 674 1612 712 Εἰ
1635 672 1697 724 μὲν
1717 665 1775 710 οὗν
1793 673 1901 724 ὀρθῶς
1919 671 1977 710 ἐπὶ
1996 671 2189 716 Πλάτωνος
2203 665 2282 711 εἶπε
2300 671 2476 726 Διογένης·

1437 731 1484 771 Τί
1501 731 1536 769 δὲ
1553 731 1671 784 ὄφελος
1695 732 1780 781 ἡμῖν
1802 728 1943 783 ἀνδρός,
1958 729 1993 775 ὃς
2020 729 2128 770 πολὺν
2148 730 2216 779 ἤδη
2236 730 2360 784 χρόνον
2379 732 2479 786 φιλο-

1439 792 1554 841 σοφῶν
1594 788 1715 827 οὐδένα
1758 787 1974 841 λελύπηκενς
2009 788 2120 841 ἕτεροι
2165 789 2338 843 κρίνωσιν.
2371 787 2477 834 Ἴσως

1439 849 1506 901 γὰρ
1526 848 1691 899 ἐνόμιζεν,
1706 850 1753 892 ὡς
1771 849 1825 887 δεῖ
1841 847 1900 887 τὸν
1915 848 2016 900 λόγον
2032 851 2093 888 τοῦ
2114 849 2298 902 φιλοσόφου
2314 847 2355 888 τὸ
2370 847 2479 900 γλυκὺ

1440 909 1602 956 δηκτικὸν
1623 908 1715 959 ἔχειν
1735 909 1805 947 τῶν
1824 908 2050 959 ἡλκωμένων.
2322 917 2326 921 ’

1495 974 1704 1026 (Antonius
1722 982 1760 1012 et
1772 973 1965 1013 Maximus
1984 989 2022 1026 p.
2043 975 2132 1013 251.
2150 974 2209 1014 Cf.
2231 973 2420 1014 Themist.
2438 973 2482 1012 in

1441 1032 1531 1071 libr.
1550 1033 1597 1070 de
1617 1033 1746 1070 anima
1763 1046 1852 1085 pag.
1878 1034 1937 1073 13.
1951 1032 2101 1085 Scripsi
2119 1031 2203 1077 ἴσως
2220 1032 2290 1086 γὰρ
2316 1031 2483 1083 ἐνόμιζεν,

1441 1093 1486 1134 ὡς
1505 1091 1558 1128 δεῖ
1572 1105 1644 1142 pro
1661 1092 1838 1130 codicum
1855 1092 2021 1130 lectione
2035 1090 2118 1136 ἴσως
2133 1091 2200 1145 γὰρ
2220 1093 2267 1135 ὡς
2285 1090 2325 1130 τὸ
2341 1090 2404 1142 μὲν
2419 1089 2486 1130 δεῖ.
2515 1103 2517 1106 ⁴

1442 1150 1632 1187 Praeterea
1651 1149 1724 1202 ἔχει
1743 1150 1889 1188 mutavi
1907 1152 1948 1188 in
1970 1149 2097 1202 ἔχειν.)

1496 1227 1542 1254 36.
1576 1213 1710 1266 Νεκρὸν
1735 1214 1920 1268 ἰατρεύειν,
1945 1214 2005 1254 καὶ
2027 1214 2173 1269 γέροντα
2191 1217 2373 1261 νουθετεῖν,
2397 1215 2484 1253 ταῦ-

1443 1272 1501 1311 τόν
1520 1273 1609 1310 ἐστι.

1498 1337 1705 1390 (Antonius
1724 1347 1762 1376 et
1785 1339 1979 1378 Maximus
2008 1339 2128 1378 Sei-m.
2147 1339 2196 1378 de
2223 1337 2487 1377 admonitione

1445 1410 1533 1447 pag.
1557 1397 1664 1448 254.)

1498 1474 1548 1500 37.
1579 1461 1850 1514 Λοιὸορούμενος
1866 1462 1935 1500 ὑπό
1951 1478 2038 1506 τινος
2053 1462 2251 1516 φαλακροῦ,
2265 1461 2343 1516 ἔφη·
2357 1460 2407 1502 Σὲ
2423 1459 2487 1512 μὲν

1445 1520 1511 1570 οὐχ
1531 1518 1678 1571 ὗὸρίζω,
1697 1519 1759 1563 τὰς
1782 1520 1818 1559 δὲ
1837 1520 1960 1573 τρίχας
1978 1536 2040 1559 σου
2056 1522 2211 1574 ἐπαινῶ,
2227 1519 2280 1559 ὅτι
2293 1519 2401 1559 κακὸν
2418 1518 2489 1564 ἑξέ-

1445 1592 1550 1631 φυγον
1569 1577 1722 1629 κρανίον.

1502 1642 1710 1692 (Antonius
1726 1652 1763 1681 et
1779 1644 1974 1683 Maximus
1992 1645 2114 1684 Sei-m.
2136 1644 2185 1683 de
2202 1643 2490 1696 vituperatione

1446 1709 1484 1739 et
1503 1702 1697 1740 calumnia
1721 1717 1759 1754 p.
1782 1705 1872 1743 260.
1894 1704 1972 1742 Pro
1993 1705 2306 1742 membranarum
2323 1702 2490 1743 lectione

1447 1759 1604 1812 κράνειον
1626 1761 1808 1800 substitui
1828 1762 1998 1815 κρανίον.)

1500 1839 1548 1866 ³8.
1582 1827 1762 1880 Προδότου
1795 1827 1884 1872 τινὸς
1916 1829 2032 1872 κακῶς
2063 1827 2165 1866 αὐτὸν
2193 1825 2372 1880 λέγοντος,
2402 1825 2490 1880 ἔφη·

1442 1884 1566 1937 Χαίρω
1585 1886 1707 1940 ἐχθρός
1728 1903 1789 1926 σου
1808 1888 2005 1938 γενόμενος’
2026 1887 2067 1927 σὺ
2086 1887 2152 1941 γὰρ
2171 1889 2210 1928 οὗ
2234 1890 2312 1931 τοὺς
2332 1884 2489 1940 ἐχθρούς,

1448 1944 1539 1982 ἀλλὰ
1556 1943 1633 1989 τοὺς
1655 1945 1772 1999 φίλους
1791 1947 1907 1990 κακῶς
1924 1947 2045 1991 ποιεῖς.

1500 2008 1708 2059 (Antonius
1732 2020 1769 2050 et
1787 2011 1980 2050 Maximus
1999 2011 2120 2050 Serm.
2139 2011 2188 2050 de
2215 2011 2341 2064 vitup.
2357 2018 2396 2049 et
2413 2009 2487 2050 cal.

390 2080 441 2108 37³.
473 2067 518 2107 ‘0
538 2067 704 2121 Διογένης
723 2070 855 2122 ἔλεγεν,
870 2071 922 2109 ὅτι
938 2072 969 2109 οἱ
990 2071 1052 2121 μὲν
1075 2072 1174 2110 ἄλλοι
1189 2070 1287 2116 κύνες
1300 2071 1378 2117 τοὺς
1441 2081 1483 2118 p-
1504 2068 1612 2121 260·)

338 2125 536 2165 ἔθκδι
680 2127 902 2167 ,ξκδὶικ
979 2129 1009 2168 Ιλ
1110 2129 1127 2146 r!
1223 2130 1234 2146 t

355 2143 380 2178 Α
403 2142 476 2179 ρους
517 2143 676 2167 ακνθυσῑν
709 2144 777 2180 εγω
819 2145 833 2167 Ε
851 2144 929 2173 τους
949 2145 986 2184 φὶ
1012 2145 1092 2179 Ους,
1113 2146 1168 2169 ινα
1188 2147 1308 2171 6020·OE-

1493 2147 1543 2174 39.
1576 2134 1740 2187 Διογένης
1748 2135 1833 2188 πρὸς
1845 2135 1903 2175 τὸν
1912 2135 2174 2190 λοιδορούμενον
2183 2136 2292 2188 αὐτῷ·
2309 2134 2400 2175 Ἀλλ’
2410 2134 2489 2174 οὔτε

338 2318 430 2359 cujus
453 2318 523 2351 linis
552 2328 616 2351 non
648 2319 730 2353 foret
758 2321 1000 2362 magnanimitas
1019 2323 1051 2355 et
1071 2323 1170 2355 animi
1187 2323 1299 2365 robur,
1320 2333 1384 2357 non

338 2378 447 2410 autem
467 2379 608 2419 corporis
625 2379 720 2412 vims.

382 2438 433 2470 27.
455 2438 613 2479 Diogenes
642 2439 789 2473 homines
810 2450 925 2480 avaros
944 2442 1127 2484 hydropicis
1151 2443 1356 2485 comparabat
1374 2457 1382 2476 ε

339 2494 409 2528 illos
425 2497 511 2529 enim
531 2499 661 2539 argento
685 2498 814 2540 plenos,
835 2500 892 2532 hos
908 2502 1018 2533 autem
1042 2510 1128 2542 aqua
1151 2502 1285 2534 refertos
1309 2502 1384 2543 plus

342 2553 541 2596 desiderare,
556 2555 654 2597 idque
684 2560 836 2599 utrosque
863 2567 938 2591 cum
970 2568 1030 2592 sua
1053 2560 1201 2601 pernicie.
1240 2563 1386 2601 Namque

341 2612 439 2644 animi
448 2613 634 2647 affectiones
649 2615 725 2656 ipsis
734 2625 773 2648 eo
786 2617 886 2657 magis
898 2617 1035 2659 intendi,
1046 2628 1110 2660 quo
1121 2619 1223 2660 magis
1236 2621 1385 2652 votorum

341 2679 474 2703 suorum
490 2674 654 2714 compotes
673 2674 796 2707 fierent.

383 2732 435 2762 28.
456 2729 612 2770 Diogenes
632 2732 771 2772 cynicus
787 2734 988 2775 conspicatus
1002 2735 1163 2776 quendam
1179 2736 1237 2777 qui
1252 2745 1287 2769 se
1302 2736 1386 2768 divi·

347 2791 411 2820 tem
427 2796 525 2820 anum
541 2798 648 2822 amare
666 2785 831 2824 simularet
845 2805 854 2824 ι
877 2793 929 2825 Ad
945 2793 1055 2834 hanc,
1074 2794 1179 2836 inquit
1190 2818 1200 2835 ,
1215 2802 1286 2828 non
1303 2804 1385 2828 ocu·

345 2845 439 2885 lum,
455 2846 516 2880 sed
530 2846 667 2881 dentem
686 2849 828 2890 adJecic.

387 2908 438 2938 29.
456 2905 615 2947 Diogenes
631 2915 745 2949 magna
759 2911 793 2941 et
809 2909 911 2942 multa
927 2909 1022 2943 simul
1036 2911 1227 2952 accipientes
1249 2921 1385 2954 perpau-

345 2972 437 3004 peres
454 2964 645 3006 appellabat.

387 3024 438 3055 30.
461 3021 619 3063 Diogenes
636 3023 861 3067 interrogatus,
873 3035 1020 3066 quaenam
1030 3029 1136 3060 essent
1146 3028 1388 3062 immanissimae

351 3078 484 3122 benuae,
501 3081 687 3122 respondit:
703 3084 748 3115 In
767 3084 944 3116 montibus
959 3086 1036 3117 ursi
1047 3088 1081 3119 et
1098 3086 1209 3119 leones
1221 3111 1231 3127 ,
1249 3089 1286 3120 in
1303 3089 1386 3121 civi-

347 3138 478 3171 tatibus
494 3147 574 3172 vero
588 3140 772 3181 publicani
789 3144 822 3175 et
841 3142 1022 3176 delatores.
1303 3143 1305 3146 “

389 3199 440 3230 31.
461 3197 617 3239 Diogenes
646 3199 785 3240 cynicus
815 3200 1025 3242 philosophus
1044 3203 1174 3243 rogatus
1189 3212 1209 3236 a
1228 3204 1386 3246 quodam,

348 3263 406 3286 eur
423 3263 536 3288 aurum
557 3255 705 3298 palleret,
724 3258 909 3299 respondit:
925 3261 1010 3301 quia
1028 3260 1250 3294 insidiatores
1262 3264 1389 3296 multos

350 3311 464 3346 habet.

392 3377 443 3404 ³².
469 3370 758 3414 Reprehensionem
777 3375 934 3417 Diogenes
958 3376 1096 3411 alienum
1113 3377 1234 3411 bonum
1249 3389 1319 3414 esse
1336 3380 1388 3412 di-

349 3430 453 3462 eebat.

1489 2329 1539 2359 33.
1562 2327 1720 2369 Diogenes
1738 2327 1846 2368 ajebat
1869 2341 1877 2361 ε
1900 2330 2008 2361 Canes
2029 2328 2168 2370 quidem
2196 2328 2314 2361 caeteri
2339 2327 2492 2361 inimicos

1445 2389 1608 2422 mordent
1626 2400 1639 2422 .-
1657 2399 1716 2430 eqo
1732 2398 1811 2423 vero
1827 2392 1970 2431 amicos,
1990 2392 2031 2423 ut
2047 2390 2235 2423 incolumes
2249 2397 2391 2423 servem.

1491 2452 1544 2483 34.
1566 2451 1723 2492 Diogenes
1743 2445 1960 2492 interrogabat
1980 2445 2147 2484 Platonem
2159 2475 2169 2492 ,
2185 2459 2266 2483 num
2285 2452 2385 2492 Leges
2411 2449 2491 2484 scti-

1444 2513 1547 2546 beret.
1566 2513 1737 2546 Annuebat
1752 2513 1816 2546 ille.
1829 2513 1914 2551 Quid
1928 2513 1996 2546 ita?
2015 2511 2215 2554 scripsistine
2229 2509 2493 2554 Rempublicam?

1446 2576 1540 2608 Sane.
1561 2575 1646 2612 Quid
1671 2574 1789 2615 igitur?
1804 2583 1842 2607 ea
1863 2574 2042 2616 respublica
2057 2574 2180 2615 legibus
2195 2582 2261 2606 nen
2275 2574 2344 2606 erat
2370 2575 2489 2615 tempe-

1446 2639 1512 2670 rata
1523 2639 1538 2670 i‘
1557 2638 1645 2670 Erat.
1688 2635 1772 2675 Quid
1787 2636 1882 2676 igitur
1896 2637 1929 2668 te
1944 2636 2049 2669 denuo
2065 2637 2165 2677 Leges
2179 2635 2319 2669 scribere
2335 2634 2487 2668 attinuit?

1492 2703 1543 2733 35.
1568 2701 1706 2733 Rectene
1729 2699 1769 2732 de
1793 2699 1924 2732 Platone
1951 2699 1998 2731 sic
2026 2697 2281 2740 pronuntiaverit
2300 2697 2457 2740 Diogenes
2479 2707 2489 2728 τ

1450 2762 1540 2801 Quid
1556 2763 1650 2796 nobis
1665 2761 1804 2804 prodest
1820 2763 1885 2801 vir,
1903 2762 1963 2802 qui
1980 2759 2042 2793 diu
2053 2760 2133 2801 ,iam
2145 2758 2408 2801 philosophatus
2429 2765 2491 2791 ne·

1445 2827 1535 2859 mini
1548 2826 1744 2858 molestiam
1759 2824 1911 2858 attulit?
1922 2823 2059 2856 aliorum
2075 2823 2143 2856 esto
2156 2821 2325 2863 iudicium.
2338 2821 2490 2854 Fortasse

1446 2888 1651 2923 existimabat
1670 2886 1850 2929 philosophi
1867 2885 2044 2918 orationem
2056 2884 2174 2918 debere
2185 2892 2224 2917 ea
2240 2882 2409 2916 dulcedine
2419 2889 2492 2916 esse

1446 2952 1659 2993 temperatam
1669 2974 1679 2991 ,
1696 2957 1771 2990 quae
1787 2948 1987 2981 exulceratos
2002 2946 2177 2979 morderet.

1491 3019 1545 3047 36.
1568 3016 1688 3047 sanare
1702 3013 1867 3044 mortuum
1883 3011 1916 3043 et
1931 3018 2039 3043 senem
2057 3017 2207 3047 monere.
2221 3008 2307 3041 idem
2322 3010 2384 3040 est.

1489 3077 1541 3107 37.
1561 3074 1738 3107 Maledictis
1752 3083 1772 3106 a
1787 3074 1878 3106 calvo
1904 3075 2037 3105 vexatus
2055 3081 2064 3104 ε
2087 3071 2162 3105 Tibi
2187 3069 2348 3113 quidem,
2368 3067 2487 3110 inquit,

1446 3136 1617 3176 injuriam
1643 3145 1711 3169 non
1739 3135 1849 3179 facio,
1869 3135 2017 3175 capillos
2044 3136 2163 3167 autem
2182 3131 2289 3165 laudo
2317 3132 2395 3163 tuos
2424 3130 2487 3170 qui

1446 3198 1582 3230 malum
1598 3200 1707 3240 caput
1722 3197 1894 3240 fuyientes
1915 3196 2141 3238 defluxerint.

1490 3263 1542 3293 38.
1562 3262 1670 3298 Quum
1689 3269 1709 3292 a
1724 3260 1886 3301 proditore
1900 3258 2100 3291 contumeliis
2111 3256 2298 3289 laceraretur
2313 3251 2487 3291 :Gaudeo‚

1447 3318 1572 3360 inquit,
1589 3319 1679 3361 quod
1698 3322 1809 3353 tecum
1826 3319 2048 3351 inimicitiam
2072 3317 2226 3357 suscepi,·
2246 3316 2286 3348 tu
2304 3314 2396 3345 enim
2417 3318 2486 3344 non

1448 3381 1616 3420 inimicis,
1633 3379 1696 3413 sed
1711 3381 1833 3413 amicis
1850 3380 1984 3413 malum
2001 3377 2124 3419 affers.

1492 3440 1543 3471 39.
1566 3437 1724 3480 Diogenes
1739 3438 1944 3472 conviciatori
1961 3437 2087 3470 cuidam
2106 3446 2115 3467 ι
2137 3435 2210 3467 Non
2226 3433 2348 3474 magiis,
2368 3429 2483 3473 inquit,

2594 1012 2606 1045 aas:
2592 978 2606 1003 ιη’
2601 945 2606 963 Α
2594 874 2606 927 ,αις
2595 814 2606 866 ,κς-ε
