<?xml version="1.0" encoding="UTF-8"?>
<!DOCTYPE html PUBLIC "-//W3C//DTD XHTML 1.0 Transitional//EN"
    "http://www.w3.org/TR/xhtml1/DTD/xhtml1-transitional.dtd">
<html xmlns="http://www.w3.org/1999/xhtml" xml:lang="en" lang="en">
 <head>
  <title>
</title>
<meta http-equiv="Content-Type" content="text/html;charset=utf-8" />
  <meta name='ocr-system' content='tesseract 3.04.00' />
  <meta name='ocr-capabilities' content='ocr_page ocr_carea ocr_par ocr_line ocrx_word'/>
</head>
<body>
  <div class='ocr_page' id='page_1' title='image "./fragmentaphiloso02mulluoft_0152.png"; bbox 0 0 2638 3840; ppageno 0'>
   <div class='ocr_carea' id='block_1_1' title="bbox 344 260 1625 302">
    <p class='ocr_par' dir='ltr' id='par_1_1' title="bbox 344 260 1625 302">
     <span class='ocr_line' id='line_1_1' title="bbox 344 260 1625 302; baseline 0 -2"><span class='ocrx_word' id='word_1_1' title='bbox 344 267 395 302; x_wconf 76' lang='lat'>44</span> <span class='ocrx_word' id='word_1_2' title='bbox 1270 261 1438 300; x_wconf 82' lang='lat' dir='ltr'>TlMAEl</span> <span class='ocrx_word' id='word_1_3' title='bbox 1470 260 1625 301; x_wconf 83' lang='lat' dir='ltr'>LOCRI</span> 
     </span>
    </p>
   </div>
   <div class='ocr_carea' id='block_1_2' title="bbox 333 347 1386 1937">
    <p class='ocr_par' dir='ltr' id='par_1_2' title="bbox 335 347 1386 932">
     <span class='ocr_line' id='line_1_2' title="bbox 339 347 1385 401; baseline -0.001 -14"><span class='ocrx_word' id='word_1_4' title='bbox 339 348 399 387; x_wconf 74' lang='grc' dir='ltr'>καὶ</span> <span class='ocrx_word' id='word_1_5' title='bbox 424 348 546 401; x_wconf 85' lang='grc' dir='ltr'>ἄλογος</span> <span class='ocrx_word' id='word_1_6' title='bbox 575 348 725 400; x_wconf 82' lang='grc' dir='ltr'>ἐκμελής</span> <span class='ocrx_word' id='word_1_7' title='bbox 759 365 796 388; x_wconf 85' lang='grc' dir='ltr'>τε</span> <span class='ocrx_word' id='word_1_8' title='bbox 826 348 886 388; x_wconf 79' lang='grc' dir='ltr'>καὶ</span> <span class='ocrx_word' id='word_1_9' title='bbox 915 347 1147 401; x_wconf 82' lang='grc' dir='ltr'>ἀνάρμοστος.</span> <span class='ocrx_word' id='word_1_10' title='bbox 1205 347 1385 401; x_wconf 87' lang='grc' dir='ltr'>Τέταρτόν</span> 
     </span>
     <span class='ocr_line' id='line_1_3' title="bbox 339 406 1384 460; baseline 0.001 -14"><span class='ocrx_word' id='word_1_11' title='bbox 339 423 376 446; x_wconf 91' lang='grc' dir='ltr'>τε</span> <span class='ocrx_word' id='word_1_12' title='bbox 395 407 491 460; x_wconf 89' lang='grc' dir='ltr'>γένος</span> <span class='ocrx_word' id='word_1_13' title='bbox 512 409 687 457; x_wconf 81' lang='grc' dir='ltr'>αἰσθητῶν</span> <span class='ocrx_word' id='word_1_14' title='bbox 712 408 1004 447; x_wconf 87' lang='grc' dir='ltr'>πολυειδέστατον</span> <span class='ocrx_word' id='word_1_15' title='bbox 1027 407 1087 447; x_wconf 81' lang='grc' dir='ltr'>καὶ</span> <span class='ocrx_word' id='word_1_16' title='bbox 1108 406 1362 447; x_wconf 83' lang='grc' dir='ltr'>ποικιλώτατον</span> <span class='ocrx_word' id='word_1_17' title='bbox 1375 423 1384 433; x_wconf 87' lang='grc'>·</span> 
     </span>
     <span class='ocr_line' id='line_1_4' title="bbox 338 462 1386 521; baseline 0 -15"><span class='ocrx_word' id='word_1_18' title='bbox 338 466 447 520; x_wconf 82' lang='grc' dir='ltr'>δρατὰ</span> <span class='ocrx_word' id='word_1_19' title='bbox 467 466 503 506; x_wconf 82' lang='grc' dir='ltr'>δὲ</span> <span class='ocrx_word' id='word_1_20' title='bbox 531 467 690 520; x_wconf 89' lang='grc' dir='ltr'>λέγεται,</span> <span class='ocrx_word' id='word_1_21' title='bbox 713 469 747 506; x_wconf 80' lang='grc' dir='ltr'>ἐν</span> <span class='ocrx_word' id='word_1_22' title='bbox 767 462 796 521; x_wconf 73' lang='grc' dir='ltr'>ᾧ</span> <span class='ocrx_word' id='word_1_23' title='bbox 817 466 993 519; x_wconf 77' lang='grc' dir='ltr'>χρώματά</span> <span class='ocrx_word' id='word_1_24' title='bbox 1013 483 1050 505; x_wconf 90' lang='grc' dir='ltr'>τε</span> <span class='ocrx_word' id='word_1_25' title='bbox 1070 474 1218 506; x_wconf 87' lang='grc' dir='ltr'>παντοῖα</span> <span class='ocrx_word' id='word_1_26' title='bbox 1239 466 1300 506; x_wconf 79' lang='grc' dir='ltr'>καὶ</span> <span class='ocrx_word' id='word_1_27' title='bbox 1327 482 1386 506; x_wconf 86' lang='grc' dir='ltr'>κε-</span> 
     </span>
     <span class='ocr_line' id='line_1_5' title="bbox 338 525 1383 587; baseline 0 -23"><span class='ocrx_word' id='word_1_28' title='bbox 338 527 531 580; x_wconf 86' lang='grc' dir='ltr'>χρωσμένα</span> <span class='ocrx_word' id='word_1_29' title='bbox 553 527 682 579; x_wconf 88' lang='grc' dir='ltr'>μυρία·</span> <span class='ocrx_word' id='word_1_30' title='bbox 699 534 818 587; x_wconf 82' lang='grc' dir='ltr'>πρᾶτα</span> <span class='ocrx_word' id='word_1_31' title='bbox 840 525 876 564; x_wconf 82' lang='grc' dir='ltr'>δὲ</span> <span class='ocrx_word' id='word_1_32' title='bbox 897 526 1067 579; x_wconf 81' lang='grc' dir='ltr'>τέττορα,</span> <span class='ocrx_word' id='word_1_33' title='bbox 1084 526 1229 574; x_wconf 85' lang='grc' dir='ltr'>λευκόν,</span> <span class='ocrx_word' id='word_1_34' title='bbox 1252 526 1383 578; x_wconf 84' lang='grc' dir='ltr'><strong>μέλαν,</strong></span> 
     </span>
     <span class='ocr_line' id='line_1_6' title="bbox 337 579 1386 638; baseline 0 -15"><span class='ocrx_word' id='word_1_35' title='bbox 337 584 500 637; x_wconf 89' lang='grc' dir='ltr'>λαμπρόν</span> <span class='ocrx_word' id='word_1_36' title='bbox 515 615 526 636; x_wconf 92' lang='grc'>,</span> <span class='ocrx_word' id='word_1_37' title='bbox 544 588 737 638; x_wconf 72' lang='grc' dir='ltr'>φοινικοῦν·</span> <span class='ocrx_word' id='word_1_38' title='bbox 753 579 866 623; x_wconf 83' lang='grc' dir='ltr'>τᾶλλα</span> <span class='ocrx_word' id='word_1_39' title='bbox 886 582 983 636; x_wconf 68' lang='grc' dir='ltr'>γὰρ-</span> <span class='ocrx_word' id='word_1_40' title='bbox 968 585 1007 622; x_wconf 81' lang='grc' dir='ltr'>ἐκ</span> <span class='ocrx_word' id='word_1_41' title='bbox 1024 584 1241 637; x_wconf 81' lang='grc' dir='ltr'>κιρναμένων</span> <span class='ocrx_word' id='word_1_42' title='bbox 1258 600 1386 623; x_wconf 87' lang='grc' dir='ltr'>τουτων</span> 
     </span>
     <span class='ocr_line' id='line_1_7' title="bbox 336 643 1386 698; baseline 0.001 -15"><span class='ocrx_word' id='word_1_43' title='bbox 336 650 515 695; x_wconf 80' lang='grc' dir='ltr'>γεννᾶται.</span> <span class='ocrx_word' id='word_1_44' title='bbox 572 645 624 684; x_wconf 89' lang='grc' dir='ltr'>Τὸ</span> <span class='ocrx_word' id='word_1_45' title='bbox 646 644 706 695; x_wconf 88' lang='grc' dir='ltr'>μὲν</span> <span class='ocrx_word' id='word_1_46' title='bbox 735 647 782 682; x_wconf 85' lang='grc' dir='ltr'>ὠν</span> <span class='ocrx_word' id='word_1_47' title='bbox 806 643 930 682; x_wconf 85' lang='grc' dir='ltr'>λευκὸν</span> <span class='ocrx_word' id='word_1_48' title='bbox 954 644 1124 697; x_wconf 84' lang='grc' dir='ltr'>διακρίνει</span> <span class='ocrx_word' id='word_1_49' title='bbox 1143 643 1207 682; x_wconf 82' lang='grc' dir='ltr'>τὰν</span> <span class='ocrx_word' id='word_1_50' title='bbox 1227 643 1327 698; x_wconf 85' lang='grc' dir='ltr'>ὄψιν,</span> <span class='ocrx_word' id='word_1_51' title='bbox 1346 645 1386 684; x_wconf 85' lang='grc' dir='ltr'>τὸ</span> 
     </span>
     <span class='ocr_line' id='line_1_8' title="bbox 338 702 1382 756; baseline -0.001 -15"><span class='ocrx_word' id='word_1_52' title='bbox 338 702 374 741; x_wconf 84' lang='grc' dir='ltr'>δὲ</span> <span class='ocrx_word' id='word_1_53' title='bbox 402 702 511 754; x_wconf 86' lang='grc' dir='ltr'>μέλαν</span> <span class='ocrx_word' id='word_1_54' title='bbox 548 702 742 755; x_wconf 79' lang='grc' dir='ltr'>συγκρίνει,</span> <span class='ocrx_word' id='word_1_55' title='bbox 775 702 937 756; x_wconf 77' lang='grc' dir='ltr'>ὅκωσπερ</span> <span class='ocrx_word' id='word_1_56' title='bbox 970 702 1009 742; x_wconf 77' lang='grc' dir='ltr'>τὸ</span> <span class='ocrx_word' id='word_1_57' title='bbox 1030 703 1155 755; x_wconf 75' lang='grc' dir='ltr'>θερμὸν</span> <span class='ocrx_word' id='word_1_58' title='bbox 1183 704 1301 755; x_wconf 84' lang='grc' dir='ltr'>διαχεῖ</span> <span class='ocrx_word' id='word_1_59' title='bbox 1319 702 1382 741; x_wconf 79' lang='grc' dir='ltr'>τὰν</span> 
     </span>
     <span class='ocr_line' id='line_1_9' title="bbox 337 760 1385 816; baseline 0.002 -16"><span class='ocrx_word' id='word_1_60' title='bbox 337 760 428 814; x_wconf 71' lang='grc' dir='ltr'>ἁφάν</span> <span class='ocrx_word' id='word_1_61' title='bbox 445 792 455 810; x_wconf 88' lang='grc'>,</span> <span class='ocrx_word' id='word_1_62' title='bbox 472 762 511 800; x_wconf 85' lang='grc' dir='ltr'>τὸ</span> <span class='ocrx_word' id='word_1_63' title='bbox 529 762 563 801; x_wconf 84' lang='grc' dir='ltr'>δὲ</span> <span class='ocrx_word' id='word_1_64' title='bbox 582 761 714 815; x_wconf 74' lang='grc' dir='ltr'>ψυχρὸν</span> <span class='ocrx_word' id='word_1_65' title='bbox 731 761 876 813; x_wconf 78' lang='grc' dir='ltr'>συνάγεν</span> <span class='ocrx_word' id='word_1_66' title='bbox 896 762 1061 810; x_wconf 87' lang='grc' dir='ltr'>δύναται,</span> <span class='ocrx_word' id='word_1_67' title='bbox 1078 762 1137 800; x_wconf 75' lang='grc' dir='ltr'>καὶ</span> <span class='ocrx_word' id='word_1_68' title='bbox 1154 761 1192 801; x_wconf 86' lang='grc' dir='ltr'>τὸ</span> <span class='ocrx_word' id='word_1_69' title='bbox 1205 762 1269 813; x_wconf 81' lang='grc' dir='ltr'>μὲν</span> <span class='ocrx_word' id='word_1_70' title='bbox 1284 778 1385 816; x_wconf 83' lang='grc' dir='ltr'>στρυ-</span> 
     </span>
     <span class='ocr_line' id='line_1_10' title="bbox 335 820 1385 875; baseline 0.003 -17"><span class='ocrx_word' id='word_1_71' title='bbox 335 820 418 873; x_wconf 77' lang='grc' dir='ltr'>φνὸν</span> <span class='ocrx_word' id='word_1_72' title='bbox 447 822 592 872; x_wconf 87' lang='grc' dir='ltr'>συνάγεν</span> <span class='ocrx_word' id='word_1_73' title='bbox 623 821 686 859; x_wconf 84' lang='grc' dir='ltr'>τὰν</span> <span class='ocrx_word' id='word_1_74' title='bbox 715 824 856 872; x_wconf 76' lang='grc' dir='ltr'>γεῦσιν,</span> <span class='ocrx_word' id='word_1_75' title='bbox 878 821 917 859; x_wconf 82' lang='grc' dir='ltr'>τὸ</span> <span class='ocrx_word' id='word_1_76' title='bbox 949 820 986 859; x_wconf 83' lang='grc' dir='ltr'>δὲ</span> <span class='ocrx_word' id='word_1_77' title='bbox 1015 820 1120 874; x_wconf 80' lang='grc' dir='ltr'>δριμὺ</span> <span class='ocrx_word' id='word_1_78' title='bbox 1156 823 1291 875; x_wconf 81' lang='grc' dir='ltr'>διαιρῆν</span> <span class='ocrx_word' id='word_1_79' title='bbox 1321 822 1385 862; x_wconf 87' lang='grc' dir='ltr'>πέ-</span> 
     </span>
     <span class='ocr_line' id='line_1_11' title="bbox 337 895 436 932; baseline 0.02 -14"><span class='ocrx_word' id='word_1_80' title='bbox 337 895 436 932; x_wconf 83' lang='grc' dir='ltr'>φυκε.</span> 
     </span>
    </p>

    <p class='ocr_par' dir='ltr' id='par_1_3' title="bbox 333 936 1386 1937">
     <span class='ocr_line' id='line_1_12' title="bbox 389 936 1382 993; baseline 0.001 -17"><span class='ocrx_word' id='word_1_81' title='bbox 389 939 410 988; x_wconf 62' lang='grc' dir='ltr'><strong>ἓ</strong></span> <span class='ocrx_word' id='word_1_82' title='bbox 438 951 468 977; x_wconf 84' lang='grc' dir='ltr'>ο.</span> <span class='ocrx_word' id='word_1_83' title='bbox 500 937 697 990; x_wconf 76' lang='grc' dir='ltr'>Τρέφεσθαι</span> <span class='ocrx_word' id='word_1_84' title='bbox 718 936 755 976; x_wconf 82' lang='grc' dir='ltr'>δὲ</span> <span class='ocrx_word' id='word_1_85' title='bbox 787 938 825 977; x_wconf 68' lang='grc' dir='ltr'>τὸ</span> <span class='ocrx_word' id='word_1_86' title='bbox 845 943 969 983; x_wconf 80' lang='grc' dir='ltr'>σκᾶνος</span> <span class='ocrx_word' id='word_1_87' title='bbox 994 941 1063 979; x_wconf 82' lang='grc' dir='ltr'>τῶν</span> <span class='ocrx_word' id='word_1_88' title='bbox 1098 939 1259 992; x_wconf 80' lang='grc' dir='ltr'>ἐναερίων</span> <span class='ocrx_word' id='word_1_89' title='bbox 1285 939 1382 993; x_wconf 84' lang='grc' dir='ltr'>ζῴων</span> 
     </span>
     <span class='ocr_line' id='line_1_13' title="bbox 336 995 1384 1050; baseline 0.003 -17"><span class='ocrx_word' id='word_1_90' title='bbox 336 996 396 1034; x_wconf 86' lang='grc' dir='ltr'>καὶ</span> <span class='ocrx_word' id='word_1_91' title='bbox 423 995 631 1048; x_wconf 79' lang='grc' dir='ltr'>συνέχεσθαι</span> <span class='ocrx_word' id='word_1_92' title='bbox 648 1003 710 1040; x_wconf 85' lang='grc' dir='ltr'>τᾶς</span> <span class='ocrx_word' id='word_1_93' title='bbox 735 996 798 1047; x_wconf 81' lang='grc' dir='ltr'>μὲν</span> <span class='ocrx_word' id='word_1_94' title='bbox 819 1004 947 1050; x_wconf 78' lang='grc' dir='ltr'>τροφᾶς</span> <span class='ocrx_word' id='word_1_95' title='bbox 967 998 1209 1048; x_wconf 81' lang='grc' dir='ltr'>διαδιδομένας</span> <span class='ocrx_word' id='word_1_96' title='bbox 1237 996 1293 1036; x_wconf 83' lang='grc' dir='ltr'>διὰ</span> <span class='ocrx_word' id='word_1_97' title='bbox 1316 999 1384 1036; x_wconf 85' lang='grc' dir='ltr'>τῶν</span> 
     </span>
     <span class='ocr_line' id='line_1_14' title="bbox 335 1050 1386 1111; baseline 0.001 -18"><span class='ocrx_word' id='word_1_98' title='bbox 335 1054 473 1109; x_wconf 69' lang='grc' dir='ltr'>φλείῗῶν</span> <span class='ocrx_word' id='word_1_99' title='bbox 509 1057 556 1098; x_wconf 89' lang='grc' dir='ltr'>εἷς</span> <span class='ocrx_word' id='word_1_100' title='bbox 576 1054 655 1093; x_wconf 81' lang='grc' dir='ltr'>ὅλον</span> <span class='ocrx_word' id='word_1_101' title='bbox 687 1055 745 1094; x_wconf 82' lang='grc' dir='ltr'>τὸν</span> <span class='ocrx_word' id='word_1_102' title='bbox 773 1055 875 1108; x_wconf 85' lang='grc' dir='ltr'>ὄγκον</span> <span class='ocrx_word' id='word_1_103' title='bbox 910 1055 993 1096; x_wconf 80' lang='grc' dir='ltr'>κατ’</span> <span class='ocrx_word' id='word_1_104' title='bbox 1024 1057 1212 1111; x_wconf 81' lang='grc' dir='ltr'>ἐπιῤῥοοὶν,</span> <span class='ocrx_word' id='word_1_105' title='bbox 1236 1050 1306 1095; x_wconf 66' lang='grc' dir='ltr'>οἷον</span> <span class='ocrx_word' id='word_1_106' title='bbox 1341 1056 1386 1094; x_wconf 84' lang='grc' dir='ltr'>δι’</span> 
     </span>
     <span class='ocr_line' id='line_1_15' title="bbox 336 1114 1385 1168; baseline 0.001 -16"><span class='ocrx_word' id='word_1_107' title='bbox 336 1116 471 1167; x_wconf 77' lang='grc' dir='ltr'>ὀχετῶν</span> <span class='ocrx_word' id='word_1_108' title='bbox 493 1114 687 1165; x_wconf 84' lang='grc' dir='ltr'>ἀγομένας,</span> <span class='ocrx_word' id='word_1_109' title='bbox 707 1114 768 1153; x_wconf 83' lang='grc' dir='ltr'>καὶ</span> <span class='ocrx_word' id='word_1_110' title='bbox 795 1116 995 1168; x_wconf 82' lang='grc' dir='ltr'>ἀρδομένοις</span> <span class='ocrx_word' id='word_1_111' title='bbox 1017 1115 1086 1155; x_wconf 81' lang='grc' dir='ltr'>ὑπὸ</span> <span class='ocrx_word' id='word_1_112' title='bbox 1105 1119 1154 1154; x_wconf 87' lang='grc' dir='ltr'>τῶ</span> <span class='ocrx_word' id='word_1_113' title='bbox 1171 1115 1385 1166; x_wconf 83' lang='grc' dir='ltr'>πνεύματος,</span> 
     </span>
     <span class='ocr_line' id='line_1_16' title="bbox 335 1173 1385 1229; baseline 0 -17"><span class='ocrx_word' id='word_1_114' title='bbox 335 1173 354 1212; x_wconf 81' lang='grc' dir='ltr'>ὃ</span> <span class='ocrx_word' id='word_1_115' title='bbox 376 1174 491 1226; x_wconf 78' lang='grc' dir='ltr'>διαχεῖ</span> <span class='ocrx_word' id='word_1_116' title='bbox 508 1174 616 1213; x_wconf 78' lang='grc' dir='ltr'>αὐτὰν</span> <span class='ocrx_word' id='word_1_117' title='bbox 638 1174 696 1212; x_wconf 82' lang='grc' dir='ltr'>ἐπὶ</span> <span class='ocrx_word' id='word_1_118' title='bbox 717 1174 763 1212; x_wconf 85' lang='grc' dir='ltr'>τὰ</span> <span class='ocrx_word' id='word_1_119' title='bbox 780 1175 918 1228; x_wconf 86' lang='grc' dir='ltr'>πέρατα</span> <span class='ocrx_word' id='word_1_120' title='bbox 938 1177 1053 1229; x_wconf 71' lang='grc' dir='ltr'>φέρον.</span> <span class='ocrx_word' id='word_1_121' title='bbox 1114 1175 1147 1215; x_wconf 75' lang='lat' dir='ltr'>‘A</span> <span class='ocrx_word' id='word_1_122' title='bbox 1167 1175 1195 1214; x_wconf 90' lang='grc' dir='ltr'>δ’</span> <span class='ocrx_word' id='word_1_123' title='bbox 1212 1175 1385 1214; x_wconf 80' lang='grc' dir='ltr'>ἀνάπνοια</span> 
     </span>
     <span class='ocr_line' id='line_1_17' title="bbox 334 1232 1385 1289; baseline 0.002 -19"><span class='ocrx_word' id='word_1_124' title='bbox 334 1232 466 1284; x_wconf 87' lang='grc' dir='ltr'>γίνεται</span> <span class='ocrx_word' id='word_1_125' title='bbox 487 1233 634 1283; x_wconf 83' lang='grc' dir='ltr'>μηδενὸς</span> <span class='ocrx_word' id='word_1_126' title='bbox 654 1232 718 1284; x_wconf 86' lang='grc' dir='ltr'>μὲν</span> <span class='ocrx_word' id='word_1_127' title='bbox 748 1236 855 1271; x_wconf 82' lang='grc' dir='ltr'>κενεῶ</span> <span class='ocrx_word' id='word_1_128' title='bbox 886 1236 920 1272; x_wconf 86' lang='grc' dir='ltr'>ἐν</span> <span class='ocrx_word' id='word_1_129' title='bbox 946 1242 991 1289; x_wconf 81' lang='grc' dir='ltr'>τᾷ</span> <span class='ocrx_word' id='word_1_130' title='bbox 1011 1234 1095 1288; x_wconf 80' lang='grc' dir='ltr'>φύσι</span> <span class='ocrx_word' id='word_1_131' title='bbox 1121 1235 1258 1283; x_wconf 83' lang='grc' dir='ltr'>ἐόντος,</span> <span class='ocrx_word' id='word_1_132' title='bbox 1281 1235 1385 1288; x_wconf 80' lang='grc' dir='ltr'>έπιῤ-</span> 
     </span>
     <span class='ocr_line' id='line_1_18' title="bbox 337 1292 1383 1347; baseline 0.001 -16"><span class='ocrx_word' id='word_1_133' title='bbox 337 1292 471 1345; x_wconf 81' lang='grc' dir='ltr'>ῥέοντος</span> <span class='ocrx_word' id='word_1_134' title='bbox 485 1292 522 1330; x_wconf 86' lang='grc' dir='ltr'>δὲ</span> <span class='ocrx_word' id='word_1_135' title='bbox 547 1292 608 1331; x_wconf 81' lang='grc' dir='ltr'>καὶ</span> <span class='ocrx_word' id='word_1_136' title='bbox 628 1292 806 1342; x_wconf 85' lang='grc' dir='ltr'>ἑλκομένω</span> <span class='ocrx_word' id='word_1_137' title='bbox 826 1295 876 1331; x_wconf 87' lang='grc' dir='ltr'>τῶ</span> <span class='ocrx_word' id='word_1_138' title='bbox 898 1293 996 1347; x_wconf 82' lang='grc' dir='ltr'>ἀέρος</span> <span class='ocrx_word' id='word_1_139' title='bbox 1016 1294 1092 1332; x_wconf 82' lang='grc' dir='ltr'>ἀντὶ</span> <span class='ocrx_word' id='word_1_140' title='bbox 1119 1295 1170 1332; x_wconf 88' lang='grc' dir='ltr'>τῶ</span> <span class='ocrx_word' id='word_1_141' title='bbox 1194 1292 1383 1347; x_wconf 82' lang='grc' dir='ltr'>ἀποῤῥέον·</span> 
     </span>
     <span class='ocr_line' id='line_1_19' title="bbox 334 1346 1386 1405; baseline 0.001 -16"><span class='ocrx_word' id='word_1_142' title='bbox 334 1368 391 1395; x_wconf 90' lang='grc' dir='ltr'>τος</span> <span class='ocrx_word' id='word_1_143' title='bbox 423 1350 479 1389; x_wconf 84' lang='grc' dir='ltr'>διὰ</span> <span class='ocrx_word' id='word_1_144' title='bbox 512 1355 581 1390; x_wconf 85' lang='grc' dir='ltr'>τῶν</span> <span class='ocrx_word' id='word_1_145' title='bbox 617 1351 780 1405; x_wconf 81' lang='grc' dir='ltr'>ἀοράτων</span> <span class='ocrx_word' id='word_1_146' title='bbox 818 1352 994 1404; x_wconf 85' lang='grc' dir='ltr'>στομίων,</span> <span class='ocrx_word' id='word_1_147' title='bbox 1029 1353 1075 1391; x_wconf 86' lang='grc' dir='ltr'>δι’</span> <span class='ocrx_word' id='word_1_148' title='bbox 1097 1346 1146 1391; x_wconf 77' lang='grc' dir='ltr'>ὦν</span> <span class='ocrx_word' id='word_1_149' title='bbox 1165 1367 1226 1390; x_wconf 89' lang='grc' dir='ltr'>και</span> <span class='ocrx_word' id='word_1_150' title='bbox 1246 1352 1269 1390; x_wconf 81' lang='grc' dir='ltr'><strong>ἃ</strong></span> <span class='ocrx_word' id='word_1_151' title='bbox 1296 1368 1386 1396; x_wconf 90' lang='grc' dir='ltr'>νοτις</span> 
     </span>
     <span class='ocr_line' id='line_1_20' title="bbox 335 1410 1385 1466; baseline 0.002 -18"><span class='ocrx_word' id='word_1_152' title='bbox 335 1410 573 1464; x_wconf 79' lang='grc' dir='ltr'>ἐπιφαίνεται,</span> <span class='ocrx_word' id='word_1_153' title='bbox 593 1410 683 1455; x_wconf 86' lang='grc' dir='ltr'>τινὸς</span> <span class='ocrx_word' id='word_1_154' title='bbox 705 1411 742 1451; x_wconf 84' lang='grc' dir='ltr'>δὲ</span> <span class='ocrx_word' id='word_1_155' title='bbox 759 1411 820 1451; x_wconf 87' lang='grc' dir='ltr'>καὶ</span> <span class='ocrx_word' id='word_1_156' title='bbox 840 1412 907 1451; x_wconf 79' lang='grc' dir='ltr'>ὑπὸ</span> <span class='ocrx_word' id='word_1_157' title='bbox 925 1418 988 1456; x_wconf 84' lang='grc' dir='ltr'>τᾶς</span> <span class='ocrx_word' id='word_1_158' title='bbox 1007 1419 1153 1466; x_wconf 82' lang='grc' dir='ltr'>φυσικᾶς</span> <span class='ocrx_word' id='word_1_159' title='bbox 1173 1411 1385 1465; x_wconf 81' lang='grc' dir='ltr'>θερμότατος</span> 
     </span>
     <span class='ocr_line' id='line_1_21' title="bbox 336 1464 1384 1534; baseline 0 -25"><span class='ocrx_word' id='word_1_160' title='bbox 336 1470 631 1520; x_wconf 85' lang='grc' dir='ltr'>ἀπαναλουμένω.</span> <span class='ocrx_word' id='word_1_161' title='bbox 692 1464 892 1524; x_wconf 42' lang='lat' dir='ltr'>’motum‘</span> <span class='ocrx_word' id='word_1_162' title='bbox 866 1488 914 1510; x_wconf 80' lang='grc' dir='ltr'>ων</span> <span class='ocrx_word' id='word_1_163' title='bbox 933 1473 1240 1534; x_wconf 80' lang='grc' dir='ltr'>ἀντικαταχθῆμεν</span> <span class='ocrx_word' id='word_1_164' title='bbox 1256 1470 1296 1510; x_wconf 83' lang='grc' dir='ltr'>τὸ</span> <span class='ocrx_word' id='word_1_165' title='bbox 1310 1469 1384 1509; x_wconf 86' lang='grc' dir='ltr'>ἰ’σον</span> 
     </span>
     <span class='ocr_line' id='line_1_22' title="bbox 333 1524 1386 1582; baseline 0 -14"><span class='ocrx_word' id='word_1_166' title='bbox 333 1531 383 1581; x_wconf 78' lang='grc' dir='ltr'>τῶ</span> <span class='ocrx_word' id='word_1_167' title='bbox 403 1529 637 1576; x_wconf 83' lang='grc' dir='ltr'>ἀναλωθέντι,</span> <span class='ocrx_word' id='word_1_168' title='bbox 658 1531 687 1568; x_wconf 83' lang='grc' dir='ltr'>εἰ</span> <span class='ocrx_word' id='word_1_169' title='bbox 710 1529 745 1568; x_wconf 84' lang='grc' dir='ltr'>δὲ</span> <span class='ocrx_word' id='word_1_170' title='bbox 768 1530 841 1580; x_wconf 84' lang='grc' dir='ltr'>μή,</span> <span class='ocrx_word' id='word_1_171' title='bbox 855 1529 1026 1575; x_wconf 84' lang='grc' dir='ltr'>κενώσιας</span> <span class='ocrx_word' id='word_1_172' title='bbox 1043 1524 1163 1582; x_wconf 80' lang='grc' dir='ltr'>εἰμεν,</span> <span class='ocrx_word' id='word_1_173' title='bbox 1184 1529 1311 1582; x_wconf 82' lang='grc' dir='ltr'>ὅπερ’</span> <span class='ocrx_word' id='word_1_174' title='bbox 1291 1530 1386 1580; x_wconf 84' lang='grc' dir='ltr'>αμά-</span> 
     </span>
     <span class='ocr_line' id='line_1_23' title="bbox 333 1587 1383 1644; baseline 0.001 -18"><span class='ocrx_word' id='word_1_175' title='bbox 333 1603 455 1640; x_wconf 86' lang='grc' dir='ltr'>χανον.</span> <span class='ocrx_word' id='word_1_176' title='bbox 499 1589 592 1627; x_wconf 75' lang='grc' dir='ltr'>Οὐδὲ</span> <span class='ocrx_word' id='word_1_177' title='bbox 609 1587 676 1641; x_wconf 83' lang='grc' dir='ltr'>γὰρ</span> <span class='ocrx_word' id='word_1_178' title='bbox 698 1589 747 1628; x_wconf 86' lang='grc' dir='ltr'>ἔτι</span> <span class='ocrx_word' id='word_1_179' title='bbox 767 1588 820 1635; x_wconf 87' lang='grc' dir='ltr'>εἴη</span> <span class='ocrx_word' id='word_1_180' title='bbox 846 1604 892 1627; x_wconf 89' lang='grc' dir='ltr'>κα</span> <span class='ocrx_word' id='word_1_181' title='bbox 913 1589 1057 1644; x_wconf 81' lang='grc' dir='ltr'>σύρροον</span> <span class='ocrx_word' id='word_1_182' title='bbox 1081 1590 1140 1628; x_wconf 85' lang='grc' dir='ltr'>καὶ</span> <span class='ocrx_word' id='word_1_183' title='bbox 1161 1589 1196 1628; x_wconf 83' lang='grc' dir='ltr'>ἓν</span> <span class='ocrx_word' id='word_1_184' title='bbox 1214 1589 1257 1628; x_wconf 75' lang='grc' dir='ltr'>τὸ</span> <span class='ocrx_word' id='word_1_185' title='bbox 1273 1592 1359 1641; x_wconf 90' lang='grc' dir='ltr'>ζῶον</span> <span class='ocrx_word' id='word_1_186' title='bbox 1373 1619 1383 1638; x_wconf 93' lang='grc'>,</span> 
     </span>
     <span class='ocr_line' id='line_1_24' title="bbox 334 1645 1384 1700; baseline 0.002 -16"><span class='ocrx_word' id='word_1_187' title='bbox 334 1645 560 1699; x_wconf 90' lang='grc' dir='ltr'>διαιρωμένω</span> <span class='ocrx_word' id='word_1_188' title='bbox 579 1648 628 1684; x_wconf 84' lang='grc' dir='ltr'>τῶ</span> <span class='ocrx_word' id='word_1_189' title='bbox 660 1646 802 1691; x_wconf 83' lang='grc' dir='ltr'>σκάνεος</span> <span class='ocrx_word' id='word_1_190' title='bbox 833 1648 900 1687; x_wconf 75' lang='grc' dir='ltr'>ὑπὸ</span> <span class='ocrx_word' id='word_1_191' title='bbox 920 1650 968 1686; x_wconf 88' lang='grc' dir='ltr'>τῶ</span> <span class='ocrx_word' id='word_1_192' title='bbox 1000 1651 1103 1687; x_wconf 85' lang='grc' dir='ltr'>κενῶ.</span> <span class='ocrx_word' id='word_1_193' title='bbox 1162 1648 1196 1688; x_wconf 74' lang='lat' dir='ltr'>‘A</span> <span class='ocrx_word' id='word_1_194' title='bbox 1225 1649 1255 1686; x_wconf 86' lang='grc' dir='ltr'>δ’</span> <span class='ocrx_word' id='word_1_195' title='bbox 1280 1649 1384 1700; x_wconf 83' lang='grc' dir='ltr'>ὁμοία</span> 
     </span>
     <span class='ocr_line' id='line_1_25' title="bbox 333 1704 1384 1761; baseline 0.002 -18"><span class='ocrx_word' id='word_1_196' title='bbox 333 1704 561 1759; x_wconf 80' lang='grc' dir='ltr'>ὄργανοποιία</span> <span class='ocrx_word' id='word_1_197' title='bbox 580 1705 714 1756; x_wconf 89' lang='grc' dir='ltr'>γίνεται</span> <span class='ocrx_word' id='word_1_198' title='bbox 739 1706 800 1744; x_wconf 87' lang='grc' dir='ltr'>καὶ</span> <span class='ocrx_word' id='word_1_199' title='bbox 819 1706 877 1745; x_wconf 84' lang='grc' dir='ltr'>ἐπὶ</span> <span class='ocrx_word' id='word_1_200' title='bbox 897 1709 965 1746; x_wconf 86' lang='grc' dir='ltr'>τῶν</span> <span class='ocrx_word' id='word_1_201' title='bbox 989 1708 1134 1761; x_wconf 79' lang='grc' dir='ltr'>ἀψύχων</span> <span class='ocrx_word' id='word_1_202' title='bbox 1161 1707 1293 1747; x_wconf 80' lang='grc' dir='ltr'>καττὰν</span> <span class='ocrx_word' id='word_1_203' title='bbox 1322 1714 1384 1752; x_wconf 82' lang='grc' dir='ltr'>τᾶς</span> 
     </span>
     <span class='ocr_line' id='line_1_26' title="bbox 335 1764 1381 1819; baseline 0.003 -17"><span class='ocrx_word' id='word_1_204' title='bbox 335 1764 524 1809; x_wconf 89' lang='grc' dir='ltr'>ἀναπνοίας</span> <span class='ocrx_word' id='word_1_205' title='bbox 557 1764 764 1816; x_wconf 88' lang='grc' dir='ltr'>ἀναλογίαν·</span> <span class='ocrx_word' id='word_1_206' title='bbox 793 1767 814 1805; x_wconf 87' lang='grc' dir='ltr'>ἁ</span> <span class='ocrx_word' id='word_1_207' title='bbox 842 1766 911 1819; x_wconf 85' lang='grc' dir='ltr'>γὰρ</span> <span class='ocrx_word' id='word_1_208' title='bbox 934 1768 1038 1806; x_wconf 83' lang='grc' dir='ltr'>σικύα</span> <span class='ocrx_word' id='word_1_209' title='bbox 1072 1766 1191 1806; x_wconf 79' lang='grc' dir='ltr'>καὶτὸ</span> <span class='ocrx_word' id='word_1_210' title='bbox 1214 1766 1381 1818; x_wconf 82' lang='grc' dir='ltr'>ἤλεκτρον</span> 
     </span>
     <span class='ocr_line' id='line_1_27' title="bbox 333 1823 1384 1878; baseline 0.004 -17"><span class='ocrx_word' id='word_1_211' title='bbox 333 1823 462 1867; x_wconf 78' lang='grc' dir='ltr'>εἰκόνες</span> <span class='ocrx_word' id='word_1_212' title='bbox 490 1823 683 1868; x_wconf 80' lang='grc' dir='ltr'>ἀναπνοίας</span> <span class='ocrx_word' id='word_1_213' title='bbox 704 1824 787 1866; x_wconf 77' lang='grc' dir='ltr'>ἐντί.</span> <span class='ocrx_word' id='word_1_214' title='bbox 844 1824 924 1865; x_wconf 83' lang='grc' dir='ltr'>Ῥεῖ</span> <span class='ocrx_word' id='word_1_215' title='bbox 954 1825 1110 1878; x_wconf 80' lang='grc' dir='ltr'>γὰρ-διὰ</span> <span class='ocrx_word' id='word_1_216' title='bbox 1141 1828 1192 1864; x_wconf 86' lang='grc' dir='ltr'>τῶ</span> <span class='ocrx_word' id='word_1_217' title='bbox 1222 1825 1384 1876; x_wconf 85' lang='grc' dir='ltr'>σώματος</span> 
     </span>
     <span class='ocr_line' id='line_1_28' title="bbox 333 1882 1386 1937; baseline 0.001 -15"><span class='ocrx_word' id='word_1_218' title='bbox 333 1882 399 1928; x_wconf 84' lang='grc' dir='ltr'>ἔξω</span> <span class='ocrx_word' id='word_1_219' title='bbox 418 1883 541 1937; x_wconf 82' lang='grc' dir='ltr'>θύραζε</span> <span class='ocrx_word' id='word_1_220' title='bbox 561 1884 606 1922; x_wconf 89' lang='grc' dir='ltr'>τὰ</span> <span class='ocrx_word' id='word_1_221' title='bbox 634 1882 846 1935; x_wconf 86' lang='grc' dir='ltr'>πνεύματα,</span> <span class='ocrx_word' id='word_1_222' title='bbox 870 1884 1161 1936; x_wconf 83' lang='grc' dir='ltr'>ἀντεπεισάγεται</span> <span class='ocrx_word' id='word_1_223' title='bbox 1186 1884 1222 1924; x_wconf 85' lang='grc' dir='ltr'>δὲ</span> <span class='ocrx_word' id='word_1_224' title='bbox 1246 1884 1304 1924; x_wconf 78' lang='grc' dir='ltr'>διὰ</span> <span class='ocrx_word' id='word_1_225' title='bbox 1322 1891 1386 1930; x_wconf 85' lang='grc' dir='ltr'>τ’ἅς</span> 
     </span>
    </p>
   </div>
   <div class='ocr_carea' id='block_1_3' title="bbox 295 2033 1384 3551">
    <p class='ocr_par' dir='ltr' id='par_1_4' title="bbox 295 2033 1384 2728">
     <span class='ocr_line' id='line_1_29' title="bbox 334 2033 1384 2076; baseline 0.003 -12"><span class='ocrx_word' id='word_1_226' title='bbox 334 2042 449 2074; x_wconf 73' lang='lat' dir='ltr'>magua</span> <span class='ocrx_word' id='word_1_227' title='bbox 464 2034 531 2073; x_wconf 85' lang='lat' dir='ltr'>est,</span> <span class='ocrx_word' id='word_1_228' title='bbox 549 2033 611 2065; x_wconf 87' lang='lat' dir='ltr'>alia</span> <span class='ocrx_word' id='word_1_229' title='bbox 630 2033 791 2066; x_wconf 77' lang='lat' dir='ltr'>submissa</span> <span class='ocrx_word' id='word_1_230' title='bbox 808 2036 838 2066; x_wconf 86' lang='lat' dir='ltr'>et</span> <span class='ocrx_word' id='word_1_231' title='bbox 860 2036 1025 2067; x_wconf 86' lang='lat' dir='ltr'>contracta</span> <span class='ocrx_word' id='word_1_232' title='bbox 1039 2060 1047 2074; x_wconf 92' lang='lat'>‚</span> <span class='ocrx_word' id='word_1_233' title='bbox 1072 2044 1169 2076; x_wconf 85' lang='lat' dir='ltr'>parva</span> <span class='ocrx_word' id='word_1_234' title='bbox 1193 2048 1202 2068; x_wconf 89' lang='lat'><strong>:</strong></span> <span class='ocrx_word' id='word_1_235' title='bbox 1227 2035 1289 2067; x_wconf 89' lang='lat' dir='ltr'>alia</span> <span class='ocrx_word' id='word_1_236' title='bbox 1306 2044 1384 2067; x_wconf 88' lang='lat' dir='ltr'>vero</span> 
     </span>
     <span class='ocr_line' id='line_1_30' title="bbox 335 2092 1382 2134; baseline 0.001 -11"><span class='ocrx_word' id='word_1_237' title='bbox 335 2092 374 2123; x_wconf 90' lang='lat' dir='ltr'>ad</span> <span class='ocrx_word' id='word_1_238' title='bbox 408 2093 546 2124; x_wconf 86' lang='lat' dir='ltr'>rationes</span> <span class='ocrx_word' id='word_1_239' title='bbox 574 2092 712 2124; x_wconf 87' lang='lat' dir='ltr'>musicas</span> <span class='ocrx_word' id='word_1_240' title='bbox 733 2093 995 2134; x_wconf 88' lang='lat' dir='ltr'>accommodata,</span> <span class='ocrx_word' id='word_1_241' title='bbox 1022 2095 1181 2126; x_wconf 85' lang='lat' dir='ltr'>concinna</span> <span class='ocrx_word' id='word_1_242' title='bbox 1206 2096 1255 2126; x_wconf 78' lang='lat' dir='ltr'>est</span> <span class='ocrx_word' id='word_1_243' title='bbox 1280 2106 1289 2126; x_wconf 71' lang='grc' dir='ltr'>ι</span> <span class='ocrx_word' id='word_1_244' title='bbox 1320 2093 1382 2125; x_wconf 85' lang='lat' dir='ltr'>alia</span> 
     </span>
     <span class='ocr_line' id='line_1_31' title="bbox 336 2151 1383 2193; baseline 0.002 -11"><span class='ocrx_word' id='word_1_245' title='bbox 336 2151 470 2182; x_wconf 84' lang='lat' dir='ltr'>confusa</span> <span class='ocrx_word' id='word_1_246' title='bbox 496 2153 527 2183; x_wconf 90' lang='lat' dir='ltr'>et</span> <span class='ocrx_word' id='word_1_247' title='bbox 548 2151 730 2191; x_wconf 87' lang='lat' dir='ltr'>incondita,</span> <span class='ocrx_word' id='word_1_248' title='bbox 753 2152 871 2184; x_wconf 88' lang='lat' dir='ltr'>absona</span> <span class='ocrx_word' id='word_1_249' title='bbox 888 2155 982 2193; x_wconf 86' lang='lat' dir='ltr'>atque</span> <span class='ocrx_word' id='word_1_250' title='bbox 1005 2153 1143 2185; x_wconf 86' lang='lat' dir='ltr'>absurda</span> <span class='ocrx_word' id='word_1_251' title='bbox 1173 2154 1234 2186; x_wconf 88' lang='lat' dir='ltr'>est.</span> <span class='ocrx_word' id='word_1_252' title='bbox 1280 2155 1383 2191; x_wconf 87' lang='lat' dir='ltr'>Quar-</span> 
     </span>
     <span class='ocr_line' id='line_1_32' title="bbox 334 2211 1384 2253; baseline 0.003 -12"><span class='ocrx_word' id='word_1_253' title='bbox 334 2211 405 2241; x_wconf 89' lang='lat' dir='ltr'>tum</span> <span class='ocrx_word' id='word_1_254' title='bbox 427 2211 537 2242; x_wconf 87' lang='lat' dir='ltr'>autem</span> <span class='ocrx_word' id='word_1_255' title='bbox 556 2211 754 2242; x_wconf 79' lang='lat' dir='ltr'>sensibilium</span> <span class='ocrx_word' id='word_1_256' title='bbox 773 2220 872 2251; x_wconf 76' lang='lat' dir='ltr'>genus</span> <span class='ocrx_word' id='word_1_257' title='bbox 887 2212 1082 2252; x_wconf 80' lang='lat' dir='ltr'>multiplices</span> <span class='ocrx_word' id='word_1_258' title='bbox 1102 2212 1198 2244; x_wconf 84' lang='lat' dir='ltr'>babet</span> <span class='ocrx_word' id='word_1_259' title='bbox 1213 2212 1384 2253; x_wconf 85' lang='lat' dir='ltr'>variasque</span> 
     </span>
     <span class='ocr_line' id='line_1_33' title="bbox 334 2270 1384 2313; baseline 0.003 -12"><span class='ocrx_word' id='word_1_260' title='bbox 334 2270 456 2310; x_wconf 88' lang='lat' dir='ltr'>species</span> <span class='ocrx_word' id='word_1_261' title='bbox 475 2283 483 2303; x_wconf 88' lang='lat'><strong>:</strong></span> <span class='ocrx_word' id='word_1_262' title='bbox 500 2271 652 2302; x_wconf 84' lang='lat' dir='ltr'>caeterum</span> <span class='ocrx_word' id='word_1_263' title='bbox 670 2279 707 2302; x_wconf 91' lang='lat' dir='ltr'>ea</span> <span class='ocrx_word' id='word_1_264' title='bbox 727 2270 877 2302; x_wconf 87' lang='lat' dir='ltr'>dicuntur</span> <span class='ocrx_word' id='word_1_265' title='bbox 892 2271 1098 2312; x_wconf 87' lang='lat' dir='ltr'>aspectabilia</span> <span class='ocrx_word' id='word_1_266' title='bbox 1110 2296 1120 2312; x_wconf 85' lang='lat'>,</span> <span class='ocrx_word' id='word_1_267' title='bbox 1138 2281 1202 2313; x_wconf 92' lang='lat' dir='ltr'>quo</span> <span class='ocrx_word' id='word_1_268' title='bbox 1221 2280 1336 2312; x_wconf 78' lang='lat' dir='ltr'>genere</span> <span class='ocrx_word' id='word_1_269' title='bbox 1351 2272 1384 2304; x_wconf 87' lang='lat' dir='ltr'>et</span> 
     </span>
     <span class='ocr_line' id='line_1_34' title="bbox 338 2328 1382 2372; baseline 0.003 -12"><span class='ocrx_word' id='word_1_270' title='bbox 338 2328 419 2360; x_wconf 85' lang='lat' dir='ltr'>varii</span> <span class='ocrx_word' id='word_1_271' title='bbox 434 2329 558 2361; x_wconf 90' lang='lat' dir='ltr'>colores</span> <span class='ocrx_word' id='word_1_272' title='bbox 573 2331 605 2361; x_wconf 91' lang='lat' dir='ltr'>et</span> <span class='ocrx_word' id='word_1_273' title='bbox 622 2329 771 2362; x_wconf 75' lang='lat' dir='ltr'>coloratae</span> <span class='ocrx_word' id='word_1_274' title='bbox 788 2339 836 2362; x_wconf 92' lang='lat' dir='ltr'>res</span> <span class='ocrx_word' id='word_1_275' title='bbox 859 2333 1018 2362; x_wconf 76' lang='lat' dir='ltr'>sexcentae</span> <span class='ocrx_word' id='word_1_276' title='bbox 1034 2330 1352 2372; x_wconf 86' lang='lat' dir='ltr'>comprehenduntur</span> <span class='ocrx_word' id='word_1_277' title='bbox 1372 2342 1382 2364; x_wconf 71' lang='grc' dir='ltr'><strong><em>ε</em></strong></span> 
     </span>
     <span class='ocr_line' id='line_1_35' title="bbox 332 2389 1383 2431; baseline 0.002 -11"><span class='ocrx_word' id='word_1_278' title='bbox 332 2389 426 2429; x_wconf 89' lang='lat' dir='ltr'>primi</span> <span class='ocrx_word' id='word_1_279' title='bbox 449 2397 526 2421; x_wconf 91' lang='lat' dir='ltr'>vero</span> <span class='ocrx_word' id='word_1_280' title='bbox 553 2389 676 2421; x_wconf 80' lang='lat' dir='ltr'>colores</span> <span class='ocrx_word' id='word_1_281' title='bbox 700 2391 777 2422; x_wconf 90' lang='lat' dir='ltr'>sunt</span> <span class='ocrx_word' id='word_1_282' title='bbox 805 2391 972 2430; x_wconf 82' lang='lat' dir='ltr'>quattuor,</span> <span class='ocrx_word' id='word_1_283' title='bbox 989 2390 1082 2422; x_wconf 89' lang='lat' dir='ltr'>albus</span> <span class='ocrx_word' id='word_1_284' title='bbox 1095 2414 1104 2430; x_wconf 87' lang='lat'>,</span> <span class='ocrx_word' id='word_1_285' title='bbox 1125 2390 1227 2430; x_wconf 82' lang='lat' dir='ltr'>niger,</span> <span class='ocrx_word' id='word_1_286' title='bbox 1243 2389 1383 2431; x_wconf 71' lang='lat' dir='ltr'>splendi-</span> 
     </span>
     <span class='ocr_line' id='line_1_36' title="bbox 339 2448 1381 2490; baseline 0.001 -11"><span class='ocrx_word' id='word_1_287' title='bbox 339 2448 418 2486; x_wconf 89' lang='lat' dir='ltr'>dus,</span> <span class='ocrx_word' id='word_1_288' title='bbox 435 2449 591 2489; x_wconf 89' lang='lat' dir='ltr'>puniceus</span> <span class='ocrx_word' id='word_1_289' title='bbox 610 2459 618 2480; x_wconf 72' lang='grc' dir='ltr'>ε</span> <span class='ocrx_word' id='word_1_290' title='bbox 637 2449 750 2490; x_wconf 79' lang='lat' dir='ltr'>reliqui</span> <span class='ocrx_word' id='word_1_291' title='bbox 766 2449 850 2481; x_wconf 91' lang='lat' dir='ltr'>enim</span> <span class='ocrx_word' id='word_1_292' title='bbox 871 2458 911 2481; x_wconf 89' lang='lat' dir='ltr'>ex</span> <span class='ocrx_word' id='word_1_293' title='bbox 928 2449 976 2481; x_wconf 88' lang='lat' dir='ltr'>his</span> <span class='ocrx_word' id='word_1_294' title='bbox 997 2449 1164 2489; x_wconf 75' lang='lat' dir='ltr'>permixtis</span> <span class='ocrx_word' id='word_1_295' title='bbox 1176 2449 1381 2490; x_wconf 71' lang='lat' dir='ltr'>generantur.</span> 
     </span>
     <span class='ocr_line' id='line_1_37' title="bbox 336 2506 1383 2549; baseline 0.002 -11"><span class='ocrx_word' id='word_1_296' title='bbox 336 2506 436 2538; x_wconf 88' lang='lat' dir='ltr'>Albus</span> <span class='ocrx_word' id='word_1_297' title='bbox 473 2507 569 2547; x_wconf 79' lang='lat' dir='ltr'>igitur</span> <span class='ocrx_word' id='word_1_298' title='bbox 605 2508 693 2540; x_wconf 90' lang='lat' dir='ltr'>color</span> <span class='ocrx_word' id='word_1_299' title='bbox 727 2507 835 2539; x_wconf 81' lang='lat' dir='ltr'>visum</span> <span class='ocrx_word' id='word_1_300' title='bbox 880 2508 1046 2549; x_wconf 74' lang='lat' dir='ltr'>dispescit,</span> <span class='ocrx_word' id='word_1_301' title='bbox 1077 2508 1168 2548; x_wconf 78' lang='lat' dir='ltr'>niger</span> <span class='ocrx_word' id='word_1_302' title='bbox 1197 2507 1383 2548; x_wconf 89' lang='lat' dir='ltr'>confundit,</span> 
     </span>
     <span class='ocr_line' id='line_1_38' title="bbox 334 2560 1384 2608; baseline 0.004 -12"><span class='ocrx_word' id='word_1_303' title='bbox 334 2566 608 2606; x_wconf 82' lang='lat' dir='ltr'>quemadmodum</span> <span class='ocrx_word' id='word_1_304' title='bbox 627 2567 714 2598; x_wconf 79' lang='lat' dir='ltr'>calor</span> <span class='ocrx_word' id='word_1_305' title='bbox 739 2567 891 2599; x_wconf 72' lang='lat' dir='ltr'>diffundit</span> <span class='ocrx_word' id='word_1_306' title='bbox 909 2571 1048 2607; x_wconf 86' lang='lat' dir='ltr'>laetum,</span> <span class='ocrx_word' id='word_1_307' title='bbox 1060 2560 1170 2608; x_wconf 52' lang='lat' dir='ltr'>&#39;rigus</span> <span class='ocrx_word' id='word_1_308' title='bbox 1194 2567 1384 2600; x_wconf 81' lang='lat' dir='ltr'>contrahere</span> 
     </span>
     <span class='ocr_line' id='line_1_39' title="bbox 335 2624 1382 2667; baseline 0.002 -12"><span class='ocrx_word' id='word_1_309' title='bbox 335 2627 458 2664; x_wconf 85' lang='lat' dir='ltr'>polest,</span> <span class='ocrx_word' id='word_1_310' title='bbox 474 2627 506 2656; x_wconf 88' lang='lat' dir='ltr'>et</span> <span class='ocrx_word' id='word_1_311' title='bbox 528 2624 684 2656; x_wconf 79' lang='lat' dir='ltr'>acerbitas</span> <span class='ocrx_word' id='word_1_312' title='bbox 702 2634 833 2666; x_wconf 88' lang='lat' dir='ltr'>quoque</span> <span class='ocrx_word' id='word_1_313' title='bbox 856 2627 983 2666; x_wconf 77' lang='lat' dir='ltr'>gustum</span> <span class='ocrx_word' id='word_1_314' title='bbox 1010 2625 1216 2667; x_wconf 76' lang='lat' dir='ltr'>contrahere,</span> <span class='ocrx_word' id='word_1_315' title='bbox 1244 2625 1382 2658; x_wconf 88' lang='lat' dir='ltr'>acrimo-</span> 
     </span>
     <span class='ocr_line' id='line_1_40' title="bbox 295 2683 757 2728; baseline 0.004 -14"><span class='ocrx_word' id='word_1_316' title='bbox 295 2724 297 2728; x_wconf 61' lang='lat'>,</span> <span class='ocrx_word' id='word_1_317' title='bbox 335 2684 386 2715; x_wconf 89' lang='lat' dir='ltr'>uia</span> <span class='ocrx_word' id='word_1_318' title='bbox 407 2692 481 2714; x_wconf 88' lang='lat' dir='ltr'>vero</span> <span class='ocrx_word' id='word_1_319' title='bbox 501 2683 650 2716; x_wconf 81' lang='lat' dir='ltr'>diducere</span> <span class='ocrx_word' id='word_1_320' title='bbox 666 2684 757 2717; x_wconf 89' lang='lat' dir='ltr'>solet.</span> 
     </span>
    </p>

    <p class='ocr_par' dir='ltr' id='par_1_5' title="bbox 334 2741 1384 3551">
     <span class='ocr_line' id='line_1_41' title="bbox 377 2741 1384 2786; baseline 0.001 -12"><span class='ocrx_word' id='word_1_321' title='bbox 377 2741 396 2783; x_wconf 84' lang='lat'>§</span> <span class='ocrx_word' id='word_1_322' title='bbox 421 2745 450 2774; x_wconf 85' lang='lat'>9.</span> <span class='ocrx_word' id='word_1_323' title='bbox 476 2744 633 2774; x_wconf 84' lang='lat' dir='ltr'>Praeterea</span> <span class='ocrx_word' id='word_1_324' title='bbox 656 2742 841 2775; x_wconf 86' lang='lat' dir='ltr'>animalium</span> <span class='ocrx_word' id='word_1_325' title='bbox 871 2744 1035 2776; x_wconf 85' lang='lat' dir='ltr'>aeriorum</span> <span class='ocrx_word' id='word_1_326' title='bbox 1053 2753 1171 2786; x_wconf 88' lang='lat' dir='ltr'>corpus</span> <span class='ocrx_word' id='word_1_327' title='bbox 1191 2744 1224 2776; x_wconf 88' lang='lat' dir='ltr'>et</span> <span class='ocrx_word' id='word_1_328' title='bbox 1243 2743 1384 2776; x_wconf 88' lang='lat' dir='ltr'>nutritur</span> 
     </span>
     <span class='ocr_line' id='line_1_42' title="bbox 335 2800 1383 2843; baseline 0.002 -10"><span class='ocrx_word' id='word_1_329' title='bbox 335 2804 367 2833; x_wconf 90' lang='lat' dir='ltr'>et</span> <span class='ocrx_word' id='word_1_330' title='bbox 386 2803 605 2842; x_wconf 79' lang='lat' dir='ltr'>conservatur,</span> <span class='ocrx_word' id='word_1_331' title='bbox 622 2800 700 2832; x_wconf 90' lang='lat' dir='ltr'>dum</span> <span class='ocrx_word' id='word_1_332' title='bbox 722 2802 909 2834; x_wconf 83' lang='lat' dir='ltr'>alimentum</span> <span class='ocrx_word' id='word_1_333' title='bbox 934 2812 989 2843; x_wconf 86' lang='lat' dir='ltr'>per</span> <span class='ocrx_word' id='word_1_334' title='bbox 1015 2812 1113 2835; x_wconf 86' lang='lat' dir='ltr'>venas</span> <span class='ocrx_word' id='word_1_335' title='bbox 1137 2803 1169 2835; x_wconf 89' lang='lat' dir='ltr'>in</span> <span class='ocrx_word' id='word_1_336' title='bbox 1198 2803 1383 2835; x_wconf 78' lang='lat' dir='ltr'>universam</span> 
     </span>
     <span class='ocr_line' id='line_1_43' title="bbox 336 2859 1384 2903; baseline 0.002 -11"><span class='ocrx_word' id='word_1_337' title='bbox 336 2860 478 2901; x_wconf 88' lang='lat' dir='ltr'>corporis</span> <span class='ocrx_word' id='word_1_338' title='bbox 494 2859 612 2892; x_wconf 83' lang='lat' dir='ltr'>molem</span> <span class='ocrx_word' id='word_1_339' title='bbox 630 2860 833 2892; x_wconf 84' lang='lat' dir='ltr'>distribuitur</span> <span class='ocrx_word' id='word_1_340' title='bbox 848 2863 880 2893; x_wconf 92' lang='lat' dir='ltr'>et</span> <span class='ocrx_word' id='word_1_341' title='bbox 893 2861 1054 2894; x_wconf 79' lang='lat' dir='ltr'>affluentia</span> <span class='ocrx_word' id='word_1_342' title='bbox 1070 2862 1209 2903; x_wconf 88' lang='lat' dir='ltr'>quadam</span> <span class='ocrx_word' id='word_1_343' title='bbox 1226 2862 1314 2894; x_wconf 88' lang='lat' dir='ltr'>velut</span> <span class='ocrx_word' id='word_1_344' title='bbox 1329 2870 1384 2903; x_wconf 81' lang='lat' dir='ltr'>per</span> 
     </span>
     <span class='ocr_line' id='line_1_44' title="bbox 338 2918 1381 2961; baseline 0.002 -11"><span class='ocrx_word' id='word_1_345' title='bbox 338 2919 464 2950; x_wconf 84' lang='lat' dir='ltr'>canales</span> <span class='ocrx_word' id='word_1_346' title='bbox 485 2918 649 2950; x_wconf 87' lang='lat' dir='ltr'>derivatur</span> <span class='ocrx_word' id='word_1_347' title='bbox 674 2920 770 2959; x_wconf 87' lang='lat' dir='ltr'>atque</span> <span class='ocrx_word' id='word_1_348' title='bbox 796 2928 814 2950; x_wconf 88' lang='lat' dir='ltr'>a</span> <span class='ocrx_word' id='word_1_349' title='bbox 844 2920 955 2960; x_wconf 82' lang='lat' dir='ltr'>spiritu</span> <span class='ocrx_word' id='word_1_350' title='bbox 978 2921 1139 2961; x_wconf 85' lang='lat' dir='ltr'>irrigatur,</span> <span class='ocrx_word' id='word_1_351' title='bbox 1163 2921 1217 2961; x_wconf 88' lang='lat' dir='ltr'>qui</span> <span class='ocrx_word' id='word_1_352' title='bbox 1242 2921 1319 2954; x_wconf 88' lang='lat' dir='ltr'>illud</span> <span class='ocrx_word' id='word_1_353' title='bbox 1342 2921 1381 2953; x_wconf 87' lang='lat' dir='ltr'>ad</span> 
     </span>
     <span class='ocr_line' id='line_1_45' title="bbox 334 2978 1383 3021; baseline 0.003 -12"><span class='ocrx_word' id='word_1_354' title='bbox 334 2979 496 3010; x_wconf 85' lang='lat' dir='ltr'>extremas</span> <span class='ocrx_word' id='word_1_355' title='bbox 509 2978 613 3017; x_wconf 88' lang='lat' dir='ltr'>partes</span> <span class='ocrx_word' id='word_1_356' title='bbox 627 2980 716 3008; x_wconf 80' lang='lat' dir='ltr'>motu</span> <span class='ocrx_word' id='word_1_357' title='bbox 736 2978 856 3009; x_wconf 84' lang='lat' dir='ltr'>efficaci</span> <span class='ocrx_word' id='word_1_358' title='bbox 871 2978 1034 3012; x_wconf 77' lang='lat' dir='ltr'>diffundit.</span> <span class='ocrx_word' id='word_1_359' title='bbox 1080 2980 1260 3021; x_wconf 84' lang='lat' dir='ltr'>Respiratio</span> <span class='ocrx_word' id='word_1_360' title='bbox 1276 2981 1383 3012; x_wconf 85' lang='lat' dir='ltr'>autem</span> 
     </span>
     <span class='ocr_line' id='line_1_46' title="bbox 336 3036 1378 3077; baseline 0.003 -9"><span class='ocrx_word' id='word_1_361' title='bbox 336 3037 388 3076; x_wconf 85' lang='lat' dir='ltr'>fit,</span> <span class='ocrx_word' id='word_1_362' title='bbox 408 3045 507 3077; x_wconf 91' lang='lat' dir='ltr'>quum</span> <span class='ocrx_word' id='word_1_363' title='bbox 525 3036 601 3067; x_wconf 85' lang='lat' dir='ltr'>nihil</span> <span class='ocrx_word' id='word_1_364' title='bbox 618 3036 711 3067; x_wconf 87' lang='lat' dir='ltr'>vacui</span> <span class='ocrx_word' id='word_1_365' title='bbox 726 3036 755 3067; x_wconf 94' lang='lat' dir='ltr'>in</span> <span class='ocrx_word' id='word_1_366' title='bbox 773 3045 879 3068; x_wconf 84' lang='lat' dir='ltr'>rerum</span> <span class='ocrx_word' id='word_1_367' title='bbox 896 3041 1010 3069; x_wconf 89' lang='lat' dir='ltr'>natura</span> <span class='ocrx_word' id='word_1_368' title='bbox 1034 3039 1094 3077; x_wconf 84' lang='lat' dir='ltr'>sit3</span> <span class='ocrx_word' id='word_1_369' title='bbox 1116 3048 1168 3070; x_wconf 81' lang='lat' dir='ltr'>aer</span> <span class='ocrx_word' id='word_1_370' title='bbox 1184 3049 1260 3071; x_wconf 88' lang='lat' dir='ltr'>vero</span> <span class='ocrx_word' id='word_1_371' title='bbox 1279 3041 1312 3072; x_wconf 85' lang='lat' dir='ltr'>et</span> <span class='ocrx_word' id='word_1_372' title='bbox 1326 3041 1378 3071; x_wconf 85' lang='lat' dir='ltr'>at-</span> 
     </span>
     <span class='ocr_line' id='line_1_47' title="bbox 336 3094 1384 3139; baseline 0.003 -12"><span class='ocrx_word' id='word_1_373' title='bbox 336 3096 476 3128; x_wconf 84' lang='lat' dir='ltr'>trabitur</span> <span class='ocrx_word' id='word_1_374' title='bbox 499 3098 532 3127; x_wconf 89' lang='lat' dir='ltr'>et</span> <span class='ocrx_word' id='word_1_375' title='bbox 552 3094 656 3126; x_wconf 86' lang='lat' dir='ltr'>influit</span> <span class='ocrx_word' id='word_1_376' title='bbox 676 3095 707 3126; x_wconf 89' lang='lat' dir='ltr'>in</span> <span class='ocrx_word' id='word_1_377' title='bbox 732 3096 837 3126; x_wconf 88' lang='lat' dir='ltr'>locum</span> <span class='ocrx_word' id='word_1_378' title='bbox 863 3095 931 3135; x_wconf 82' lang='lat' dir='ltr'>ejus</span> <span class='ocrx_word' id='word_1_379' title='bbox 951 3097 1004 3137; x_wconf 89' lang='lat' dir='ltr'>qui</span> <span class='ocrx_word' id='word_1_380' title='bbox 1035 3098 1161 3129; x_wconf 85' lang='lat' dir='ltr'>effluxit</span> <span class='ocrx_word' id='word_1_381' title='bbox 1186 3107 1244 3139; x_wconf 86' lang='lat' dir='ltr'>per</span> <span class='ocrx_word' id='word_1_382' title='bbox 1276 3099 1384 3130; x_wconf 82' lang='lat' dir='ltr'>oscula</span> 
     </span>
     <span class='ocr_line' id='line_1_48' title="bbox 335 3154 1384 3198; baseline 0.002 -11"><span class='ocrx_word' id='word_1_383' title='bbox 335 3155 527 3194; x_wconf 85' lang='lat' dir='ltr'>invisibilia,</span> <span class='ocrx_word' id='word_1_384' title='bbox 552 3163 570 3186; x_wconf 93' lang='lat' dir='ltr'>e</span> <span class='ocrx_word' id='word_1_385' title='bbox 610 3154 729 3195; x_wconf 89' lang='lat' dir='ltr'>quibus</span> <span class='ocrx_word' id='word_1_386' title='bbox 757 3154 853 3186; x_wconf 89' lang='lat' dir='ltr'>etiam</span> <span class='ocrx_word' id='word_1_387' title='bbox 883 3155 981 3187; x_wconf 87' lang='lat' dir='ltr'>sudor</span> <span class='ocrx_word' id='word_1_388' title='bbox 1006 3156 1182 3197; x_wconf 89' lang='lat' dir='ltr'>madorque</span> <span class='ocrx_word' id='word_1_389' title='bbox 1220 3158 1384 3198; x_wconf 85' lang='lat' dir='ltr'>perspicue</span> 
     </span>
     <span class='ocr_line' id='line_1_49' title="bbox 338 3213 1383 3256; baseline 0.001 -9"><span class='ocrx_word' id='word_1_390' title='bbox 338 3215 465 3248; x_wconf 69' lang='lat' dir='ltr'>exsistit</span> <span class='ocrx_word' id='word_1_391' title='bbox 483 3215 514 3246; x_wconf 91' lang='lat' dir='ltr'>in</span> <span class='ocrx_word' id='word_1_392' title='bbox 535 3213 704 3254; x_wconf 84' lang='lat' dir='ltr'>superficie</span> <span class='ocrx_word' id='word_1_393' title='bbox 728 3214 831 3254; x_wconf 89' lang='lat' dir='ltr'>cutis,</span> <span class='ocrx_word' id='word_1_394' title='bbox 856 3218 946 3255; x_wconf 81' lang='lat' dir='ltr'>parte</span> <span class='ocrx_word' id='word_1_395' title='bbox 965 3215 1061 3246; x_wconf 91' lang='lat' dir='ltr'>simul</span> <span class='ocrx_word' id='word_1_396' title='bbox 1083 3216 1153 3255; x_wconf 84' lang='lat' dir='ltr'>ejus</span> <span class='ocrx_word' id='word_1_397' title='bbox 1171 3225 1227 3256; x_wconf 87' lang='lat' dir='ltr'>per</span> <span class='ocrx_word' id='word_1_398' title='bbox 1253 3218 1383 3248; x_wconf 83' lang='lat' dir='ltr'>naturu-</span> 
     </span>
     <span class='ocr_line' id='line_1_50' title="bbox 337 3274 1383 3314; baseline 0.001 -8"><span class='ocrx_word' id='word_1_399' title='bbox 337 3275 401 3307; x_wconf 83' lang='lat' dir='ltr'>lem</span> <span class='ocrx_word' id='word_1_400' title='bbox 424 3274 564 3306; x_wconf 87' lang='lat' dir='ltr'>calorem</span> <span class='ocrx_word' id='word_1_401' title='bbox 584 3274 749 3314; x_wconf 88' lang='lat' dir='ltr'>pereunte.</span> <span class='ocrx_word' id='word_1_402' title='bbox 794 3275 929 3306; x_wconf 76' lang='lat' dir='ltr'>Necesse</span> <span class='ocrx_word' id='word_1_403' title='bbox 943 3274 1038 3312; x_wconf 79' lang='lat' dir='ltr'>igitur</span> <span class='ocrx_word' id='word_1_404' title='bbox 1061 3276 1109 3305; x_wconf 90' lang='lat' dir='ltr'>est</span> <span class='ocrx_word' id='word_1_405' title='bbox 1127 3274 1265 3307; x_wconf 88' lang='lat' dir='ltr'>vicissim</span> <span class='ocrx_word' id='word_1_406' title='bbox 1282 3275 1383 3307; x_wconf 86' lang='lat' dir='ltr'>intro-</span> 
     </span>
     <span class='ocr_line' id='line_1_51' title="bbox 339 3332 1383 3373; baseline 0.002 -9"><span class='ocrx_word' id='word_1_407' title='bbox 339 3333 413 3364; x_wconf 85' lang='lat' dir='ltr'>duci</span> <span class='ocrx_word' id='word_1_408' title='bbox 432 3334 556 3364; x_wconf 89' lang='lat' dir='ltr'>motum</span> <span class='ocrx_word' id='word_1_409' title='bbox 583 3334 777 3372; x_wconf 88' lang='lat' dir='ltr'>consumpto</span> <span class='ocrx_word' id='word_1_410' title='bbox 811 3332 988 3372; x_wconf 81' lang='lat' dir='ltr'>aequalem3</span> <span class='ocrx_word' id='word_1_411' title='bbox 1017 3332 1063 3363; x_wconf 79' lang='lat' dir='ltr'>siu</span> <span class='ocrx_word' id='word_1_412' title='bbox 1094 3333 1215 3373; x_wconf 86' lang='lat' dir='ltr'>minus,</span> <span class='ocrx_word' id='word_1_413' title='bbox 1245 3343 1383 3367; x_wconf 84' lang='lat' dir='ltr'>vacuum</span> 
     </span>
     <span class='ocr_line' id='line_1_52' title="bbox 338 3391 1384 3434; baseline 0.002 -11"><span class='ocrx_word' id='word_1_414' title='bbox 338 3391 460 3432; x_wconf 90' lang='lat' dir='ltr'>aliquid</span> <span class='ocrx_word' id='word_1_415' title='bbox 489 3392 522 3423; x_wconf 92' lang='lat' dir='ltr'>in</span> <span class='ocrx_word' id='word_1_416' title='bbox 545 3400 652 3423; x_wconf 86' lang='lat' dir='ltr'>rerum</span> <span class='ocrx_word' id='word_1_417' title='bbox 669 3393 783 3422; x_wconf 85' lang='lat' dir='ltr'>natura</span> <span class='ocrx_word' id='word_1_418' title='bbox 801 3399 886 3431; x_wconf 84' lang='lat' dir='ltr'>esse,</span> <span class='ocrx_word' id='word_1_419' title='bbox 910 3391 994 3432; x_wconf 91' lang='lat' dir='ltr'>quod</span> <span class='ocrx_word' id='word_1_420' title='bbox 1014 3392 1079 3423; x_wconf 90' lang='lat' dir='ltr'>fieri</span> <span class='ocrx_word' id='word_1_421' title='bbox 1107 3392 1229 3432; x_wconf 81' lang='lat' dir='ltr'>nequit.</span> <span class='ocrx_word' id='word_1_422' title='bbox 1275 3394 1384 3434; x_wconf 83' lang='lat' dir='ltr'>Neque</span> 
     </span>
     <span class='ocr_line' id='line_1_53' title="bbox 341 3449 1384 3493; baseline 0.002 -11"><span class='ocrx_word' id='word_1_423' title='bbox 341 3450 424 3482; x_wconf 80' lang='lat' dir='ltr'>enim</span> <span class='ocrx_word' id='word_1_424' title='bbox 442 3450 580 3491; x_wconf 86' lang='lat' dir='ltr'>amplius</span> <span class='ocrx_word' id='word_1_425' title='bbox 596 3449 769 3481; x_wconf 77' lang='lat' dir='ltr'>conflatum</span> <span class='ocrx_word' id='word_1_426' title='bbox 798 3450 916 3482; x_wconf 85' lang='lat' dir='ltr'>animal</span> <span class='ocrx_word' id='word_1_427' title='bbox 932 3454 964 3482; x_wconf 87' lang='lat' dir='ltr'>et</span> <span class='ocrx_word' id='word_1_428' title='bbox 982 3459 1080 3482; x_wconf 89' lang='lat' dir='ltr'>unum</span> <span class='ocrx_word' id='word_1_429' title='bbox 1105 3454 1204 3489; x_wconf 87' lang='lat' dir='ltr'>esset,</span> <span class='ocrx_word' id='word_1_430' title='bbox 1223 3451 1249 3483; x_wconf 90' lang='lat' dir='ltr'>si</span> <span class='ocrx_word' id='word_1_431' title='bbox 1268 3461 1384 3493; x_wconf 88' lang='lat' dir='ltr'>corpus</span> 
     </span>
     <span class='ocr_line' id='line_1_54' title="bbox 341 3509 1382 3551; baseline 0.002 -10"><span class='ocrx_word' id='word_1_432' title='bbox 341 3518 440 3541; x_wconf 83' lang='lat' dir='ltr'>vacuo</span> <span class='ocrx_word' id='word_1_433' title='bbox 469 3509 678 3542; x_wconf 84' lang='lat' dir='ltr'>divideretur.</span> <span class='ocrx_word' id='word_1_434' title='bbox 724 3509 845 3542; x_wconf 74' lang='lat' dir='ltr'>SImilis</span> <span class='ocrx_word' id='word_1_435' title='bbox 861 3518 989 3551; x_wconf 89' lang='lat' dir='ltr'>quoque</span> <span class='ocrx_word' id='word_1_436' title='bbox 1006 3510 1294 3543; x_wconf 83' lang='lat' dir='ltr'>instrumentorum</span> <span class='ocrx_word' id='word_1_437' title='bbox 1318 3521 1382 3543; x_wconf 89' lang='lat' dir='ltr'>ma-</span> 
     </span>
    </p>
   </div>
   <div class='ocr_carea' id='block_1_4' title="bbox 1445 340 2538 1936">
    <p class='ocr_par' dir='ltr' id='par_1_6' title="bbox 1446 340 2498 1102">
     <span class='ocr_line' id='line_1_55' title="bbox 1446 340 2490 402; baseline -0.003 -15"><span class='ocrx_word' id='word_1_438' title='bbox 1446 348 1639 393; x_wconf 84' lang='grc' dir='ltr'>ἀναπνοίας</span> <span class='ocrx_word' id='word_1_439' title='bbox 1657 349 1707 402; x_wconf 80' lang='grc' dir='ltr'>τῷ</span> <span class='ocrx_word' id='word_1_440' title='bbox 1732 364 1769 387; x_wconf 82' lang='grc' dir='ltr'>τε</span> <span class='ocrx_word' id='word_1_441' title='bbox 1791 347 1941 398; x_wconf 84' lang='grc' dir='ltr'>στόματι</span> <span class='ocrx_word' id='word_1_442' title='bbox 1961 346 2021 387; x_wconf 81' lang='grc' dir='ltr'>καὶ</span> <span class='ocrx_word' id='word_1_443' title='bbox 2042 347 2117 392; x_wconf 80' lang='grc' dir='ltr'>ταῖς</span> <span class='ocrx_word' id='word_1_444' title='bbox 2148 347 2235 401; x_wconf 79' lang='grc' dir='ltr'>ῥισίν</span> <span class='ocrx_word' id='word_1_445' title='bbox 2249 376 2259 395; x_wconf 93' lang='grc'>,</span> <span class='ocrx_word' id='word_1_446' title='bbox 2282 340 2357 385; x_wconf 69' lang='grc' dir='ltr'>εἶτα</span> <span class='ocrx_word' id='word_1_447' title='bbox 2384 345 2490 385; x_wconf 78' lang='grc' dir='ltr'>πάλιν</span> 
     </span>
     <span class='ocr_line' id='line_1_56' title="bbox 1447 402 2493 461; baseline -0.004 -13"><span class='ocrx_word' id='word_1_448' title='bbox 1447 402 1516 448; x_wconf 74' lang='grc' dir='ltr'>οἷον</span> <span class='ocrx_word' id='word_1_449' title='bbox 1538 406 1675 461; x_wconf 78' lang='grc' dir='ltr'>εὔριπος</span> <span class='ocrx_word' id='word_1_450' title='bbox 1694 406 1962 460; x_wconf 84' lang='grc' dir='ltr'>ἀντεπιφέρεται</span> <span class='ocrx_word' id='word_1_451' title='bbox 1981 407 2028 450; x_wconf 82' lang='grc' dir='ltr'>εἷς</span> <span class='ocrx_word' id='word_1_452' title='bbox 2045 405 2086 445; x_wconf 84' lang='grc' dir='ltr'>τὸ</span> <span class='ocrx_word' id='word_1_453' title='bbox 2101 408 2204 457; x_wconf 83' lang='grc' dir='ltr'>σῶμα</span> <span class='ocrx_word' id='word_1_454' title='bbox 2215 434 2227 452; x_wconf 84' lang='grc'>,</span> <span class='ocrx_word' id='word_1_455' title='bbox 2246 405 2285 444; x_wconf 84' lang='grc' dir='ltr'>τὸ</span> <span class='ocrx_word' id='word_1_456' title='bbox 2301 404 2337 444; x_wconf 81' lang='grc' dir='ltr'>δὲ</span> <span class='ocrx_word' id='word_1_457' title='bbox 2353 403 2493 444; x_wconf 80' lang='grc' dir='ltr'>ἀνατεί-</span> 
     </span>
     <span class='ocr_line' id='line_1_57' title="bbox 1446 464 2493 519; baseline -0.004 -13"><span class='ocrx_word' id='word_1_458' title='bbox 1446 483 1544 507; x_wconf 88' lang='grc' dir='ltr'>νεται</span> <span class='ocrx_word' id='word_1_459' title='bbox 1577 466 1709 511; x_wconf 81' lang='grc' dir='ltr'>καττὰς</span> <span class='ocrx_word' id='word_1_460' title='bbox 1729 466 1879 519; x_wconf 81' lang='grc' dir='ltr'>εἷσροᾶς.</span> <span class='ocrx_word' id='word_1_461' title='bbox 1938 468 1974 505; x_wconf 77' lang='grc' dir='ltr'>Ἀ</span> <span class='ocrx_word' id='word_1_462' title='bbox 2002 465 2039 504; x_wconf 87' lang='grc' dir='ltr'>δὲ</span> <span class='ocrx_word' id='word_1_463' title='bbox 2075 464 2179 504; x_wconf 81' lang='grc' dir='ltr'>σικύα</span> <span class='ocrx_word' id='word_1_464' title='bbox 2208 464 2493 508; x_wconf 82' lang='grc' dir='ltr'>ἀπαναλωθέντος</span> 
     </span>
     <span class='ocr_line' id='line_1_58' title="bbox 1446 523 2492 578; baseline -0.004 -12"><span class='ocrx_word' id='word_1_465' title='bbox 1446 526 1512 566; x_wconf 80' lang='grc' dir='ltr'>ὑπὸ</span> <span class='ocrx_word' id='word_1_466' title='bbox 1539 529 1589 566; x_wconf 87' lang='grc' dir='ltr'>τῶ</span> <span class='ocrx_word' id='word_1_467' title='bbox 1618 526 1728 578; x_wconf 86' lang='grc' dir='ltr'>πυρὸς</span> <span class='ocrx_word' id='word_1_468' title='bbox 1747 529 1796 565; x_wconf 87' lang='grc' dir='ltr'>τῶ</span> <span class='ocrx_word' id='word_1_469' title='bbox 1828 525 1929 577; x_wconf 84' lang='grc' dir='ltr'>ἀέρος</span> <span class='ocrx_word' id='word_1_470' title='bbox 1967 524 2154 578; x_wconf 79' lang='grc' dir='ltr'>ἐφέλκεται</span> <span class='ocrx_word' id='word_1_471' title='bbox 2189 524 2228 563; x_wconf 86' lang='grc' dir='ltr'>τὸ</span> <span class='ocrx_word' id='word_1_472' title='bbox 2248 524 2369 576; x_wconf 71' lang='grc' dir='ltr'>ὑγρόν·</span> <span class='ocrx_word' id='word_1_473' title='bbox 2390 523 2431 563; x_wconf 76' lang='grc' dir='ltr'>τὸ</span> <span class='ocrx_word' id='word_1_474' title='bbox 2460 523 2492 562; x_wconf 83' lang='grc' dir='ltr'>δ’</span> 
     </span>
     <span class='ocr_line' id='line_1_59' title="bbox 1447 581 2496 656; baseline 0 -34"><span class='ocrx_word' id='word_1_475' title='bbox 1447 582 1615 639; x_wconf 86' lang='grc' dir='ltr'>ἤλεκτρον</span> <span class='ocrx_word' id='word_1_476' title='bbox 1620 584 1854 656; x_wconf 52' lang='lat' dir='ltr'>fxxpoefls&#39;vroc</span> <span class='ocrx_word' id='word_1_477' title='bbox 1883 587 1934 622; x_wconf 87' lang='grc' dir='ltr'>τῶ</span> <span class='ocrx_word' id='word_1_478' title='bbox 1963 582 2163 634; x_wconf 80' lang='grc' dir='ltr'>πνεύματος</span> <span class='ocrx_word' id='word_1_479' title='bbox 2194 582 2437 636; x_wconf 71' lang='grc' dir='ltr'>ἀναλαμὸἄνιι</span> <span class='ocrx_word' id='word_1_480' title='bbox 2455 581 2496 622; x_wconf 75' lang='grc' dir='ltr'>τὸ</span> 
     </span>
     <span class='ocr_line' id='line_1_60' title="bbox 1447 641 2496 713; baseline -0.001 -31"><span class='ocrx_word' id='word_1_481' title='bbox 1447 642 1564 695; x_wconf 84' lang='grc' dir='ltr'>ὅμοιον</span> <span class='ocrx_word' id='word_1_482' title='bbox 1594 647 1714 695; x_wconf 87' lang='grc' dir='ltr'>σῶμα.</span> <span class='ocrx_word' id='word_1_483' title='bbox 1773 646 1807 683; x_wconf 84' lang='grc' dir='ltr'><strong>Γ</strong></span> <span class='ocrx_word' id='word_1_484' title='bbox 1810 659 1898 697; x_wconf 74' lang='grc' dir='ltr'>ροφα</span> <span class='ocrx_word' id='word_1_485' title='bbox 1932 643 1969 682; x_wconf 79' lang='grc' dir='ltr'>δὲ</span> <span class='ocrx_word' id='word_1_486' title='bbox 1995 649 2094 682; x_wconf 87' lang='grc' dir='ltr'>πασα</span> <span class='ocrx_word' id='word_1_487' title='bbox 2127 642 2196 681; x_wconf 86' lang='grc' dir='ltr'>ἀπο</span> <span class='ocrx_word' id='word_1_488' title='bbox 2218 642 2312 713; x_wconf 46' lang='grc' dir='ltr'>ρίζαης</span> <span class='ocrx_word' id='word_1_489' title='bbox 2337 641 2400 694; x_wconf 73' lang='grc' dir='ltr'>μὲν</span> <span class='ocrx_word' id='word_1_490' title='bbox 2433 647 2496 687; x_wconf 75' lang='grc' dir='ltr'>τᾶς</span> 
     </span>
     <span class='ocr_line' id='line_1_61' title="bbox 1448 700 2494 774; baseline -0.002 -33"><span class='ocrx_word' id='word_1_491' title='bbox 1448 703 1614 755; x_wconf 83' lang='grc' dir='ltr'>καρδίας,</span> <span class='ocrx_word' id='word_1_492' title='bbox 1642 709 1759 755; x_wconf 82' lang='grc' dir='ltr'>παγᾶς</span> <span class='ocrx_word' id='word_1_493' title='bbox 1781 702 1816 741; x_wconf 81' lang='grc' dir='ltr'>δὲ</span> <span class='ocrx_word' id='word_1_494' title='bbox 1838 708 1902 746; x_wconf 79' lang='grc' dir='ltr'>τᾶς</span> <span class='ocrx_word' id='word_1_495' title='bbox 1918 702 2051 746; x_wconf 86' lang='grc' dir='ltr'>κοιλίας</span> <span class='ocrx_word' id='word_1_496' title='bbox 2072 701 2240 753; x_wconf 82' lang='grc' dir='ltr'>ἐπάγεται</span> <span class='ocrx_word' id='word_1_497' title='bbox 2256 703 2307 755; x_wconf 79' lang='grc' dir='ltr'>τῷ</span> <span class='ocrx_word' id='word_1_498' title='bbox 2327 700 2467 774; x_wconf 84' lang='grc' dir='ltr'>σώματι</span> <span class='ocrx_word' id='word_1_499' title='bbox 2481 729 2494 749; x_wconf 87' lang='grc'>,</span> 
     </span>
     <span class='ocr_line' id='line_1_62' title="bbox 1447 751 2496 814; baseline -0.002 -14"><span class='ocrx_word' id='word_1_500' title='bbox 1447 760 1466 799; x_wconf 85' lang='grc' dir='ltr'>ὃ</span> <span class='ocrx_word' id='word_1_501' title='bbox 1486 778 1545 800; x_wconf 89' lang='grc' dir='ltr'>και</span> <span class='ocrx_word' id='word_1_502' title='bbox 1579 761 1610 800; x_wconf 83' lang='grc' dir='ltr'>εἴ</span> <span class='ocrx_word' id='word_1_503' title='bbox 1646 777 1692 799; x_wconf 85' lang='grc' dir='ltr'>κα</span> <span class='ocrx_word' id='word_1_504' title='bbox 1711 761 1823 800; x_wconf 86' lang='grc' dir='ltr'>πλείω</span> <span class='ocrx_word' id='word_1_505' title='bbox 1841 768 1902 805; x_wconf 83' lang='grc' dir='ltr'>τᾶς</span> <span class='ocrx_word' id='word_1_506' title='bbox 1923 760 2154 814; x_wconf 81' lang='grc' dir='ltr'>ἀποῤῥεοίσας</span> <span class='ocrx_word' id='word_1_507' title='bbox 2175 759 2386 814; x_wconf 80' lang='grc' dir='ltr'>ἐπάρδοιτο,</span> <span class='ocrx_word' id='word_1_508' title='bbox 2407 751 2496 805; x_wconf 77' lang='grc' dir='ltr'>αυξα</span> 
     </span>
     <span class='ocr_line' id='line_1_63' title="bbox 1446 818 2496 874; baseline -0.002 -14"><span class='ocrx_word' id='word_1_509' title='bbox 1446 820 1608 871; x_wconf 88' lang='grc' dir='ltr'>λέγεται,</span> <span class='ocrx_word' id='word_1_510' title='bbox 1642 820 1674 859; x_wconf 85' lang='grc' dir='ltr'>εἴ</span> <span class='ocrx_word' id='word_1_511' title='bbox 1692 836 1738 859; x_wconf 82' lang='grc' dir='ltr'>κα</span> <span class='ocrx_word' id='word_1_512' title='bbox 1761 820 1797 859; x_wconf 87' lang='grc' dir='ltr'>δὲ</span> <span class='ocrx_word' id='word_1_513' title='bbox 1820 820 1931 872; x_wconf 88' lang='grc' dir='ltr'>μείω,</span> <span class='ocrx_word' id='word_1_514' title='bbox 1957 821 2089 874; x_wconf 78' lang='grc' dir='ltr'>φθίσις·</span> <span class='ocrx_word' id='word_1_515' title='bbox 2107 820 2130 859; x_wconf 85' lang='grc' dir='ltr'>ἆ</span> <span class='ocrx_word' id='word_1_516' title='bbox 2157 819 2185 858; x_wconf 88' lang='grc' dir='ltr'>δ’</span> <span class='ocrx_word' id='word_1_517' title='bbox 2208 818 2308 871; x_wconf 76' lang='grc' dir='ltr'>ἀκμὰ</span> <span class='ocrx_word' id='word_1_518' title='bbox 2338 818 2496 871; x_wconf 73' lang='grc' dir='ltr'>μεθόριον</span> 
     </span>
     <span class='ocr_line' id='line_1_64' title="bbox 1446 878 2496 934; baseline 0 -16"><span class='ocrx_word' id='word_1_519' title='bbox 1446 880 1596 919; x_wconf 85' lang='grc' dir='ltr'>τουτέων</span> <span class='ocrx_word' id='word_1_520' title='bbox 1629 880 1703 919; x_wconf 79' lang='grc' dir='ltr'>ἐστὶ</span> <span class='ocrx_word' id='word_1_521' title='bbox 1724 879 1785 919; x_wconf 78' lang='grc' dir='ltr'>καὶ</span> <span class='ocrx_word' id='word_1_522' title='bbox 1818 882 1853 918; x_wconf 82' lang='grc' dir='ltr'>ἐν</span> <span class='ocrx_word' id='word_1_523' title='bbox 1874 879 2007 919; x_wconf 82' lang='grc' dir='ltr'>ἷσότατι</span> <span class='ocrx_word' id='word_1_524' title='bbox 2038 881 2214 934; x_wconf 76' lang='grc' dir='ltr'>ἀπορροᾶς</span> <span class='ocrx_word' id='word_1_525' title='bbox 2244 878 2305 918; x_wconf 79' lang='grc' dir='ltr'>καὶ</span> <span class='ocrx_word' id='word_1_526' title='bbox 2333 879 2496 934; x_wconf 73' lang='grc' dir='ltr'>ἔπιρῤοᾶς</span> 
     </span>
     <span class='ocr_line' id='line_1_65' title="bbox 1447 937 2498 991; baseline -0.001 -14"><span class='ocrx_word' id='word_1_527' title='bbox 1447 938 1520 978; x_wconf 87' lang='grc' dir='ltr'>νοέε</span> <span class='ocrx_word' id='word_1_528' title='bbox 1524 955 1597 978; x_wconf 88' lang='grc' dir='ltr'>ται.</span> <span class='ocrx_word' id='word_1_529' title='bbox 1656 939 1845 989; x_wconf 86' lang='grc' dir='ltr'>Λυομένων</span> <span class='ocrx_word' id='word_1_530' title='bbox 1868 938 1905 977; x_wconf 80' lang='grc' dir='ltr'>δὲ</span> <span class='ocrx_word' id='word_1_531' title='bbox 1926 941 1995 977; x_wconf 90' lang='grc' dir='ltr'>τῶν</span> <span class='ocrx_word' id='word_1_532' title='bbox 2018 938 2140 991; x_wconf 85' lang='grc' dir='ltr'>ἁρμῶν</span> <span class='ocrx_word' id='word_1_533' title='bbox 2157 945 2219 982; x_wconf 81' lang='grc' dir='ltr'>τᾶς</span> <span class='ocrx_word' id='word_1_534' title='bbox 2236 937 2443 985; x_wconf 80' lang='grc' dir='ltr'>συστάσιος.</span> <span class='ocrx_word' id='word_1_535' title='bbox 2458 937 2498 976; x_wconf 81' lang='grc' dir='ltr'>αἶ</span> 
     </span>
     <span class='ocr_line' id='line_1_66' title="bbox 1447 986 2493 1050; baseline -0.002 -13"><span class='ocrx_word' id='word_1_536' title='bbox 1447 1013 1493 1037; x_wconf 86' lang='grc' dir='ltr'>κα</span> <span class='ocrx_word' id='word_1_537' title='bbox 1514 998 1641 1048; x_wconf 84' lang='grc' dir='ltr'>μηκέτι</span> <span class='ocrx_word' id='word_1_538' title='bbox 1663 992 1812 1042; x_wconf 80' lang='grc' dir='ltr'>δίοδος</span> <span class='ocrx_word' id='word_1_539' title='bbox 1789 1015 1810 1050; x_wconf 90' lang='grc' dir='ltr'><strong>ῃ</strong></span> <span class='ocrx_word' id='word_1_540' title='bbox 1838 1013 2013 1049; x_wconf 88' lang='grc' dir='ltr'>πνευματι</span> <span class='ocrx_word' id='word_1_541' title='bbox 2027 996 2050 1045; x_wconf 83' lang='grc' dir='ltr'>ἢ</span> <span class='ocrx_word' id='word_1_542' title='bbox 2071 997 2183 1050; x_wconf 73' lang='grc' dir='ltr'>τροφὰ</span> <span class='ocrx_word' id='word_1_543' title='bbox 2211 995 2261 1048; x_wconf 87' lang='grc' dir='ltr'>μὴ</span> <span class='ocrx_word' id='word_1_544' title='bbox 2276 986 2493 1048; x_wconf 83' lang='grc' dir='ltr'>διαδίδοται,</span> 
     </span>
     <span class='ocr_line' id='line_1_67' title="bbox 1448 1058 1763 1110; baseline -0.007 -14"><span class='ocrx_word' id='word_1_545' title='bbox 1448 1058 1589 1096; x_wconf 84' lang='grc' dir='ltr'>θνάσκει</span> <span class='ocrx_word' id='word_1_546' title='bbox 1609 1058 1648 1097; x_wconf 82' lang='grc' dir='ltr'>τὸ</span> <span class='ocrx_word' id='word_1_547' title='bbox 1663 1059 1763 1110; x_wconf 86' lang='grc' dir='ltr'>ζῶον.</span> 
     </span>
    </p>

    <p class='ocr_par' dir='ltr' id='par_1_7' title="bbox 1445 1113 2538 1936">
     <span class='ocr_line' id='line_1_68' title="bbox 1500 1113 2495 1168; baseline 0 -13"><span class='ocrx_word' id='word_1_548' title='bbox 1500 1118 1522 1166; x_wconf 70' lang='lat' dir='ltr'>S</span> <span class='ocrx_word' id='word_1_549' title='bbox 1548 1130 1594 1156; x_wconf 86' lang='grc' dir='ltr'>ιο</span> <span class='ocrx_word' id='word_1_550' title='bbox 1619 1116 1758 1156; x_wconf 83' lang='grc' dir='ltr'>Πολλαὶ</span> <span class='ocrx_word' id='word_1_551' title='bbox 1776 1115 1810 1154; x_wconf 84' lang='grc' dir='ltr'>δὲ</span> <span class='ocrx_word' id='word_1_552' title='bbox 1831 1121 1933 1168; x_wconf 76' lang='grc' dir='ltr'>κᾶρες</span> <span class='ocrx_word' id='word_1_553' title='bbox 1954 1117 2044 1160; x_wconf 78' lang='grc' dir='ltr'>ζωᾶς</span> <span class='ocrx_word' id='word_1_554' title='bbox 2064 1131 2123 1153; x_wconf 86' lang='grc' dir='ltr'>και</span> <span class='ocrx_word' id='word_1_555' title='bbox 2140 1114 2291 1155; x_wconf 79' lang='grc' dir='ltr'>θανᾶτου</span> <span class='ocrx_word' id='word_1_556' title='bbox 2311 1113 2441 1162; x_wconf 73' lang='grc' dir='ltr'>αἰτίαι,</span> <span class='ocrx_word' id='word_1_557' title='bbox 2457 1113 2495 1155; x_wconf 84' lang='grc' dir='ltr'>ἓν</span> 
     </span>
     <span class='ocr_line' id='line_1_69' title="bbox 1447 1169 2538 1228; baseline -0.001 -14"><span class='ocrx_word' id='word_1_558' title='bbox 1447 1177 1476 1214; x_wconf 85' lang='grc' dir='ltr'>δ’</span> <span class='ocrx_word' id='word_1_559' title='bbox 1498 1169 1545 1214; x_wconf 75' lang='grc' dir='ltr'>ῶν</span> <span class='ocrx_word' id='word_1_560' title='bbox 1563 1175 1660 1227; x_wconf 90' lang='grc' dir='ltr'>γένος</span> <span class='ocrx_word' id='word_1_561' title='bbox 1678 1174 1775 1218; x_wconf 86' lang='grc' dir='ltr'>νόσος</span> <span class='ocrx_word' id='word_1_562' title='bbox 1789 1175 2025 1225; x_wconf 84' lang='grc' dir='ltr'>ὀνυμαίνεται.</span> <span class='ocrx_word' id='word_1_563' title='bbox 2046 1172 2170 1213; x_wconf 84' lang='grc' dir='ltr'>Νόσων</span> <span class='ocrx_word' id='word_1_564' title='bbox 2190 1175 2219 1212; x_wconf 89' lang='grc' dir='ltr'>δ’</span> <span class='ocrx_word' id='word_1_565' title='bbox 2243 1173 2351 1228; x_wconf 80' lang='grc' dir='ltr'>ἀρχαὶ</span> <span class='ocrx_word' id='word_1_566' title='bbox 2371 1173 2435 1224; x_wconf 83' lang='grc' dir='ltr'>μὲν</span> <span class='ocrx_word' id='word_1_567' title='bbox 2452 1175 2490 1213; x_wconf 77' lang='grc' dir='ltr'>αἱ</span> <span class='ocrx_word' id='word_1_568' title='bbox 2532 1185 2538 1191; x_wconf 94' lang='grc'><em>“</em></span> 
     </span>
     <span class='ocr_line' id='line_1_70' title="bbox 1446 1232 2494 1287; baseline -0.002 -14"><span class='ocrx_word' id='word_1_569' title='bbox 1446 1241 1509 1273; x_wconf 85' lang='grc' dir='ltr'>τᾶν</span> <span class='ocrx_word' id='word_1_570' title='bbox 1525 1235 1668 1287; x_wconf 85' lang='grc' dir='ltr'>πράτων</span> <span class='ocrx_word' id='word_1_571' title='bbox 1690 1234 1865 1285; x_wconf 74' lang='grc' dir='ltr'>δυναμίων</span> <span class='ocrx_word' id='word_1_572' title='bbox 1884 1233 2142 1286; x_wconf 81' lang='grc' dir='ltr'>ἀσυμμετρίαι,</span> <span class='ocrx_word' id='word_1_573' title='bbox 2163 1232 2200 1272; x_wconf 87' lang='grc' dir='ltr'>αἴ</span> <span class='ocrx_word' id='word_1_574' title='bbox 2209 1249 2262 1273; x_wconf 82' lang='grc' dir='ltr'>πα</span> <span class='ocrx_word' id='word_1_575' title='bbox 2274 1232 2494 1279; x_wconf 83' lang='grc' dir='ltr'>πλεονάζοιεν</span> 
     </span>
     <span class='ocr_line' id='line_1_71' title="bbox 1446 1289 2496 1345; baseline -0.002 -13"><span class='ocrx_word' id='word_1_576' title='bbox 1446 1292 1468 1340; x_wconf 81' lang='grc' dir='ltr'>ἢ</span> <span class='ocrx_word' id='word_1_577' title='bbox 1490 1293 1678 1332; x_wconf 82' lang='grc' dir='ltr'>ἐλλείποιεν</span> <span class='ocrx_word' id='word_1_578' title='bbox 1699 1292 1757 1331; x_wconf 86' lang='grc' dir='ltr'>ταὶ</span> <span class='ocrx_word' id='word_1_579' title='bbox 1779 1292 1892 1330; x_wconf 86' lang='grc' dir='ltr'>ἁπλαῖ</span> <span class='ocrx_word' id='word_1_580' title='bbox 1907 1291 2086 1343; x_wconf 84' lang='grc' dir='ltr'>δυνάμιες,</span> <span class='ocrx_word' id='word_1_581' title='bbox 2099 1291 2269 1343; x_wconf 89' lang='grc' dir='ltr'>θερμότας</span> <span class='ocrx_word' id='word_1_582' title='bbox 2280 1289 2304 1338; x_wconf 83' lang='grc' dir='ltr'>ἢ</span> <span class='ocrx_word' id='word_1_583' title='bbox 2317 1290 2496 1345; x_wconf 79' lang='grc' dir='ltr'>ψυχρότας</span> 
     </span>
     <span class='ocr_line' id='line_1_72' title="bbox 1446 1349 2496 1405; baseline -0.001 -14"><span class='ocrx_word' id='word_1_584' title='bbox 1446 1352 1470 1400; x_wconf 84' lang='grc' dir='ltr'>ἢ</span> <span class='ocrx_word' id='word_1_585' title='bbox 1492 1351 1640 1405; x_wconf 81' lang='grc' dir='ltr'>ὑγρότας</span> <span class='ocrx_word' id='word_1_586' title='bbox 1659 1351 1682 1399; x_wconf 75' lang='grc' dir='ltr'>ἢ</span> <span class='ocrx_word' id='word_1_587' title='bbox 1703 1351 1860 1404; x_wconf 85' lang='grc' dir='ltr'>ξηρότας.</span> <span class='ocrx_word' id='word_1_588' title='bbox 1917 1350 2019 1390; x_wconf 87' lang='grc' dir='ltr'>Μετὰ</span> <span class='ocrx_word' id='word_1_589' title='bbox 2033 1350 2069 1389; x_wconf 85' lang='grc' dir='ltr'>δὲ</span> <span class='ocrx_word' id='word_1_590' title='bbox 2082 1352 2212 1395; x_wconf 82' lang='grc' dir='ltr'>ταύτας</span> <span class='ocrx_word' id='word_1_591' title='bbox 2226 1352 2262 1390; x_wconf 79' lang='grc' dir='ltr'>αἱ</span> <span class='ocrx_word' id='word_1_592' title='bbox 2281 1352 2331 1390; x_wconf 84' lang='grc' dir='ltr'>τῶ</span> <span class='ocrx_word' id='word_1_593' title='bbox 2348 1349 2496 1401; x_wconf 77' lang='grc' dir='ltr'>αἵματος</span> 
     </span>
     <span class='ocr_line' id='line_1_73' title="bbox 1445 1410 2496 1465; baseline 0 -16"><span class='ocrx_word' id='word_1_594' title='bbox 1445 1411 1573 1464; x_wconf 87' lang='grc' dir='ltr'>τροπαὶ</span> <span class='ocrx_word' id='word_1_595' title='bbox 1593 1410 1652 1449; x_wconf 85' lang='grc' dir='ltr'>καὶ</span> <span class='ocrx_word' id='word_1_596' title='bbox 1675 1410 1875 1456; x_wconf 84' lang='grc' dir='ltr'>ἀλλοιώσιες</span> <span class='ocrx_word' id='word_1_597' title='bbox 1889 1412 1927 1450; x_wconf 86' lang='grc' dir='ltr'>ἐκ</span> <span class='ocrx_word' id='word_1_598' title='bbox 1942 1412 2148 1465; x_wconf 80' lang='grc' dir='ltr'>διαφθορᾶς,</span> <span class='ocrx_word' id='word_1_599' title='bbox 2167 1410 2228 1450; x_wconf 76' lang='grc' dir='ltr'>καὶ</span> <span class='ocrx_word' id='word_1_600' title='bbox 2243 1412 2279 1450; x_wconf 74' lang='grc' dir='ltr'>αἱ</span> <span class='ocrx_word' id='word_1_601' title='bbox 2293 1416 2354 1454; x_wconf 77' lang='grc' dir='ltr'>τᾶς</span> <span class='ocrx_word' id='word_1_602' title='bbox 2370 1410 2496 1462; x_wconf 77' lang='grc' dir='ltr'>σαρκὸς</span> 
     </span>
     <span class='ocr_line' id='line_1_74' title="bbox 1445 1467 2495 1522; baseline -0.002 -12"><span class='ocrx_word' id='word_1_603' title='bbox 1445 1471 1641 1521; x_wconf 85' lang='grc' dir='ltr'>τακομένας</span> <span class='ocrx_word' id='word_1_604' title='bbox 1660 1471 1854 1522; x_wconf 82' lang='grc' dir='ltr'>κακώσιες,</span> <span class='ocrx_word' id='word_1_605' title='bbox 1874 1472 1910 1509; x_wconf 81' lang='grc' dir='ltr'>αἶ</span> <span class='ocrx_word' id='word_1_606' title='bbox 1931 1470 2066 1514; x_wconf 84' lang='grc' dir='ltr'>καττὰς</span> <span class='ocrx_word' id='word_1_607' title='bbox 2082 1469 2281 1521; x_wconf 68' lang='grc' dir='ltr'>μεταὸολδις</span> <span class='ocrx_word' id='word_1_608' title='bbox 2301 1469 2359 1508; x_wconf 82' lang='grc' dir='ltr'>ἐπὶ</span> <span class='ocrx_word' id='word_1_609' title='bbox 2383 1468 2423 1508; x_wconf 80' lang='grc' dir='ltr'>τὸ</span> <span class='ocrx_word' id='word_1_610' title='bbox 2438 1467 2495 1515; x_wconf 77' lang='grc' dir='ltr'>ὀξὺ</span> 
     </span>
     <span class='ocr_line' id='line_1_75' title="bbox 1445 1527 2497 1583; baseline -0.001 -14"><span class='ocrx_word' id='word_1_611' title='bbox 1445 1530 1467 1578; x_wconf 85' lang='grc' dir='ltr'>ἢ</span> <span class='ocrx_word' id='word_1_612' title='bbox 1489 1531 1644 1583; x_wconf 80' lang='grc' dir='ltr'>ἁλμυρὸν</span> <span class='ocrx_word' id='word_1_613' title='bbox 1658 1528 1680 1576; x_wconf 81' lang='grc' dir='ltr'>ἢ</span> <span class='ocrx_word' id='word_1_614' title='bbox 1696 1529 1802 1581; x_wconf 79' lang='grc' dir='ltr'>δριμὺ</span> <span class='ocrx_word' id='word_1_615' title='bbox 1819 1530 1947 1582; x_wconf 84' lang='grc' dir='ltr'>τροπαὶ</span> <span class='ocrx_word' id='word_1_616' title='bbox 1968 1527 2115 1580; x_wconf 76' lang='grc' dir='ltr'>αἵματος</span> <span class='ocrx_word' id='word_1_617' title='bbox 2133 1528 2156 1576; x_wconf 79' lang='grc' dir='ltr'>ἢ</span> <span class='ocrx_word' id='word_1_618' title='bbox 2173 1527 2301 1582; x_wconf 82' lang='grc' dir='ltr'>σαρκὸς</span> <span class='ocrx_word' id='word_1_619' title='bbox 2316 1528 2497 1574; x_wconf 70' lang='grc' dir='ltr'>τακεδόνες</span> 
     </span>
     <span class='ocr_line' id='line_1_76' title="bbox 1445 1585 2497 1642; baseline -0.002 -14"><span class='ocrx_word' id='word_1_620' title='bbox 1445 1589 1611 1640; x_wconf 82' lang='grc' dir='ltr'>γένοιντο.</span> <span class='ocrx_word' id='word_1_621' title='bbox 1670 1590 1788 1632; x_wconf 83' lang='grc' dir='ltr'>Χολᾶς</span> <span class='ocrx_word' id='word_1_622' title='bbox 1807 1589 1874 1642; x_wconf 79' lang='grc' dir='ltr'>γὰρ</span> <span class='ocrx_word' id='word_1_623' title='bbox 1895 1588 1950 1627; x_wconf 81' lang='grc' dir='ltr'>ταὶ</span> <span class='ocrx_word' id='word_1_624' title='bbox 1972 1588 2121 1640; x_wconf 85' lang='grc' dir='ltr'>γενέσιες</span> <span class='ocrx_word' id='word_1_625' title='bbox 2141 1588 2201 1627; x_wconf 83' lang='grc' dir='ltr'>καὶ</span> <span class='ocrx_word' id='word_1_626' title='bbox 2222 1585 2422 1641; x_wconf 77' lang='grc' dir='ltr'>φλέγματος</span> <span class='ocrx_word' id='word_1_627' title='bbox 2441 1589 2497 1627; x_wconf 80' lang='grc' dir='ltr'>ἐν·</span> 
     </span>
     <span class='ocr_line' id='line_1_77' title="bbox 1446 1645 2496 1701; baseline 0 -15"><span class='ocrx_word' id='word_1_628' title='bbox 1446 1647 1560 1696; x_wconf 85' lang='grc' dir='ltr'>θένδε,</span> <span class='ocrx_word' id='word_1_629' title='bbox 1576 1648 1684 1700; x_wconf 76' lang='grc' dir='ltr'>χυμοὶ</span> <span class='ocrx_word' id='word_1_630' title='bbox 1703 1648 1869 1692; x_wconf 81' lang='grc' dir='ltr'>νοσώδεες</span> <span class='ocrx_word' id='word_1_631' title='bbox 1887 1646 1948 1686; x_wconf 75' lang='grc' dir='ltr'>καὶ</span> <span class='ocrx_word' id='word_1_632' title='bbox 1968 1650 2081 1699; x_wconf 75' lang='grc' dir='ltr'>ὓγρῶν</span> <span class='ocrx_word' id='word_1_633' title='bbox 2098 1647 2221 1701; x_wconf 82' lang='grc' dir='ltr'>σάψιες</span> <span class='ocrx_word' id='word_1_634' title='bbox 2233 1678 2244 1698; x_wconf 90' lang='grc'>,</span> <span class='ocrx_word' id='word_1_635' title='bbox 2260 1646 2417 1701; x_wconf 76' lang='grc' dir='ltr'>ἀφαυραὶ</span> <span class='ocrx_word' id='word_1_636' title='bbox 2432 1645 2496 1697; x_wconf 83' lang='grc' dir='ltr'>μὲν</span> 
     </span>
     <span class='ocr_line' id='line_1_78' title="bbox 1446 1701 2497 1759; baseline -0.001 -14"><span class='ocrx_word' id='word_1_637' title='bbox 1446 1709 1481 1745; x_wconf 79' lang='grc' dir='ltr'>αἱ</span> <span class='ocrx_word' id='word_1_638' title='bbox 1505 1706 1553 1758; x_wconf 84' lang='grc' dir='ltr'>μὴ</span> <span class='ocrx_word' id='word_1_639' title='bbox 1583 1709 1617 1745; x_wconf 84' lang='grc' dir='ltr'>ἐν</span> <span class='ocrx_word' id='word_1_640' title='bbox 1652 1707 1768 1759; x_wconf 84' lang='grc' dir='ltr'>βάθει,</span> <span class='ocrx_word' id='word_1_641' title='bbox 1788 1706 1945 1758; x_wconf 76' lang='grc' dir='ltr'>χαλεπαὶ</span> <span class='ocrx_word' id='word_1_642' title='bbox 1977 1706 2006 1744; x_wconf 86' lang='grc' dir='ltr'>δ’</span> <span class='ocrx_word' id='word_1_643' title='bbox 2025 1701 2073 1745; x_wconf 68' lang='grc' dir='ltr'>ὧν</span> <span class='ocrx_word' id='word_1_644' title='bbox 2101 1706 2209 1759; x_wconf 81' lang='grc' dir='ltr'>ἀρχαὶ</span> <span class='ocrx_word' id='word_1_645' title='bbox 2242 1709 2431 1759; x_wconf 86' lang='grc' dir='ltr'>γεννῶνται</span> <span class='ocrx_word' id='word_1_646' title='bbox 2461 1706 2497 1752; x_wconf 82' lang='grc' dir='ltr'>ἐξ</span> 
     </span>
     <span class='ocr_line' id='line_1_79' title="bbox 1446 1765 2497 1818; baseline -0.001 -13"><span class='ocrx_word' id='word_1_647' title='bbox 1446 1766 1590 1814; x_wconf 83' lang='grc' dir='ltr'>ὀστέων,</span> <span class='ocrx_word' id='word_1_648' title='bbox 1608 1767 1749 1818; x_wconf 87' lang='grc' dir='ltr'>ἀνιαραὶ</span> <span class='ocrx_word' id='word_1_649' title='bbox 1763 1766 1799 1804; x_wconf 86' lang='grc' dir='ltr'>δὲ</span> <span class='ocrx_word' id='word_1_650' title='bbox 1819 1768 1860 1804; x_wconf 85' lang='grc' dir='ltr'>ἐκ</span> <span class='ocrx_word' id='word_1_651' title='bbox 1876 1767 2004 1816; x_wconf 74' lang='grc' dir='ltr'>μυελοῦ</span> <span class='ocrx_word' id='word_1_652' title='bbox 2025 1766 2272 1816; x_wconf 78' lang='grc' dir='ltr'>ἐξαπτόμεναι.</span> <span class='ocrx_word' id='word_1_653' title='bbox 2293 1767 2328 1805; x_wconf 89' lang='grc' dir='ltr'><strong>Τ</strong></span> <span class='ocrx_word' id='word_1_654' title='bbox 2329 1765 2497 1804; x_wconf 82' lang='grc' dir='ltr'>ελευταία</span> 
     </span>
     <span class='ocr_line' id='line_1_80' title="bbox 1447 1823 2495 1877; baseline 0 -14"><span class='ocrx_word' id='word_1_655' title='bbox 1447 1823 1483 1863; x_wconf 83' lang='grc' dir='ltr'>δὲ·</span> <span class='ocrx_word' id='word_1_656' title='bbox 1512 1824 1622 1864; x_wconf 86' lang='grc' dir='ltr'>νόσων</span> <span class='ocrx_word' id='word_1_657' title='bbox 1653 1824 1723 1862; x_wconf 83' lang='grc' dir='ltr'>ἐντὶ</span> <span class='ocrx_word' id='word_1_658' title='bbox 1754 1829 1913 1874; x_wconf 81' lang='grc' dir='ltr'>πνεῦμα,</span> <span class='ocrx_word' id='word_1_659' title='bbox 1933 1824 2042 1877; x_wconf 84' lang='grc' dir='ltr'>χολά,</span> <span class='ocrx_word' id='word_1_660' title='bbox 2068 1823 2209 1877; x_wconf 83' lang='grc' dir='ltr'>φλέγμα</span> <span class='ocrx_word' id='word_1_661' title='bbox 2235 1823 2408 1874; x_wconf 79' lang='grc' dir='ltr'>αὐξόμενα</span> <span class='ocrx_word' id='word_1_662' title='bbox 2435 1824 2495 1863; x_wconf 77' lang='grc' dir='ltr'>καὶ</span> 
     </span>
     <span class='ocr_line' id='line_1_81' title="bbox 1447 1880 2495 1936; baseline -0.002 -15"><span class='ocrx_word' id='word_1_663' title='bbox 1447 1882 1570 1936; x_wconf 77' lang='grc' dir='ltr'>ῥέοντα</span> <span class='ocrx_word' id='word_1_664' title='bbox 1588 1885 1621 1926; x_wconf 83' lang='grc' dir='ltr'>ἐς</span> <span class='ocrx_word' id='word_1_665' title='bbox 1639 1881 1758 1935; x_wconf 86' lang='grc' dir='ltr'>χώρας</span> <span class='ocrx_word' id='word_1_666' title='bbox 1778 1882 1961 1934; x_wconf 85' lang='grc' dir='ltr'>ἀλλοτρίας</span> <span class='ocrx_word' id='word_1_667' title='bbox 1981 1881 2003 1929; x_wconf 82' lang='grc' dir='ltr'>ἢ</span> <span class='ocrx_word' id='word_1_668' title='bbox 2023 1881 2138 1926; x_wconf 89' lang='grc' dir='ltr'>τόπως</span> <span class='ocrx_word' id='word_1_669' title='bbox 2157 1883 2371 1936; x_wconf 72' lang='grc' dir='ltr'>ἐπικαιρίοις.</span> <span class='ocrx_word' id='word_1_670' title='bbox 2393 1880 2495 1922; x_wconf 82' lang='grc' dir='ltr'>Τόκα</span> 
     </span>
    </p>
   </div>
   <div class='ocr_carea' id='block_1_5' title="bbox 1443 2030 2499 3081">
    <p class='ocr_par' dir='ltr' id='par_1_8' title="bbox 1443 2030 2499 2903">
     <span class='ocr_line' id='line_1_82' title="bbox 1446 2030 2497 2079; baseline -0.002 -13"><span class='ocrx_word' id='word_1_671' title='bbox 1446 2034 1588 2066; x_wconf 75' lang='lat' dir='ltr'>cliinatio</span> <span class='ocrx_word' id='word_1_672' title='bbox 1614 2034 1647 2065; x_wconf 91' lang='lat' dir='ltr'>in</span> <span class='ocrx_word' id='word_1_673' title='bbox 1667 2033 1743 2074; x_wconf 90' lang='lat' dir='ltr'>ipsis</span> <span class='ocrx_word' id='word_1_674' title='bbox 1763 2032 1912 2065; x_wconf 82' lang='lat' dir='ltr'>inanimis</span> <span class='ocrx_word' id='word_1_675' title='bbox 1932 2033 1982 2065; x_wconf 86' lang='lat' dir='ltr'>est</span> <span class='ocrx_word' id='word_1_676' title='bbox 2009 2032 2048 2064; x_wconf 90' lang='lat' dir='ltr'>ad</span> <span class='ocrx_word' id='word_1_677' title='bbox 2069 2031 2288 2073; x_wconf 84' lang='lat' dir='ltr'>respirationis</span> <span class='ocrx_word' id='word_1_678' title='bbox 2311 2030 2497 2079; x_wconf 79' lang='lat' dir='ltr'>similitudi·</span> 
     </span>
     <span class='ocr_line' id='line_1_83' title="bbox 1449 2090 2499 2133; baseline -0.002 -7"><span class='ocrx_word' id='word_1_679' title='bbox 1449 2102 1522 2126; x_wconf 91' lang='lat' dir='ltr'>nem</span> <span class='ocrx_word' id='word_1_680' title='bbox 1540 2103 1550 2122; x_wconf 74' lang='grc' dir='ltr'>ι</span> <span class='ocrx_word' id='word_1_681' title='bbox 1568 2091 1772 2125; x_wconf 84' lang='lat' dir='ltr'>cucurbitula</span> <span class='ocrx_word' id='word_1_682' title='bbox 1786 2091 1871 2124; x_wconf 87' lang='lat' dir='ltr'>enim</span> <span class='ocrx_word' id='word_1_683' title='bbox 1892 2092 1926 2124; x_wconf 88' lang='lat' dir='ltr'>et</span> <span class='ocrx_word' id='word_1_684' title='bbox 1946 2092 2114 2124; x_wconf 84' lang='lat' dir='ltr'>succinum</span> <span class='ocrx_word' id='word_1_685' title='bbox 2130 2090 2286 2132; x_wconf 74' lang='lat' dir='ltr'>imagines</span> <span class='ocrx_word' id='word_1_686' title='bbox 2305 2091 2381 2124; x_wconf 79' lang='lat' dir='ltr'>sunt</span> <span class='ocrx_word' id='word_1_687' title='bbox 2396 2090 2499 2133; x_wconf 85' lang='lat' dir='ltr'>respi-</span> 
     </span>
     <span class='ocr_line' id='line_1_84' title="bbox 1444 2149 2497 2192; baseline -0.003 -7"><span class='ocrx_word' id='word_1_688' title='bbox 1444 2152 1588 2185; x_wconf 88' lang='lat' dir='ltr'>rationis.</span> <span class='ocrx_word' id='word_1_689' title='bbox 1633 2153 1715 2185; x_wconf 84' lang='lat' dir='ltr'>Nam</span> <span class='ocrx_word' id='word_1_690' title='bbox 1736 2150 1843 2183; x_wconf 87' lang='lat' dir='ltr'>fluunt</span> <span class='ocrx_word' id='word_1_691' title='bbox 1858 2159 1916 2192; x_wconf 88' lang='lat' dir='ltr'>per</span> <span class='ocrx_word' id='word_1_692' title='bbox 1940 2158 2055 2191; x_wconf 91' lang='lat' dir='ltr'>corpus</span> <span class='ocrx_word' id='word_1_693' title='bbox 2083 2149 2167 2182; x_wconf 81' lang='lat' dir='ltr'>foras</span> <span class='ocrx_word' id='word_1_694' title='bbox 2185 2149 2337 2191; x_wconf 82' lang='lat' dir='ltr'>spiritus,</span> <span class='ocrx_word' id='word_1_695' title='bbox 2356 2149 2497 2183; x_wconf 74' lang='lat' dir='ltr'>vicissim</span> 
     </span>
     <span class='ocr_line' id='line_1_85' title="bbox 1445 2209 2488 2251; baseline -0.002 -7"><span class='ocrx_word' id='word_1_696' title='bbox 1445 2213 1555 2244; x_wconf 88' lang='lat' dir='ltr'>autem</span> <span class='ocrx_word' id='word_1_697' title='bbox 1569 2210 1822 2244; x_wconf 86' lang='lat' dir='ltr'>introducuntur</span> <span class='ocrx_word' id='word_1_698' title='bbox 1837 2218 1894 2251; x_wconf 88' lang='lat' dir='ltr'>per</span> <span class='ocrx_word' id='word_1_699' title='bbox 1908 2209 2148 2250; x_wconf 81' lang='lat' dir='ltr'>respirationem</span> <span class='ocrx_word' id='word_1_700' title='bbox 2161 2210 2194 2241; x_wconf 90' lang='lat' dir='ltr'>et</span> <span class='ocrx_word' id='word_1_701' title='bbox 2211 2217 2267 2242; x_wconf 90' lang='lat' dir='ltr'>ore</span> <span class='ocrx_word' id='word_1_702' title='bbox 2283 2210 2317 2242; x_wconf 85' lang='lat' dir='ltr'>et</span> <span class='ocrx_word' id='word_1_703' title='bbox 2331 2209 2465 2242; x_wconf 83' lang='lat' dir='ltr'>naribus</span> <span class='ocrx_word' id='word_1_704' title='bbox 2476 2233 2488 2251; x_wconf 93' lang='lat'>,</span> 
     </span>
     <span class='ocr_line' id='line_1_86' title="bbox 1445 2267 2495 2310; baseline -0.002 -8"><span class='ocrx_word' id='word_1_705' title='bbox 1445 2270 1561 2304; x_wconf 88' lang='lat' dir='ltr'>deinde</span> <span class='ocrx_word' id='word_1_706' title='bbox 1580 2280 1693 2302; x_wconf 86' lang='lat' dir='ltr'>rursus</span> <span class='ocrx_word' id='word_1_707' title='bbox 1708 2270 1797 2302; x_wconf 86' lang='lat' dir='ltr'>velut</span> <span class='ocrx_word' id='word_1_708' title='bbox 1811 2268 1951 2310; x_wconf 84' lang='lat' dir='ltr'>Euripus</span> <span class='ocrx_word' id='word_1_709' title='bbox 1966 2267 2107 2300; x_wconf 88' lang='lat' dir='ltr'>vicissim</span> <span class='ocrx_word' id='word_1_710' title='bbox 2122 2268 2303 2301; x_wconf 86' lang='lat' dir='ltr'>inferuntur</span> <span class='ocrx_word' id='word_1_711' title='bbox 2317 2268 2349 2300; x_wconf 92' lang='lat' dir='ltr'>in</span> <span class='ocrx_word' id='word_1_712' title='bbox 2363 2277 2495 2310; x_wconf 75' lang='lat' dir='ltr'>eorpus,</span> 
     </span>
     <span class='ocr_line' id='line_1_87' title="bbox 1447 2327 2496 2374; baseline -0.002 -12"><span class='ocrx_word' id='word_1_713' title='bbox 1447 2330 1534 2371; x_wconf 91' lang='lat' dir='ltr'>quod</span> <span class='ocrx_word' id='word_1_714' title='bbox 1549 2329 1727 2374; x_wconf 82' lang='lat' dir='ltr'>secundum</span> <span class='ocrx_word' id='word_1_715' title='bbox 1741 2328 1884 2361; x_wconf 84' lang='lat' dir='ltr'>influxus</span> <span class='ocrx_word' id='word_1_716' title='bbox 1902 2327 2101 2360; x_wconf 86' lang='lat' dir='ltr'>extenditur.</span> <span class='ocrx_word' id='word_1_717' title='bbox 2146 2330 2189 2360; x_wconf 75' lang='lat' dir='ltr'>At</span> <span class='ocrx_word' id='word_1_718' title='bbox 2201 2327 2404 2360; x_wconf 85' lang='lat' dir='ltr'>cucurbitula</span> <span class='ocrx_word' id='word_1_719' title='bbox 2418 2337 2496 2360; x_wconf 88' lang='lat' dir='ltr'>con-</span> 
     </span>
     <span class='ocr_line' id='line_1_88' title="bbox 1443 2386 2492 2430; baseline -0.001 -9"><span class='ocrx_word' id='word_1_720' title='bbox 1443 2390 1573 2430; x_wconf 83' lang='lat' dir='ltr'>sumpto</span> <span class='ocrx_word' id='word_1_721' title='bbox 1592 2395 1663 2421; x_wconf 81' lang='lat' dir='ltr'>aere</span> <span class='ocrx_word' id='word_1_722' title='bbox 1688 2388 1729 2420; x_wconf 89' lang='lat' dir='ltr'>ab</span> <span class='ocrx_word' id='word_1_723' title='bbox 1758 2387 1831 2428; x_wconf 89' lang='lat' dir='ltr'>igne</span> <span class='ocrx_word' id='word_1_724' title='bbox 1854 2387 2022 2419; x_wconf 87' lang='lat' dir='ltr'>humorem</span> <span class='ocrx_word' id='word_1_725' title='bbox 2047 2386 2198 2427; x_wconf 79' lang='lat' dir='ltr'>attrabit3</span> <span class='ocrx_word' id='word_1_726' title='bbox 2221 2386 2390 2419; x_wconf 83' lang='lat' dir='ltr'>succinum</span> <span class='ocrx_word' id='word_1_727' title='bbox 2414 2396 2492 2420; x_wconf 76' lang='lat' dir='ltr'>vero</span> 
     </span>
     <span class='ocr_line' id='line_1_89' title="bbox 1445 2446 2498 2493; baseline -0.002 -12"><span class='ocrx_word' id='word_1_728' title='bbox 1445 2449 1579 2481; x_wconf 86' lang='lat' dir='ltr'>excreto</span> <span class='ocrx_word' id='word_1_729' title='bbox 1595 2447 1707 2493; x_wconf 79' lang='lat' dir='ltr'>spiritu</span> <span class='ocrx_word' id='word_1_730' title='bbox 1728 2447 1831 2479; x_wconf 86' lang='lat' dir='ltr'>simile</span> <span class='ocrx_word' id='word_1_731' title='bbox 1848 2455 1964 2487; x_wconf 81' lang='lat' dir='ltr'>eorpus</span> <span class='ocrx_word' id='word_1_732' title='bbox 1996 2446 2140 2487; x_wconf 85' lang='lat' dir='ltr'>suscipit.</span> <span class='ocrx_word' id='word_1_733' title='bbox 2187 2448 2292 2479; x_wconf 86' lang='lat' dir='ltr'>Omne</span> <span class='ocrx_word' id='word_1_734' title='bbox 2309 2447 2418 2479; x_wconf 86' lang='lat' dir='ltr'>autem</span> <span class='ocrx_word' id='word_1_735' title='bbox 2441 2447 2498 2479; x_wconf 81' lang='lat' dir='ltr'>alt-</span> 
     </span>
     <span class='ocr_line' id='line_1_90' title="bbox 1448 2505 2496 2546; baseline -0.001 -6"><span class='ocrx_word' id='word_1_736' title='bbox 1448 2508 1594 2540; x_wconf 88' lang='lat' dir='ltr'>mentum</span> <span class='ocrx_word' id='word_1_737' title='bbox 1613 2516 1632 2538; x_wconf 90' lang='lat' dir='ltr'>a</span> <span class='ocrx_word' id='word_1_738' title='bbox 1648 2506 1756 2538; x_wconf 84' lang='lat' dir='ltr'>radice</span> <span class='ocrx_word' id='word_1_739' title='bbox 1781 2505 1911 2546; x_wconf 88' lang='lat' dir='ltr'>quidem</span> <span class='ocrx_word' id='word_1_740' title='bbox 1939 2505 2064 2544; x_wconf 89' lang='lat' dir='ltr'>cordis,</span> <span class='ocrx_word' id='word_1_741' title='bbox 2089 2514 2108 2537; x_wconf 86' lang='lat' dir='ltr'>a</span> <span class='ocrx_word' id='word_1_742' title='bbox 2129 2505 2216 2537; x_wconf 84' lang='lat' dir='ltr'>fonte</span> <span class='ocrx_word' id='word_1_743' title='bbox 2230 2513 2307 2538; x_wconf 83' lang='lat' dir='ltr'>vero</span> <span class='ocrx_word' id='word_1_744' title='bbox 2326 2505 2496 2539; x_wconf 83' lang='lat' dir='ltr'>ventriculi</span> 
     </span>
     <span class='ocr_line' id='line_1_91' title="bbox 1447 2563 2496 2607; baseline -0.001 -9"><span class='ocrx_word' id='word_1_745' title='bbox 1447 2566 1479 2598; x_wconf 93' lang='lat' dir='ltr'>in</span> <span class='ocrx_word' id='word_1_746' title='bbox 1502 2574 1622 2607; x_wconf 88' lang='lat' dir='ltr'>corpus</span> <span class='ocrx_word' id='word_1_747' title='bbox 1652 2564 1830 2604; x_wconf 88' lang='lat' dir='ltr'>inducitur,</span> <span class='ocrx_word' id='word_1_748' title='bbox 1858 2564 1946 2605; x_wconf 89' lang='lat' dir='ltr'>quod</span> <span class='ocrx_word' id='word_1_749' title='bbox 1964 2564 2061 2596; x_wconf 83' lang='lat' dir='ltr'>etiam</span> <span class='ocrx_word' id='word_1_750' title='bbox 2085 2563 2112 2595; x_wconf 90' lang='lat' dir='ltr'>si</span> <span class='ocrx_word' id='word_1_751' title='bbox 2140 2563 2212 2605; x_wconf 86' lang='lat' dir='ltr'>plus</span> <span class='ocrx_word' id='word_1_752' title='bbox 2232 2564 2383 2604; x_wconf 83' lang='lat' dir='ltr'>irrigatur</span> <span class='ocrx_word' id='word_1_753' title='bbox 2397 2572 2496 2605; x_wconf 75' lang='lat' dir='ltr'>quam</span> 
     </span>
     <span class='ocr_line' id='line_1_92' title="bbox 1447 2622 2496 2663; baseline -0.003 -6"><span class='ocrx_word' id='word_1_754' title='bbox 1447 2625 1571 2658; x_wconf 87' lang='lat' dir='ltr'>defluat</span> <span class='ocrx_word' id='word_1_755' title='bbox 1587 2625 1826 2656; x_wconf 88' lang='lat' dir='ltr'>incrementum</span> <span class='ocrx_word' id='word_1_756' title='bbox 1842 2623 1972 2663; x_wconf 87' lang='lat' dir='ltr'>dicitur,</span> <span class='ocrx_word' id='word_1_757' title='bbox 1992 2624 2017 2655; x_wconf 93' lang='lat' dir='ltr'>si</span> <span class='ocrx_word' id='word_1_758' title='bbox 2044 2631 2121 2655; x_wconf 88' lang='lat' dir='ltr'>vcro</span> <span class='ocrx_word' id='word_1_759' title='bbox 2138 2622 2264 2663; x_wconf 86' lang='lat' dir='ltr'>minus,</span> <span class='ocrx_word' id='word_1_760' title='bbox 2288 2622 2468 2655; x_wconf 79' lang='lat' dir='ltr'>deminutio</span> <span class='ocrx_word' id='word_1_761' title='bbox 2486 2632 2496 2654; x_wconf 68' lang='grc' dir='ltr'>ι</span> 
     </span>
     <span class='ocr_line' id='line_1_93' title="bbox 1447 2681 2494 2724; baseline -0.001 -8"><span class='ocrx_word' id='word_1_762' title='bbox 1447 2684 1539 2724; x_wconf 87' lang='lat' dir='ltr'>vigor</span> <span class='ocrx_word' id='word_1_763' title='bbox 1554 2686 1662 2715; x_wconf 87' lang='lat' dir='ltr'>autem</span> <span class='ocrx_word' id='word_1_764' title='bbox 1681 2683 1713 2714; x_wconf 92' lang='lat' dir='ltr'>in</span> <span class='ocrx_word' id='word_1_765' title='bbox 1727 2683 1844 2714; x_wconf 90' lang='lat' dir='ltr'>horum</span> <span class='ocrx_word' id='word_1_766' title='bbox 1857 2682 1997 2714; x_wconf 77' lang='lat' dir='ltr'>confinio</span> <span class='ocrx_word' id='word_1_767' title='bbox 2011 2685 2061 2714; x_wconf 89' lang='lat' dir='ltr'>est</span> <span class='ocrx_word' id='word_1_768' title='bbox 2082 2683 2178 2722; x_wconf 86' lang='lat' dir='ltr'>atque</span> <span class='ocrx_word' id='word_1_769' title='bbox 2200 2681 2232 2713; x_wconf 88' lang='lat' dir='ltr'>in</span> <span class='ocrx_word' id='word_1_770' title='bbox 2252 2681 2447 2714; x_wconf 76' lang='lat' dir='ltr'>defluxionis</span> <span class='ocrx_word' id='word_1_771' title='bbox 2459 2683 2494 2715; x_wconf 79' lang='lat' dir='ltr'>et</span> 
     </span>
     <span class='ocr_line' id='line_1_94' title="bbox 1445 2741 2495 2786; baseline -0.003 -11"><span class='ocrx_word' id='word_1_772' title='bbox 1445 2742 1633 2775; x_wconf 84' lang='lat' dir='ltr'>influxionis</span> <span class='ocrx_word' id='word_1_773' title='bbox 1647 2741 1830 2782; x_wconf 82' lang='lat' dir='ltr'>aequalitnte</span> <span class='ocrx_word' id='word_1_774' title='bbox 1853 2741 2052 2781; x_wconf 84' lang='lat' dir='ltr'>intelligitur.</span> <span class='ocrx_word' id='word_1_775' title='bbox 2099 2742 2208 2779; x_wconf 90' lang='lat' dir='ltr'>Quum</span> <span class='ocrx_word' id='word_1_776' title='bbox 2225 2741 2332 2772; x_wconf 87' lang='lat' dir='ltr'>autem</span> <span class='ocrx_word' id='word_1_777' title='bbox 2359 2749 2495 2786; x_wconf 75' lang='lat' dir='ltr'>concre-</span> 
     </span>
     <span class='ocr_line' id='line_1_95' title="bbox 1446 2799 2496 2842; baseline -0.002 -8"><span class='ocrx_word' id='word_1_778' title='bbox 1446 2802 1540 2835; x_wconf 82' lang='lat' dir='ltr'>tionis</span> <span class='ocrx_word' id='word_1_779' title='bbox 1558 2809 1726 2842; x_wconf 85' lang='lat' dir='ltr'>compages</span> <span class='ocrx_word' id='word_1_780' title='bbox 1739 2800 1970 2840; x_wconf 84' lang='lat' dir='ltr'>dissolvuntur,</span> <span class='ocrx_word' id='word_1_781' title='bbox 1996 2799 2023 2832; x_wconf 89' lang='lat' dir='ltr'>si</span> <span class='ocrx_word' id='word_1_782' title='bbox 2038 2808 2103 2832; x_wconf 85' lang='lat' dir='ltr'>nou</span> <span class='ocrx_word' id='word_1_783' title='bbox 2126 2799 2262 2841; x_wconf 87' lang='lat' dir='ltr'>amplius</span> <span class='ocrx_word' id='word_1_784' title='bbox 2282 2799 2434 2832; x_wconf 83' lang='lat' dir='ltr'>transitus</span> <span class='ocrx_word' id='word_1_785' title='bbox 2447 2801 2496 2832; x_wconf 83' lang='lat' dir='ltr'>est</span> 
     </span>
     <span class='ocr_line' id='line_1_96' title="bbox 1445 2859 2405 2903; baseline -0.003 -9"><span class='ocrx_word' id='word_1_786' title='bbox 1445 2861 1571 2903; x_wconf 88' lang='lat' dir='ltr'>spiritui</span> <span class='ocrx_word' id='word_1_787' title='bbox 1587 2862 1643 2892; x_wconf 87' lang='lat' dir='ltr'>aut</span> <span class='ocrx_word' id='word_1_788' title='bbox 1658 2859 1798 2892; x_wconf 86' lang='lat' dir='ltr'>alimenti</span> <span class='ocrx_word' id='word_1_789' title='bbox 1819 2859 2002 2892; x_wconf 89' lang='lat' dir='ltr'>distributio</span> <span class='ocrx_word' id='word_1_790' title='bbox 2015 2862 2138 2899; x_wconf 82' lang='lat' dir='ltr'>cessat,</span> <span class='ocrx_word' id='word_1_791' title='bbox 2153 2859 2271 2891; x_wconf 86' lang='lat' dir='ltr'>animal</span> <span class='ocrx_word' id='word_1_792' title='bbox 2285 2859 2405 2892; x_wconf 72' lang='lat' dir='ltr'>interit.</span> 
     </span>
    </p>

    <p class='ocr_par' dir='ltr' id='par_1_9' title="bbox 1447 2918 2494 3081">
     <span class='ocr_line' id='line_1_97' title="bbox 1487 2918 2492 2963; baseline -0.001 -11"><span class='ocrx_word' id='word_1_793' title='bbox 1487 2920 1507 2963; x_wconf 59' lang='grc' dir='ltr'>ς</span> <span class='ocrx_word' id='word_1_794' title='bbox 1536 2923 1585 2952; x_wconf 83' lang='lat' dir='ltr'>to.</span> <span class='ocrx_word' id='word_1_795' title='bbox 1615 2919 1724 2952; x_wconf 78' lang='lat' dir='ltr'>Multoe</span> <span class='ocrx_word' id='word_1_796' title='bbox 1751 2927 1828 2950; x_wconf 84' lang='lat' dir='ltr'>vero</span> <span class='ocrx_word' id='word_1_797' title='bbox 1853 2919 1931 2950; x_wconf 89' lang='lat' dir='ltr'>sunt</span> <span class='ocrx_word' id='word_1_798' title='bbox 1958 2918 2034 2950; x_wconf 83' lang='lat' dir='ltr'>vitae</span> <span class='ocrx_word' id='word_1_799' title='bbox 2051 2921 2156 2959; x_wconf 87' lang='lat' dir='ltr'>pestes</span> <span class='ocrx_word' id='word_1_800' title='bbox 2177 2920 2210 2951; x_wconf 92' lang='lat' dir='ltr'>et</span> <span class='ocrx_word' id='word_1_801' title='bbox 2229 2918 2342 2952; x_wconf 81' lang='lat' dir='ltr'>mortis</span> <span class='ocrx_word' id='word_1_802' title='bbox 2366 2926 2492 2958; x_wconf 69' lang='lat' dir='ltr'>enus-¹12,</span> 
     </span>
     <span class='ocr_line' id='line_1_98' title="bbox 1447 2977 2494 3021; baseline -0.002 -9"><span class='ocrx_word' id='word_1_803' title='bbox 1447 2988 1584 3021; x_wconf 89' lang='lat' dir='ltr'>quarum</span> <span class='ocrx_word' id='word_1_804' title='bbox 1604 2987 1702 3011; x_wconf 72' lang='lat' dir='ltr'>uinum</span> <span class='ocrx_word' id='word_1_805' title='bbox 1715 2987 1814 3018; x_wconf 90' lang='lat' dir='ltr'>genus</span> <span class='ocrx_word' id='word_1_806' title='bbox 1828 2977 2012 3009; x_wconf 89' lang='lat' dir='ltr'>nominatur</span> <span class='ocrx_word' id='word_1_807' title='bbox 2024 2977 2167 3011; x_wconf 89' lang='lat' dir='ltr'>morbus.</span> <span class='ocrx_word' id='word_1_808' title='bbox 2215 2978 2403 3010; x_wconf 85' lang='lat' dir='ltr'>Morborum</span> <span class='ocrx_word' id='word_1_809' title='bbox 2417 2987 2494 3011; x_wconf 80' lang='lat' dir='ltr'>voro</span> 
     </span>
     <span class='ocr_line' id='line_1_99' title="bbox 1447 3035 2492 3081; baseline -0.001 -10"><span class='ocrx_word' id='word_1_810' title='bbox 1447 3041 1608 3081; x_wconf 85' lang='lat' dir='ltr'>praecipua</span> <span class='ocrx_word' id='word_1_811' title='bbox 1627 3046 1726 3069; x_wconf 87' lang='lat' dir='ltr'>causa</span> <span class='ocrx_word' id='word_1_812' title='bbox 1749 3038 1799 3069; x_wconf 88' lang='lat' dir='ltr'>est</span> <span class='ocrx_word' id='word_1_813' title='bbox 1827 3037 2003 3077; x_wconf 85' lang='lat' dir='ltr'>primarum</span> <span class='ocrx_word' id='word_1_814' title='bbox 2029 3035 2215 3069; x_wconf 82' lang='lat' dir='ltr'>facultatum</span> <span class='ocrx_word' id='word_1_815' title='bbox 2241 3037 2492 3077; x_wconf 81' lang='lat' dir='ltr'>inconcinnitas,</span> 
     </span>
    </p>
   </div>
   <div class='ocr_carea' id='block_1_6' title="bbox 1446 3100 2501 3556">
    <p class='ocr_par' dir='ltr' id='par_1_10' title="bbox 1446 3100 2501 3556">
     <span class='ocr_line' id='line_1_100' title="bbox 1447 3100 2492 3141; baseline 0.002 -9"><span class='ocrx_word' id='word_1_816' title='bbox 1447 3102 1473 3132; x_wconf 94' lang='lat' dir='ltr'>si</span> <span class='ocrx_word' id='word_1_817' title='bbox 1494 3102 1574 3133; x_wconf 91' lang='lat' dir='ltr'>forte</span> <span class='ocrx_word' id='word_1_818' title='bbox 1586 3100 1746 3141; x_wconf 81' lang='lat' dir='ltr'>simplices</span> <span class='ocrx_word' id='word_1_819' title='bbox 1764 3100 1930 3132; x_wconf 84' lang='lat' dir='ltr'>facultates</span> <span class='ocrx_word' id='word_1_820' title='bbox 1946 3101 1997 3132; x_wconf 89' lang='lat' dir='ltr'>vel</span> <span class='ocrx_word' id='word_1_821' title='bbox 2014 3100 2222 3133; x_wconf 70' lang='lat' dir='ltr'>redundarint</span> <span class='ocrx_word' id='word_1_822' title='bbox 2236 3102 2286 3134; x_wconf 90' lang='lat' dir='ltr'>vel</span> <span class='ocrx_word' id='word_1_823' title='bbox 2301 3102 2492 3141; x_wconf 85' lang='lat' dir='ltr'>defecerint,</span> 
     </span>
     <span class='ocr_line' id='line_1_101' title="bbox 1447 3160 2492 3202; baseline 0.001 -9"><span class='ocrx_word' id='word_1_824' title='bbox 1447 3162 1548 3201; x_wconf 88' lang='lat' dir='ltr'>calor,</span> <span class='ocrx_word' id='word_1_825' title='bbox 1567 3161 1682 3202; x_wconf 75' lang='lat' dir='ltr'>frigus,</span> <span class='ocrx_word' id='word_1_826' title='bbox 1701 3161 1815 3192; x_wconf 87' lang='lat' dir='ltr'>humor</span> <span class='ocrx_word' id='word_1_827' title='bbox 1835 3163 1891 3192; x_wconf 91' lang='lat' dir='ltr'>aut</span> <span class='ocrx_word' id='word_1_828' title='bbox 1917 3160 2054 3193; x_wconf 86' lang='lat' dir='ltr'>siccitas.</span> <span class='ocrx_word' id='word_1_829' title='bbox 2100 3162 2174 3193; x_wconf 75' lang='lat' dir='ltr'>Post</span> <span class='ocrx_word' id='word_1_830' title='bbox 2199 3161 2266 3193; x_wconf 78' lang='lat' dir='ltr'>lias·</span> <span class='ocrx_word' id='word_1_831' title='bbox 2283 3163 2391 3194; x_wconf 85' lang='lat' dir='ltr'>autem</span> <span class='ocrx_word' id='word_1_832' title='bbox 2416 3164 2492 3194; x_wconf 89' lang='lat' dir='ltr'>suut</span> 
     </span>
     <span class='ocr_line' id='line_1_102' title="bbox 1446 3209 2493 3261; baseline 0.001 -9"><span class='ocrx_word' id='word_1_833' title='bbox 1446 3220 1608 3261; x_wconf 78' lang='lat' dir='ltr'>sanguinis</span> <span class='ocrx_word' id='word_1_834' title='bbox 1639 3219 1830 3252; x_wconf 87' lang='lat' dir='ltr'>mutationes</span> <span class='ocrx_word' id='word_1_835' title='bbox 1858 3221 1890 3251; x_wconf 90' lang='lat' dir='ltr'>et</span> <span class='ocrx_word' id='word_1_836' title='bbox 1919 3219 2111 3251; x_wconf 85' lang='lat' dir='ltr'>variationes</span> <span class='ocrx_word' id='word_1_837' title='bbox 2139 3209 2179 3251; x_wconf 60' lang='lat' dir='ltr'>ek</span> <span class='ocrx_word' id='word_1_838' title='bbox 2208 3220 2430 3261; x_wconf 81' lang='lat' dir='ltr'>corruptione,</span> <span class='ocrx_word' id='word_1_839' title='bbox 2459 3222 2493 3253; x_wconf 80' lang='lat' dir='ltr'>et</span> 
     </span>
     <span class='ocr_line' id='line_1_103' title="bbox 1447 3273 2501 3320; baseline 0.001 -10"><span class='ocrx_word' id='word_1_840' title='bbox 1447 3279 1551 3311; x_wconf 86' lang='lat' dir='ltr'>caruis</span> <span class='ocrx_word' id='word_1_841' title='bbox 1563 3279 1714 3311; x_wconf 79' lang='lat' dir='ltr'>marcidae</span> <span class='ocrx_word' id='word_1_842' title='bbox 1731 3273 1986 3320; x_wconf 81' lang='lat' dir='ltr'>depravationes,</span> <span class='ocrx_word' id='word_1_843' title='bbox 1999 3278 2024 3310; x_wconf 89' lang='lat' dir='ltr'>si</span> <span class='ocrx_word' id='word_1_844' title='bbox 2034 3287 2091 3319; x_wconf 93' lang='lat' dir='ltr'>pro</span> <span class='ocrx_word' id='word_1_845' title='bbox 2105 3287 2210 3310; x_wconf 85' lang='lat' dir='ltr'>rerum</span> <span class='ocrx_word' id='word_1_846' title='bbox 2228 3276 2501 3311; x_wconf 79' lang='lat' dir='ltr'>vicissitudinead&#39;</span> 
     </span>
     <span class='ocr_line' id='line_1_104' title="bbox 1446 3336 2492 3377; baseline 0.002 -9"><span class='ocrx_word' id='word_1_847' title='bbox 1446 3338 1573 3370; x_wconf 79' lang='lat' dir='ltr'>acidum</span> <span class='ocrx_word' id='word_1_848' title='bbox 1589 3338 1637 3371; x_wconf 92' lang='lat' dir='ltr'>vel</span> <span class='ocrx_word' id='word_1_849' title='bbox 1650 3338 1769 3370; x_wconf 86' lang='lat' dir='ltr'>salsum</span> <span class='ocrx_word' id='word_1_850' title='bbox 1783 3337 1830 3370; x_wconf 87' lang='lat' dir='ltr'>vel</span> <span class='ocrx_word' id='word_1_851' title='bbox 1844 3346 1916 3370; x_wconf 87' lang='lat' dir='ltr'>aere</span> <span class='ocrx_word' id='word_1_852' title='bbox 1932 3336 2092 3377; x_wconf 86' lang='lat' dir='ltr'>sanguinis</span> <span class='ocrx_word' id='word_1_853' title='bbox 2108 3336 2299 3369; x_wconf 81' lang='lat' dir='ltr'>mutationes</span> <span class='ocrx_word' id='word_1_854' title='bbox 2314 3341 2371 3369; x_wconf 89' lang='lat' dir='ltr'>aut</span> <span class='ocrx_word' id='word_1_855' title='bbox 2387 3338 2492 3370; x_wconf 84' lang='lat' dir='ltr'>carnis</span> 
     </span>
     <span class='ocr_line' id='line_1_105' title="bbox 1446 3395 2492 3437; baseline 0.001 -10"><span class='ocrx_word' id='word_1_856' title='bbox 1446 3396 1536 3428; x_wconf 86' lang='lat' dir='ltr'>tabes</span> <span class='ocrx_word' id='word_1_857' title='bbox 1556 3397 1723 3429; x_wconf 86' lang='lat' dir='ltr'>exsistant.</span> <span class='ocrx_word' id='word_1_858' title='bbox 1768 3396 1850 3429; x_wconf 82' lang='lat' dir='ltr'>Hinc</span> <span class='ocrx_word' id='word_1_859' title='bbox 1877 3396 1963 3429; x_wconf 91' lang='lat' dir='ltr'>enim</span> <span class='ocrx_word' id='word_1_860' title='bbox 1981 3396 2052 3428; x_wconf 90' lang='lat' dir='ltr'>bilis</span> <span class='ocrx_word' id='word_1_861' title='bbox 2073 3398 2104 3427; x_wconf 89' lang='lat' dir='ltr'>et</span> <span class='ocrx_word' id='word_1_862' title='bbox 2119 3395 2244 3436; x_wconf 83' lang='lat' dir='ltr'>pituitae</span> <span class='ocrx_word' id='word_1_863' title='bbox 2257 3396 2413 3437; x_wconf 85' lang='lat' dir='ltr'>origines,</span> <span class='ocrx_word' id='word_1_864' title='bbox 2430 3396 2492 3428; x_wconf 79' lang='lat' dir='ltr'>liu·</span> 
     </span>
     <span class='ocr_line' id='line_1_106' title="bbox 1447 3455 2493 3497; baseline 0.003 -12"><span class='ocrx_word' id='word_1_865' title='bbox 1447 3463 1553 3486; x_wconf 88' lang='lat' dir='ltr'>mores</span> <span class='ocrx_word' id='word_1_866' title='bbox 1583 3455 1720 3487; x_wconf 86' lang='lat' dir='ltr'>morbosi</span> <span class='ocrx_word' id='word_1_867' title='bbox 1749 3457 1782 3488; x_wconf 88' lang='lat' dir='ltr'>et</span> <span class='ocrx_word' id='word_1_868' title='bbox 1810 3456 1984 3488; x_wconf 83' lang='lat' dir='ltr'>humorum</span> <span class='ocrx_word' id='word_1_869' title='bbox 2010 3455 2162 3496; x_wconf 84' lang='lat' dir='ltr'>putredo,</span> <span class='ocrx_word' id='word_1_870' title='bbox 2179 3456 2284 3487; x_wconf 90' lang='lat' dir='ltr'>tenuis</span> <span class='ocrx_word' id='word_1_871' title='bbox 2309 3456 2438 3497; x_wconf 84' lang='lat' dir='ltr'>quidem</span> <span class='ocrx_word' id='word_1_872' title='bbox 2466 3456 2493 3488; x_wconf 85' lang='lat' dir='ltr'>si</span> 
     </span>
     <span class='ocr_line' id='line_1_107' title="bbox 1450 3513 2492 3556; baseline 0.004 -13"><span class='ocrx_word' id='word_1_873' title='bbox 1450 3521 1512 3544; x_wconf 90' lang='lat' dir='ltr'>non</span> <span class='ocrx_word' id='word_1_874' title='bbox 1532 3513 1571 3545; x_wconf 89' lang='lat' dir='ltr'>sit</span> <span class='ocrx_word' id='word_1_875' title='bbox 1592 3513 1621 3544; x_wconf 93' lang='lat' dir='ltr'>in</span> <span class='ocrx_word' id='word_1_876' title='bbox 1650 3514 1823 3555; x_wconf 86' lang='lat' dir='ltr'>profundo,</span> <span class='ocrx_word' id='word_1_877' title='bbox 1843 3514 1897 3547; x_wconf 91' lang='lat' dir='ltr'>sed</span> <span class='ocrx_word' id='word_1_878' title='bbox 1917 3514 2029 3546; x_wconf 86' lang='lat' dir='ltr'>curatu</span> <span class='ocrx_word' id='word_1_879' title='bbox 2057 3513 2213 3554; x_wconf 85' lang='lat' dir='ltr'>difficilis,</span> <span class='ocrx_word' id='word_1_880' title='bbox 2229 3514 2320 3555; x_wconf 83' lang='lat' dir='ltr'>cujus</span> <span class='ocrx_word' id='word_1_881' title='bbox 2338 3515 2492 3556; x_wconf 81' lang='lat' dir='ltr'>principia</span> 
     </span>
    </p>
   </div>
   <div class='ocr_carea' id='block_1_7' title="bbox 2605 1747 2638 3840">
    <p class='ocr_par' dir='ltr' id='par_1_11' title="bbox 2605 1747 2638 3840">
     <span class='ocr_line' id='line_1_108' title="bbox 2605 1747 2638 3840; baseline 0 0"><span class='ocrx_word' id='word_1_882' title='bbox 2605 1747 2638 3840; x_wconf 95' lang='lat' dir='ltr'> </span> 
     </span>
    </p>
   </div>
  </div>
 </body>
</html>
