2638 3840
949 263 1001 301 ΙΝ
1031 261 1264 302 TIMAEUM
1295 260 1559 303 PLATONIS.
2248 271 2320 303 ios

146 354 260 400 fissit
277 362 291 387 .-
307 353 485 387 ἀίων-σιω
502 359 599 393 ves-o,
615 359 685 394 per·
707 350 926 384 atamen-um
950 352 990 383 in
1014 352 1206 384 sinistrum

157 413 261 448 lesus
276 410 391 446 eidem
411 412 447 444 ei
464 410 573 444 simili
596 410 655 444 ilii
684 411 952 444 circumactioni
974 410 1108 443 virtute
1128 418 1208 451 pon·

157 471 333 515 maeque
347 470 493 504 rotariis
510 469 608 503 dato.
661 471 775 503 Unum
793 471 934 512 quippe,
957 471 998 502 ue
1019 471 1112 508 erat,
1134 477 1208 501 eam

156 532 192 564 es
208 530 399 564 indivisam
418 528 581 571 reliquit.
630 530 837 563 interiorem
861 536 942 562 vero
968 527 1071 560 scidit
1084 529 1210 567 sexies,

154 591 356 632 septemque
372 592 522 633 impares
533 587 630 622 orbes
641 573 840 630 subs-idaeus
856 588 907 620 est
919 587 1033 627 juxta
1055 586 1157 628 dupli
1177 587 1212 618 ce

46 663 50 666 ’
102 689 106 693 ,
155 649 259 694 mpii
277 652 398 692 spana
426 661 439 684 .·
462 648 628 692 urbesque
650 650 741 691 ipsos
770 649 956 681 contraria
984 647 1076 686 terri
1096 646 1207 687 jussu

157 710 366 751 detentione.
414 710 468 743 Bz
502 707 629 751 quibus
660 708 813 750 septem,
846 708 918 740 tres
952 705 1094 750 quidem
1130 707 1212 747 pari

156 768 353 809 reiecitaee,
366 769 527 811 quatuor
542 775 623 801 vero
636 768 671 800 et
694 765 831 800 sibimet
847 766 931 808 ipsis
953 767 987 799 ec
1006 764 1054 799 ad
1076 773 1212 807 συνηρα-

154 830 333 863 rationem
357 829 553 862 ceterorum
577 826 714 870 dispari
747 825 985 869 dissimilique
997 850 1007 866 ,
1037 824 1096 858 sed
1131 833 1211 857 cum

159 888 302 922 racione
312 912 323 929 ,
339 889 454 921 motis.

198 946 316 981 Lvni.
333 947 472 980 Rursum
490 954 556 987 quo
569 944 667 978 etiam
683 943 869 986 expertibus
884 942 1093 976 astronomiae
1103 966 1113 983 ,
1126 951 1213 974 assc-

157 1004 245 1039 cauo
273 1004 418 1038 tradatur
435 1004 650 1046 aliquetenus,
667 1011 706 1036 ea
722 1011 796 1044 que
813 1002 853 1034 ad
874 1003 1065 1044 praesentem
1094 1002 1212 1034 tracta·

157 1065 227 1098 inm
246 1063 416 1107 pertinent,
434 1063 588 1103 breviter,
608 1061 824 1103 dilucideque.
845 1062 942 1104 prout
966 1062 1082 1094 natura
1101 1069 1213 1093 eorum

156 1124 207 1157 est
223 1123 481 1166 explicabuntur.
525 1123 578 1156 Ait
604 1122 712 1162 Plato,
736 1120 849 1155 mundi
878 1120 1016 1154 (orniam
1042 1119 1213 1153 rotundam

158 1189 248 1223 esse,
264 1182 298 1215 et
323 1180 646 1224 globosam3terra1n
673 1179 751 1213 item
777 1178 964 1220 globosam,
981 1178 1015 1210 in
1044 1177 1215 1211 medietate

159 1239 273 1273 mundi
290 1239 397 1280 dum,
410 1247 547 1282 umque
561 1238 672 1281 puncti
691 1238 822 1280 quidem
839 1236 940 1270 instar
954 1236 1112 1276 obtinere,
1126 1234 1213 1277 quod

160 1296 202 1331 ad
221 1296 412 1340 mudum
429 1296 568 1339 pertinet
584 1308 593 1329 ε
609 1294 696 1338 quod
716 1303 793 1329 vero
805 1294 845 1327 ad
860 1293 1065 1335 exiguitatem
1076 1318 1086 1334 ‚
1104 1295 1192 1325 noire
1205 1318 1213 1333 ,

160 1365 237 1391 eum
250 1356 411 1390 universe
424 1354 470 1389 rel
485 1354 705 1397 magnitudine
717 1355 948 1396 comparatam.
994 1351 1070 1393 sed,
1086 1352 1214 1394 opinor,

158 1415 280 1454 dixisse
298 1415 361 1449 boc
377 1423 454 1449 eum
474 1423 539 1447 non
554 1412 687 1455 sufficit,
704 1412 766 1447 nisi
784 1413 846 1446 boc
863 1412 908 1446 ita
925 1421 996 1446 esse
1014 1411 1216 1445 evidentibus

160 1474 350 1510 mundatur
367 1473 556 1507 rationibus.
600 1473 767 1513 Quatenus
783 1471 880 1513 igitur
892 1471 1004 1504 mundi
1018 1471 1119 1504 torma
1132 1472 1215 1504 teres

158 1535 194 1569 et
213 1533 366 1577 globus?
386 1532 549 1575 Ptineipio
560 1531 740 1566 caelestium
759 1531 879 1573 ignium
893 1532 996 1573 ortus,
1013 1531 1099 1563 velut
1114 1538 1216 1563 erner-

162 1593 307 1635 gentium
316 1602 356 1627 es
368 1594 448 1634 imo,
459 1590 763 1635 peragrationesque
773 1599 849 1624 cum
860 1590 956 1624 certis
968 1589 1218 1624 exaltationibus

160 1654 196 1688 et
211 1652 364 1695 &scens
382 1650 657 1692 detentionibus,
677 1658 783 1692 usque
803 1650 846 1683 ad
865 1658 1041 1683 occasuum
1066 1649 1216 1682 submer-

160 1712 298 1754 sionem,
312 1719 490 1754 eorumque
506 1719 636 1744 rursum
655 1710 803 1752 ipsorum
823 1710 917 1743 ortus
931 1718 970 1743 ex
986 1708 1100 1743 eodem
1124 1708 1195 1742 loco
1205 1733 1214 1750 ‚

159 1772 195 1807 et
220 1771 299 1806 item
320 1778 456 1805 occasus
482 1770 516 1804 in
539 1768 713 1803 occiduum
729 1777 842 1810 mare,
861 1770 1020 1802 testantur
1036 1768 1161 1802 ambire
1181 1777 1217 1801 se

161 1829 278 1865 diebu
302 1830 336 1864 et
361 1828 512 1863 noctibus
538 1828 612 1862 eoeli
638 1828 795 1862 estimem
822 1827 1037 1870 superficiem.
1097 1827 1218 1860 Dehinc

160 1887 250 1932 quod
274 1896 315 1923 ex
340 1887 485 1931 qualibet
501 1888 633 1930 regione
657 1889 751 1921 terra
767 1886 912 1927 dimidia,
928 1888 962 1920 et
979 1886 1014 1919 in
1031 1886 1219 1919 summitate

162 1947 271 1991 posita
287 1946 401 1981 mundi
423 1955 498 1990 pars
514 1946 663 1981 videatur
678 1955 697 1980 a
714 1946 822 1987 nobis,
838 1944 968 1980 inferior
989 1954 1066 1979 vero
1082 1954 1147 1978 non
1170 1944 1217 1977 vi-

160 2005 287 2048 deatur,
307 2005 369 2039 nisi
392 2004 519 2040 dierum
546 2006 580 2040 et
611 2006 756 2039 noctium
782 2003 920 2045 vicibus,
937 2005 970 2038 et
999 2003 1216 2043 successione,

166 2065 313 2109 ”perior
331 2065 469 2107 reddita,
489 2065 629 2106 obiecta,
644 2066 679 2098 et
693 2063 777 2098 visui
794 2065 904 2097 nostro
915 2062 1104 2103 obsistente,
1122 2065 1216 2096 terra.

164 2126 251 2161 ‘rum
274 2125 363 2168 qnod
390 2134 430 2160 es
452 2125 541 2159 omni
571 2125 644 2159 visu
676 2133 790 2158 omnes
821 2124 914 2157 lineae
946 2123 1219 2166 undiqueversum

168 2187 339 2230 pundo,
354 2194 460 2228 usque
474 2185 515 2219 ad
531 2186 669 2219 extimos
682 2185 822 2218 ambitus
841 2184 915 2218 coeli
933 2183 1073 2227 muales
1089 2184 1219 2218 videan-

164 2246 233 2284 απ,
251 2245 398 2280 similiter
412 2248 448 2278 ut
471 2245 593 2287 circuli,
609 2245 702 2286 cuius
717 2254 736 2277 a
752 2246 872 2287 puncto
897 2243 977 2278 radii
996 2243 1221 2287 pervenientes

164 2315 269 2351 uque
286 2306 328 2341 ad
346 2307 501 2342 extimam
517 2306 823 2348 circumsedentem,
836 2305 952 2348 equali
965 2313 1120 2339 mensura
1131 2306 1219 2339 sunt.

167 2366 328 2400 proteres
353 2365 441 2409 qnod
469 2365 599 2407 signiioe
617 2365 760 2399 circulus
777 2364 909 2407 obliqua
934 2364 1088 2407 vertigine
1113 2365 1223 2398 levans

165 2424 201 2460 ia
218 2425 328 2467 ortum
343 2424 456 2467 signa,
471 2425 560 2458 certa
579 2433 619 2458 es
638 2423 776 2458 adverso
795 2424 1008 2457 consistentia
1019 2448 1029 2464 ,
1047 2423 1223 2457 diametro·

167 2492 233 2528 que
246 2483 399 2518 distantia
409 2507 420 2523 .
439 2483 535 2527 siges
547 2483 611 2518 alla
628 2483 730 2526 signis
745 2483 927 2518 orientibus
948 2483 1085 2526 condat,
1101 2485 1133 2517 et
1149 2491 1222 2525 pre·

169 2545 240 2578 mat
261 2544 296 2578 in
314 2550 481 2578 msam.
526 2543 611 2578 item
626 2544 664 2577 ut
681 2543 714 2577 ln
742 2544 827 2578 rotae
842 2542 1017 2586 vertigine,
1038 2543 1131 2585 cuius
1147 2551 1222 2576 curn

167 2604 255 2638 certa
274 2611 349 2647 pars
369 2602 539 2646 ascendat,
555 2602 722 2638 doecndn
739 2603 810 2645 eius
826 2602 963 2637 adversa
981 2616 989 2637 ε
1006 2602 1094 2646 quod
1114 2602 1146 2636 in
1162 2602 1223 2636 alia

170 2664 292 2705 bruna.
310 2663 372 2698 nisi
391 2664 425 2699 ln
443 2664 512 2699 sola
527 2663 726 2699 rotunditate
739 2689 750 2707 ,
767 2673 832 2698 non
853 2664 1014 2708 provenit.

210 2724 296 2762 ux.
314 2723 457 2767 spi-ar·
470 2724 582 2758 autem
605 2722 783 2758 similitudo
804 2724 838 2758 in
856 2724 962 2766 elilgie
987 2727 1082 2758 terre
1111 2723 1224 2758 multi·

170 2784 266 2818 mode
277 2782 571 2826 cumprebenditun
585 2783 637 2818 vei
651 2782 741 2827 quod
755 2792 820 2818 uon
833 2783 946 2818 iisdem
959 2783 1133 2817 momentis
1145 2786 1223 2817 tem·

170 2851 286 2886 porum
310 2840 380 2876 dies
407 2842 527 2885 ubique
546 2842 726 2885 illucescit,
744 2852 875 2886 noxque
897 2843 1075 2876 succedens
1094 2843 1226 2876 umbras

172 2900 269 2943 iacit.
284 2901 340 2936 sed
366 2905 435 2936 tam
454 2903 547 2936 ortus
561 2911 661 2945 quam
683 2911 819 2937 occasus
836 2903 868 2937 in
886 2902 954 2937 eois
978 2903 1109 2944 quidem
1131 2903 1227 2936 citius

172 2959 265 3002 flunt,
285 2960 319 2995 in
333 2959 477 2995 censui·
495 2969 572 2995 vero
595 2961 781 3005 redonibus
807 2962 940 3002 tardius,
959 2963 996 2995 ut
1020 2963 1227 3004 perspicuum

172 3017 217 3053 sit
242 3026 315 3053 esee
341 3017 484 3062 aliquam
512 3019 676 3053 elatiorem
704 3020 913 3054 eminentiam
942 3019 1025 3053 inter
1052 3021 1228 3063 utramque

173 3076 245 3112 omli
276 3077 422 3121 plagam,
448 3086 523 3121 qun
541 3077 678 3120 obiens,
700 3078 888 3122 priusquam
906 3078 954 3111 sol
975 3078 1031 3112 ilat
1057 3078 1224 3121 excelsior,

174 3137 282 3171 teneat
306 3136 411 3172 noetis
439 3137 582 3172 umbra.
626 3137 686 3172 Vel
716 3137 805 3181 quod
834 3138 921 3172 lunsn
950 3137 1107 3178 detectus.
1140 3138 1226 3172 idem

174 3195 296 3239 ubique
313 3195 496 3239 eodeansn
514 3198 680 3231 momento
697 3197 844 3231 accidens
855 3222 865 3238 ,
879 3197 1017 3230 diversis
1028 3197 1229 3239 teniporibus

175 3255 319 3298 notetur,
335 3254 451 3291 orienti
469 3255 602 3299 quidem
623 3256 738 3291 vicinis
757 3256 938 3299 regionibus
953 3256 1092 3296 tardius,
1113 3257 1229 3291 ceteris

177 3320 256 3348 vero
271 3322 328 3357 pre
343 3313 490 3350 beorum
505 3314 705 3357 diversitate,
718 3316 847 3358 prepter
859 3315 1035 3356 mirsctns.
1049 3317 1228 3360 metasque,

177 3373 210 3406 et
236 3373 400 3408 murales
420 3373 613 3410 udnenuas
629 3376 737 3415 term,
758 3383 823 3408 non
845 3373 959 3408 lisdem
982 3372 1101 3418 ubique
1126 3376 1228 3411 curri·

177 3430 259 3466 entis
293 3431 477 3468 illustrante
501 3433 568 3468 sole
596 3437 689 3468 terrm
717 3433 824 3477 plagss
845 3443 853 3466 ε
873 3433 1011 3477 ideoque
1034 3434 1096 3468 luci
1117 3435 1187 3478 eiua
1210 3444 1231 3470 e

179 3486 308 3524 etrusc
330 3490 466 3526 menis
481 3490 604 3526 umbris
629 3491 806 3526 etiamnum
821 3490 1037 3533 obstantibus.
1051 3494 1084 3525 et
1104 3500 1125 3526 a
1144 3492 1231 3528 luna

1272 350 1484 383 illustratione
1499 350 1759 392 prohibentibus,
1774 358 1848 382 cum
1864 349 1949 382 lunae
1965 349 2055 382 labor
2069 351 2226 383 nocturna
2242 352 2325 384 tem-

1272 409 1395 447 pestate
1411 407 1477 440 liat.
1521 407 1629 447 Quid?
1643 406 1731 448 quod
1745 406 1918 449 globositas
1934 411 2028 441 terrae
2045 407 2166 450 liquido
2181 412 2328 451 apparet,

1271 466 1348 499 item
1365 466 1505 508 aquiloni
1521 466 1805 508 septemtrionique
1815 490 1826 508 ‚
1841 467 1963 500 etitem
1976 469 2088 500 austro
2103 468 2326 509 meridiei-ine,
2349 469 2358 479 ⁸

1275 524 1432 567 subjecta,
1446 534 1520 558 cum
1537 534 1576 558 ex
1591 527 1728 567 utraque
1744 526 1875 567 regione
1888 525 1951 558 buc
1964 527 2062 567 atque
2076 526 2153 559 illuc
2164 527 2330 559 nocturnis

1273 585 1440 619 itineribus
1454 588 1673 619 commeantes
1696 585 1875 628 incognitas
1889 586 1949 619 sibi
1966 587 2073 620 stellas
2092 588 2239 628 spectant
2255 595 2331 619 cuin

1273 643 1483 677 admiratione
1509 645 1681 687 novitatis;
1711 654 1787 678 cum
1824 645 1867 679 sit
1898 644 2034 679 evidens
2063 655 2127 678 non
2166 646 2330 688 regionum

1273 701 1381 734 stellas
1398 709 1471 734 esse
1500 702 1663 744 proprias,
1683 702 1740 735 sed
1769 702 1916 736 homines
1943 702 2112 746 impediri,
2128 712 2193 744 quo
2222 703 2333 735 minus

1273 768 1388 793 omnes
1407 760 1552 801 videant.
1565 761 1733 804 sciantque
1749 763 1844 795 terrm
1859 761 2011 803 molibus,
2028 764 2129 804 atque
2155 770 2331 803 exaggera-

1273 820 1415 853 tionibus
1426 821 1507 853 visui
1517 821 1659 862 obiectis.
1709 825 1754 855 Ex
1766 831 1830 864 quo
1838 821 2052 862 concluditur,
2061 823 2181 855 terrem
2196 822 2334 863 spbaerae

1275 879 1372 920 globo
1387 880 1524 913 similem
1542 889 1632 921 esse,
1650 881 1745 922 cujus
1760 890 1802 915 ex
1820 881 1972 914 omnibus
1985 881 2167 923 regionibus
2188 890 2335 914 crescere

1276 940 1309 973 in
1339 940 1458 974 molem
1481 942 1666 983 superficies
1688 942 1992 984 comprehendatur.

1319 999 1385 1031 Lx.
1413 998 1503 1031 idem
1534 1000 1595 1031 lioc
1618 999 1716 1032 etiam
1739 999 1930 1032 naturaliter
1954 999 2107 1041 intelligi,
2135 1001 2169 1032 et
2190 1009 2335 1042 compre-

1277 1057 1384 1097 lnendi,
1410 1059 1527 1099 potoet.
1572 1058 1739 1100 Siquidem
1760 1059 1868 1091 omnia
1887 1067 1960 1100 qnae
1983 1059 2015 1091 in
2036 1058 2145 1100 aliquo
2161 1061 2238 1092 sunt
2253 1067 2337 1100 pon·

1274 1116 1370 1158 dere,
1389 1117 1549 1160 undique,
1565 1120 1597 1151 et
1623 1128 1664 1151 ex
1687 1118 1829 1160 qualibet
1851 1120 1960 1160 parte,
1989 1118 2111 1152 directo
2139 1121 2249 1152 tenore
2278 1118 2338 1153 de·

1274 1174 1472 1216 mendensis,
1487 1175 1527 1207 ad
1541 1184 1642 1209 unum
1656 1178 1812 1219 punctum
1824 1177 2007 1211 medietatis
2020 1180 2216 1219 commeant,
2227 1178 2338 1211 omnia

1276 1233 1452 1267 descensus
1474 1234 1568 1276 rigidi
1591 1237 1715 1269 tractus
1741 1236 1884 1278 iaciunt,
1911 1237 1943 1269 in
1970 1237 2103 1271 modum
2132 1239 2165 1271 et
2194 1238 2334 1280 speciem

1276 1292 1454 1334 linearum,
1484 1302 1503 1326 a
1531 1294 1645 1328 latiore
1675 1295 1809 1328 exordio
1830 1296 2063 1338 prosectarum,
2094 1298 2127 1330 et
2154 1297 2340 1338 angustiore

1276 1360 1406 1394 semper
1425 1354 1555 1387 tramite
1582 1363 1687 1396 usque
1715 1355 1757 1387 ad
1785 1356 1895 1397 puncti
1923 1356 2032 1389 sedem
2064 1356 2334 1398 pervenientium,

1275 1414 1410 1459 eandem
1442 1415 1554 1457 puncti
1582 1416 1693 1449 sedem
1716 1417 1896 1458 aequalibus
1926 1416 2071 1459 undique
2097 1417 2335 1450 circumsisten-

1275 1472 1361 1507 tibus
1392 1474 1534 1516 angulis,
1555 1484 1629 1517 quae
1659 1476 1709 1509 est
1734 1475 1838 1516 imago
1861 1475 2076 1509 rotunditatis.
2122 1478 2223 1509 Porro
2252 1475 2339 1518 quod

1275 1533 1384 1565 omnis
1405 1533 1437 1566 in
1464 1533 1682 1576 qualicunque
1709 1534 1851 1576 pondere
1873 1534 2024 1568 festinent
2044 1534 2086 1567 ad
2105 1535 2265 1577 medium,
2288 1535 2338 1568 sic

1276 1592 1439 1635 probatur,
1459 1593 1546 1635 quod
1563 1593 1660 1627 etism
1681 1594 1713 1627 vi
1728 1593 1931 1627 extrinsecus
1948 1594 2092 1628 adhibita
2109 1594 2168 1628 sibi
2184 1594 2337 1637 pleraque

1275 1651 1433 1694 pondera,
1456 1652 1511 1686 ubi
1538 1653 1679 1695 primum
1709 1653 1759 1687 vis
1782 1653 1961 1696 recesserit,
1986 1653 2165 1687 secundum
2186 1657 2335 1686 naturam

1277 1719 1379 1753 prona
1409 1712 1443 1745 iu
1471 1713 1591 1746 terram
1621 1712 1767 1746 serantur
1793 1725 1802 1747 ε
1823 1714 1861 1746 ut
1886 1713 1921 1746 in
1943 1713 2126 1755 iaculorum
2146 1712 2339 1753 tormentis,

1277 1779 1353 1813 quoe
1368 1780 1467 1814 quam
1486 1771 1543 1805 diu
1571 1771 1659 1814 viget
1680 1771 1812 1814 pulsus,
1834 1781 1992 1815 suspensa
2013 1772 2160 1813 volitare,
2177 1774 2210 1805 et
2228 1780 2339 1805 secure

1277 1839 1404 1872 auram,
1423 1830 1577 1864 videntur
1595 1843 1605 1864 ι
1624 1830 1680 1864 ubi
1699 1840 1794 1874 porro
1814 1831 1864 1865 vis
1883 1831 1949 1872 illa,
1973 1841 2046 1874 qum
2069 1831 2264 1874 impellebat,
2286 1830 2341 1863 de-

1279 1890 1407 1932 iecerit,
1426 1899 1585 1924 converso
1606 1899 1763 1925 mucrone
1789 1890 2012 1933 descendunt,
2036 1892 2078 1925 sd
2102 1893 2241 1932 terram,
2268 1899 2342 1932 quin

1283 1949 1438 1983 medietas
1459 1949 1572 1983 mundi
1594 1951 1664 1992 est,
1685 1950 1880 1984 festinantia.

1322 2010 1403 2043 bxi.
1427 2009 1523 2042 Maris
1541 2009 1659 2049 etiam,
1684 2010 1717 2043 et
1744 2010 1844 2043 totius
1867 2018 1981 2052 aquae,
1999 2018 2103 2053 quum
2127 2012 2178 2043 est
2198 2009 2232 2043 in
2253 2013 2340 2043 tran·

1282 2068 1442 2110 quillitate
1461 2068 1584 2111 stabili,
1606 2069 1721 2110 torma,
1739 2070 1775 2103 et
1794 2069 1931 2111 species,
1945 2070 2077 2112 apparet
2094 2068 2237 2110 globosa.
2253 2071 2336 2108 Qum

1279 2127 1366 2162 enim
1385 2129 1507 2162 stantes
1528 2127 1561 2162 in'
1578 2127 1685 2163 littore
1704 2128 1855 2163 videmus
1870 2128 1955 2162 ultra
1974 2129 2112 2171 fretum,
2132 2130 2169 2162 ut
2190 2128 2340 2162 arborem

1280 2188 1456 2228 turremve,
1467 2188 1635 2222 autetiam
1655 2187 1689 2221 ln
1707 2187 1821 2222 eodem
1839 2188 1920 2222 ireto
1936 2195 2053 2222 navem
2071 2196 2081 2220 ι
2100 2187 2171 2221 lioee
2185 2188 2343 2228 jacentes.

1280 2248 1452 2290 exaequata
1470 2247 1552 2281 facie
1571 2247 1723 2290 visuque,
1741 2256 1817 2281 cum
1847 2247 1945 2280 dorso
1971 2249 2005 2280 et
2032 2246 2203 2289 superficie
2230 2245 2343 2287 maris,

1281 2309 1338 2339 aut
1355 2306 1489 2339 omnino
1508 2315 1574 2340 non
1603 2306 1764 2347 videmus,
1779 2307 1837 2340 aut
1855 2306 1957 2340 multo
1976 2309 2064 2339 certe
2081 2305 2225 2346 minora,
2239 2313 2341 2348 quam

1282 2365 1371 2408 prius
1398 2366 1588 2400 videbantur
1621 2376 1631 2399 :
1662 2366 1841 2400 obsistente
1873 2365 2023 2400 videlicet
2040 2365 2336 2408 contemplantibus

1282 2425 1408 2459 marina
1431 2426 1635 2459 incurvitate.
1682 2427 1788 2468 Atque
1809 2425 1909 2459 ctiam
1932 2425 1965 2459 in
1989 2425 2170 2467 navigando
2190 2433 2344 2467 soepenu·

1283 2493 1393 2526 mero,
1409 2494 1484 2518 cum
1515 2484 1556 2519 de
1582 2484 1657 2518 navi
1679 2486 1765 2518 terra
1787 2484 1931 2518 noudum
1950 2484 2127 2525 videretur.
2144 2493 2278 2518 ascensa
2292 2493 2346 2518 ar-

1286 2544 1365 2578 bore
1383 2544 1536 2577 viderunt
1553 2545 1675 2585 nautae,
1695 2543 1819 2578 scilicet
1840 2545 1877 2578 ut
1896 2532 2054 2586 prsetexto
2075 2543 2232 2587 opposito
2250 2543 2346 2578 molis

1288 2611 1436 2645 emenso,
1458 2603 1559 2636 libero
1578 2603 1646 2645 iam
1667 2612 1707 2637 ex
1727 2603 1841 2636 altiore
1860 2602 2017 2646 despectu
2038 2602 2183 2644 subjecta
2202 2602 2346 2646 undique

1283 2662 1543 2697 considerentur.
1589 2661 1806 2696 Artiileialiter
1827 2670 1960 2705 quoque
1976 2662 2236 2704 considerantes,
2253 2662 2344 2696 inve-

1285 2722 1393 2756 nimus
1411 2730 1507 2764 aqum
1525 2720 1675 2764 placida,
1693 2722 1727 2756 et
1741 2721 1940 2764 quiescentis
1953 2721 2192 2763 globositatem.
2237 2721 2346 2763 Siqui-

1285 2780 1360 2815 dem
1385 2783 1503 2814 natura
1517 2780 1678 2815 tributum
1694 2780 1753 2822 sit,
1773 2782 1813 2815 ut
1829 2789 1868 2815 ex
1886 2780 2106 2823 superioribus
2125 2781 2204 2814 locis
2227 2780 2346 2815 humor

1287 2841 1319 2875 in
1335 2839 1536 2883 depressiora
1554 2839 1687 2876 defluat.
1733 2839 1819 2875 Sunt
1845 2849 1942 2883 pom
1967 2839 2104 2875 celsiora
2133 2839 2285 2883 quidem,
2307 2849 2345 2873 es

1285 2907 1392 2943 quaa
1416 2900 1643 2942 punctolerrn
1673 2900 1850 2943 plurimum
1875 2899 1996 2934 dietam
2023 2913 2032 2934 ι
2062 2899 2235 2934 humiliora
2253 2908 2342 2940 vero,

1287 2967 1362 3001 quai
1381 2958 1564 2993 minimum.
1609 2958 1705 3003 [Vide
1724 2959 1819 3001 ligur.
1836 2958 1893 3003 Ἃ]
1910 2961 2018 2999 Quare
2034 2959 2062 2992 si
2078 2967 2237 3001 ponamus
2252 2966 2345 3000 sqme

1286 3018 1489 3062 unpernciem
1501 3018 1643 3062 planam.
1654 3018 1687 3053 ln
1699 3018 1821 3054 direct·
1831 3020 1864 3054 et
1877 3017 1960 3052 linea
1970 3018 2108 3061 positam
2121 3030 2142 3051 α
2156 3019 2176 3060 β
2186 3028 2219 3059 γ,
2227 3016 2346 3050 deliine

1287 3086 1307 3111 a
1326 3079 1446 3120 puncto
1464 3079 1574 3121 term,
1593 3079 1702 3122 utpote
1730 3090 1763 3121 ιι,
1793 3087 1924 3112 sursum
1947 3086 2078 3112 versum
2104 3076 2245 3110 «tumtur
2262 3075 2346 3109 linea

1286 3149 1308 3171 ιι
1321 3138 1342 3181 β
1357 3149 1366 3172 ε
1382 3138 1618 3180 coniungantur
1628 3142 1738 3173 autem
1750 3138 1883 3174 extimas
1899 3137 2079 3182 superficiei
2093 3140 2200 3180 paries
2219 3135 2345 3169 duabus

1288 3194 1380 3231 lineis
1395 3196 1447 3231 bis
1458 3208 1480 3231 ιι
1495 3209 1529 3239 s,
1545 3198 1576 3232 et
1596 3209 1617 3231 ιι
1635 3209 1667 3240 γ,
1681 3199 1820 3240 majores
1834 3199 1930 3232 erunt
1945 3198 2091 3239 uimque
2107 3195 2217 3236 linem,
2228 3206 2248 3228 x
2263 3195 2284 3238 β
2303 3194 2345 3228 ti-

1287 3265 1358 3292 neo
1373 3259 1571 3302 comparata!
1588 3268 1598 3292 z
1614 3267 1697 3302 quas
1714 3259 1742 3293 si
1759 3267 1933 3302 esaequare
1949 3257 2161 3296 voluerimus.
2180 3254 2346 3298 perveniet

1289 3316 1523 3352 inoeemsntum
1554 3327 1657 3361 usque
1683 3318 1724 3351 ad
1745 3319 1766 3362 β
1781 3330 1823 3360 η,
1845 3322 1878 3352 et
1902 3318 1963 3351 erit
1994 3325 2068 3350 vera
2101 3315 2287 3357 sumrtlcies
2311 3314 2343 3347 in

1289 3386 1311 3409 n
1329 3387 1350 3416 η
1366 3387 1397 3418 γ.
1417 3377 1530 3420 ltaque
1543 3385 1583 3411 ex
1598 3377 1819 3419 superioribus
1834 3376 1977 3419 partibus
1993 3378 2059 3408 tam
2076 3385 2097 3407 α
2113 3382 2211 3415 quarn
2228 3384 2247 3414 γ
2265 3372 2345 3408 fluet

1289 3443 1374 3479 aqna
1398 3435 1430 3470 ln
1458 3435 1662 3470 humiliorem
1684 3437 1718 3478 β,
1734 3444 1838 3478 usque
1855 3444 1896 3469 eo
1914 3433 2019 3477 quoad
2045 3432 2208 3476 completo
2226 3440 2304 3466 vase
2325 3441 2345 3464 a

1291 3493 1393 3529 tundo
1414 3506 1435 3528 ι
1460 3496 1651 3538 coungatur
1669 3494 1871 3530 incremento
1889 3502 1983 3536 equor·
2002 3492 2100 3526 ctiam
2121 3494 2154 3533 β.
2170 3494 2205 3526 et
2230 3499 2343 3534 perve-

2164 3551 2206 3581 η.
