2606 3828
319 255 393 286 400

1003 243 1413 284 CYRENAICORUM
1443 245 1781 287 FRAGMENTA.

318 345 428 386 esset,
451 336 617 375 famulus
637 335 817 387 portabat
838 333 1067 386 pecuniam3
1088 333 1156 383 qui
1177 333 1360 383 quoniam
1426 334 1533 373 Adeo
1568 336 1636 374 ille
1667 345 1705 374 et
1738 336 1908 386 eligendi
1941 345 1978 374 et
2010 338 2284 377 contemnendi
2321 338 2471 391 peritus

316 407 435 433 onere
466 393 732 448 premebatur,
765 393 947 440 lffjumle,
979 392 1046 438 ait,
1078 394 1178 441 quod
1202 396 1359 429 nime‘um

315 464 378 501 est,
402 454 521 503 ecfer
535 463 713 504 quantum
732 461 852 501 potes.

369 514 430 552 Ad
452 514 535 553 haec
563 512 763 566 proditum
795 520 852 548 est
888 510 1133 562 Aristippum
1158 511 1363 561 navigasse

316 572 517 623 quondam
546 582 763 620 navemque
793 569 1000 620 piraticam
1022 581 1105 607 esse
1126 582 1215 607 sero
1246 570 1364 608 intei-

315 631 474 669 lexisse.
514 629 626 675 Quod
659 636 864 679 postquam
898 627 1193 676 animadvertit,
1224 641 1363 666 aurum

315 692 509 743 prolatum
545 688 785 735 numeravit,
819 686 963 725 deinde
993 687 1105 738 quasi
1139 688 1289 726 invitus
1323 690 1364 726 in

316 763 419 788 mare
444 749 606 799 abjecit,
632 756 748 798 atque
776 759 821 784 ea
839 746 988 784 scilicet
1007 747 1049 784 in
1085 759 1127 784 re
1154 748 1359 797 ingemuit.

315 809 413 847 Sunt
432 809 498 858 qui
530 819 618 845 eum
652 806 752 843 hanc
781 805 895 843 etiam
917 818 1054 843 vocem
1082 806 1253 844 edidisse
1285 819 1364 844 me-

319 876 470 906 morent
482 896 492 913 ,
515 869 676 903 Praestat
692 861 776 902 haec
791 864 841 901 ab
863 869 1066 915 Aristippo,
1083 879 1196 915 quam
1214 876 1369 915 propter

317 929 401 964 Jloec
418 931 650 975 Aristippum
661 927 776 975 perdi
795 923 887 976 (22).
899 922 1070 962 Fuerunt
1086 925 1154 975 qui
1172 938 1258 963 eum
1279 934 1367 976 post

315 986 383 1024 has
403 985 748 1037 peregrinationes·
762 984 802 1022 in
822 983 987 1035 patriam
1010 984 1175 1022 rediisse
1197 984 1367 1036 conjice·

316 1053 416 1092 rent,
429 1058 449 1081 a
460 1057 626 1095 quorum
641 1043 829 1094 opinione
840 1055 919 1080 non
936 1042 1147 1082 abhorreo.
1166 1044 1186 1081 J
1193 1057 1253 1082 am
1271 1057 1366 1082 vero

315 1112 476 1151 constat,
493 1115 579 1141 eum
604 1102 747 1141 Siciliae
767 1103 947 1153 tyrannis
965 1102 1160 1154 placuisse
1183 1113 1220 1142 et
1238 1104 1363 1154 quoti-

314 1164 432 1202 diana
451 1162 734 1200 consuetudine
753 1175 841 1199 cum
860 1170 1030 1212 utroque
1060 1163 1256 1214 Dionysio
1272 1177 1364 1201 con-

310 1224 490 1275 junctum
512 1223 632 1261 fuisse
656 1221 748 1275 (23),
768 1221 950 1260 Versatus
971 1223 1094 1271 igitur
1114 1232 1170 1261 est
1187 1234 1369 1273 regnante

315 1283 506 1334 Dionysio
542 1282 692 1333 Majore
726 1295 804 1320 una
839 1295 927 1320 cum
961 1281 1124 1320 Platone
1159 1283 1367 1335 Syracusis

314 1343 447 1395 primo
466 1342 713 1394 Olympiadis
740 1342 790 1391 98
815 1354 929 1379 anno.
954 1341 1038 1379 Huc
1057 1351 1205 1393 spectat
1225 1343 1296 1381 illa
1317 1343 1364 1381 dc

316 1402 490 1441 Platonis
510 1401 749 1439 verecundia
775 1410 814 1439 et
830 1401 1027 1453 Aristippi
1049 1402 1208 1440 levitate
1229 1415 1368 1440 narra-

317 1462 386 1501 tio.
411 1461 567 1512 Quippe
598 1460 765 1511 jubente
795 1460 993 1511 quondam
1027 1461 1222 1512 Dionysio
1251 1474 1369 1513 super

316 1522 450 1558 vinum
471 1528 509 1557 et
527 1520 660 1570 epulas
679 1520 859 1568 singulos
885 1519 927 1557 in
947 1533 1147 1571 purpurea
1174 1529 1284 1558 veste
1300 1520 1372 1558 sal·

318 1588 416 1627 tare,
436 1578 548 1629 ajunt
565 1578 767 1615 Platonem
786 1577 934 1628 rejecta
951 1591 1130 1630 purpura
1150 1578 1298 1616 dixisse
1317 1592 1325 1615 ε

401 1671 595 1705 Effeminata
610 1673 699 1704 veste
717 1680 782 1704 non
801 1680 934 1712 possum
955 1671 1057 1703 indui.

319 1759 465 1796 Contra
491 1756 739 1807 Aristippum
763 1764 890 1794 sumta
910 1755 1013 1806 palla
1029 1753 1190 1805 jamjam
1214 1754 1367 1791 saltatu-

319 1831 406 1857 rum
427 1817 522 1856 scite
537 1816 611 1854 hoc
629 1815 747 1853 modo
766 1815 938 1853 locutum
957 1826 1040 1853 esse
1062 1828 1070 1850 ε

609 1903 711 1936 sacris
727 1912 787 1935 nec
807 1903 912 1935 Liberi

403 1952 503 1994 patris
524 1951 642 1993 pudica
657 1960 763 1992 menS,
779 1953 858 1992 puto
871 1974 880 1990 ,
896 1949 1114 1991 corrumpitur
1136 1948 1193 1990 (4).

324 2037 414 2077 Atia
446 2035 654 2074 occasione
674 2034 805 2072 oblata
831 2047 909 2084 qua
935 2032 1152 2083 Dionysius
1177 2045 1226 2070 ex
1245 2031 1374 2070 tribus

322 2095 596 2134 meretricibus
621 2106 738 2132 unam
767 2093 910 2142 eligere
937 2093 1067 2143 ipsum
1089 2091 1276 2142 jubebat,
1297 2099 1374 2128 tres

322 2155 438 2193 simul
459 2153 637 2200 abduxit,
663 2153 818 2201 dicens,
853 2164 901 2189 ne
931 2150 1067 2191 Paridi
1089 2150 1249 2201 quidem
1278 2163 1375 2201 pro-

324 2213 442 2252 fuisse
454 2243 466 2264 ,
490 2212 596 2264 quod
614 2224 730 2249 unam
749 2211 899 2250 caeteris
918 2210 1150 2262 praetulerit.
1174 2209 1254 2248 Has
1285 2222 1376 2247 vero

324 2273 372 2311 ad
392 2271 630 2311 vestibulum
646 2284 771 2322 usque
791 2269 975 2308 deductas
999 2268 1198 2307 dimisisse
1229 2268 1369 2307 fertur.

325 2392 399 2424 ὅαλε
412 2416 421 2432 ,
443 2391 513 2432 ἔφη.
533 2388 684 2421 Horatius
700 2389 804 2420 Serm.
818 2388 875 2419 lib.
895 2389 940 2427 11,
955 2390 987 2427 3,
1011 2388 1091 2418 100:
1110 2384 1187 2426 quid
1205 2383 1309 2427 simite
1323 2384 1366 2416 ist

326 2440 459 2471 Graecus
488 2436 690 2477 Aristippus?
723 2435 779 2475 qui
800 2443 912 2467 servos
941 2432 1100 2474 projicere
1126 2440 1241 2464 aurum
1260 2432 1293 2463 in
1312 2440 1378 2463 me-

327 2487 379 2519 dia
394 2486 490 2526 jussit
507 2485 624 2525 Libya,
647 2484 723 2524 qnia
742 2482 866 2515 tardius
885 2482 970 2514 irent
995 2482 1126 2521 propter
1144 2488 1227 2511 onus
1251 2488 1378 2518 segnes.

327 2533 490 2566 Ausonius
518 2531 635 2572 Idyltio
656 2531 793 2563 XXXI:
831 2529 952 2571 spargit
983 2528 1166 2567 Aristippus
1195 2526 1312 2558 mediis
1346 2526 1378 2557 in

327 2580 475 2621 Syrtibus
495 2588 621 2611 aurum.
647 2597 688 2606 --
707 2578 772 2619 (22)
797 2578 952 2618 Diogenes
981 2576 1129 2608 Laertius
1158 2575 1214 2606 lib.
1237 2576 1284 2612 ΙΙ,
1305 2578 1342 2607 77
1369 2588 1377 2607 :

327 2630 430 2661 πλέων
446 2627 543 2666 ποτέ,
567 2627 634 2658 ἐπεὶ
666 2627 702 2658 τὸ
729 2625 848 2666 σκάφος
873 2625 953 2661 ἔγνω
985 2623 1184 2664 πειρατικόν,
1218 2623 1322 2654 λαὸὼν
1345 2623 1380 2655 τὸ

329 2676 460 2717 χρυσίον
483 2674 616 2716 ἠρίθμει·
644 2673 752 2705 ἔπειτα
770 2673 800 2709 ἐς
816 2672 987 2711 θάλατταν,
1010 2673 1054 2707 ὡς
1075 2672 1117 2709 μή
1135 2671 1231 2702 θέλων
1244 2694 1253 2709 ,
1278 2681 1379 2710 παρα-

329 2722 500 2759 κατέὸαλε,
526 2722 581 2752 καὶ
615 2722 704 2759 δῆθεν
720 2720 899 2761 ἀνῴμωξεν.
922 2721 962 2750 Οἱ
990 2719 1023 2750 δὲ
1042 2718 1095 2749 καὶ
1128 2718 1264 2749 ἐπειπεῖν
1289 2729 1380 2758 φασιν

332 2769 449 2809 αὐτόν,
481 2770 523 2805 ὡς
556 2768 682 2808 ἄμεινον
710 2771 808 2800 ταῦτα
833 2766 886 2798 ὑπ’
915 2765 1135 2807 Ἀριστίππου,
1156 2766 1176 2803 ἢ
1204 2765 1254 2796 διὰ
1284 2769 1381 2796 ταῦτα

336 2817 535 2859 Ἀρίστιππον
567 2815 749 2846 ἀπολέσθαι.
777 2814 862 2845 Vide
880 2813 995 2852 fragm.
1023 2814 1076 2845 36.
1093 2829 1135 2835 —
1157 2811 1223 2852 (23)
1246 2812 1380 2843 Luciani

332 2863 439 2897 Schol.
459 2862 499 2894 ad
519 2861 659 2902 Menipp.
678 2871 708 2902 p.
731 2866 782 2900 20,
800 2864 831 2899 7,
851 2861 891 2892 de
908 2859 1091 2899 Aristippo:
1107 2862 1207 2899 παρῆν
1225 2860 1380 2900 Διονυσίῳ

331 2914 377 2951 τῷ
390 2909 547 2950 πρεσὸύτῃ
567 2907 650 2938 κατὰ
665 2909 720 2943 τήν
736 2907 876 2938 Σικελίαν
890 2907 957 2938 κτλ.
979 2923 1018 2928 ——
1034 2906 1101 2946 (24)
1120 2906 1277 2945 Diogenes
1289 2908 1380 2938 Laer-

334 2959 397 2990 tius
413 2957 468 2988 lib.
490 2957 534 2993 11,
549 2958 588 2987 78
605 2966 613 2986 :
633 2955 686 2985 καί
702 2965 777 2986 ποτε
791 2954 876 2995 παρὰ
889 2954 984 2985 πότον
1001 2953 1203 2988 κελεύσαντος
1215 2953 1381 2984 Διονυσίου

333 3005 467 3037 ἕκαστον
498 3002 529 3033 ἐν
561 3003 701 3042 πορφυρᾷ
730 3001 835 3038 ἐσθῆτι
862 3000 1077 3041 ὀρχήσασθαι,
1109 2999 1223 3039 (φασὶ)
1254 3000 1308 3030 τὸν
1327 2999 1381 3040 μὲν

335 3051 490 3084 Πλάτωνα
506 3048 548 3089 μὴ
566 3049 737 3087 προσέσθαι
757 3047 893 3079 εἰπόντα·
910 3047 979 3078 Οὐκ
992 3047 1028 3077 ἂν
1051 3045 1200 3086 δυναίμην
1221 3046 1312 3083 θῆλυν
1332 3047 1379 3078 έν-

335 3100 421 3131 δῦναι
454 3096 579 3133 στολήν.
610 3096 671 3127 Τὸν
689 3095 722 3126 δὲ
760 3094 958 3135 Ἀρίστιππον
989 3093 1123 3124 λαὸόντα
1149 3094 1202 3123 καὶ
1234 3094 1382 3133 μέλλοντα

335 3146 530 3188 ὀρχήσασθαι
547 3142 705 3183 εὐστόχως
725 3142 831 3174 εἰπεῖν·
859 3141 921 3173 Καὶ
945 3141 1003 3183 γὰρ
1024 3141 1053 3172 ἐν
1075 3141 1292 3181 βακχεύμασιν
1312 3141 1380 3174 οὗσ’

337 3195 357 3232 ἥ
373 3204 408 3229 γε
425 3193 556 3233 σώφρων
571 3191 607 3223 οὗ
621 3190 873 3230 διαφθαρήσεται.
896 3188 1010 3220 Suidas
1032 3199 1040 3219 z
1061 3188 1114 3219 καὶ
1126 3188 1201 3227 πρὸς
1215 3188 1381 3221 Διονύσιον

337 3243 388 3272 τὸν
406 3240 546 3275 Σικελίας
562 3240 708 3279 τύραννον
726 3237 839 3271 ἐλθών,
867 3236 920 3267 καὶ
937 3235 1035 3267 πίνων
1048 3258 1057 3273 ,
1082 3234 1170 3265 ἐνίκα
1181 3258 1191 3273 ,
1215 3237 1266 3271 καὶ
1286 3237 1380 3278 ὀρχῆ-

339 3299 419 3324 σεως
436 3291 489 3325 τῆς
511 3287 602 3323 ἄλλης
621 3285 786 3325 κατῆρξεν,
802 3283 886 3320 ἐνδὺς
907 3283 1024 3319 ἐσθῆτα
1036 3281 1184 3321 ἁλουργῆ,
1204 3283 1333 3314 Πλάτων
1350 3285 1382 3317 δὲ

339 3334 622 3376 προσκομιζομένης
643 3333 731 3371 αὐτῷ
754 3334 808 3368 τῆς
827 3332 938 3367 στολῆς
953 3329 1035 3360 εἶπεν
1055 3327 1222 3368 Εὐριπίδου
1238 3330 1381 3370 ἶαμὸικά,

341 3375 408 3412 Οὐκ
420 3382 456 3412 ἂν
476 3380 626 3420 δυναίμην
641 3379 732 3417 θῆλυν
747 3379 866 3410 ἐνδῦναι
881 3377 1005 3416 στολήν,
1020 3375 1136 3416 Ἀρῤην
1154 3376 1311 3415 πεφυκώς,
1329 3376 1382 3407 καὶ

342 3429 446 3467 γένους
469 3429 498 3464 ἐξ
521 3428 657 3469 ἄρρενος.
688 3425 887 3466 Ἀρίστιππος
917 3424 950 3456 δὲ
979 3422 1140 3462 δεξάμενος
1173 3423 1222 3453 καὶ
1249 3423 1384 3462 γελάσας

345 3475 411 3504 εἶπε
429 3478 483 3505 τοῦ
502 3474 597 3505 αὐτοῦ
622 3475 773 3512 ποιητοῦ,
795 3473 854 3504 Καὶ
875 3471 932 3512 γὰρ
952 3471 982 3503 ἐν
1003 3469 1221 3512 βακχεύμασιν
1247 3471 1264 3500 ὁ
1278 3474 1347 3506 νοῦς
1367 3471 1384 3501 ὁ

1425 394 1608 445 fuit(25).
1632 395 1755 434 Venio
1781 409 1883 433 nunc
1916 395 1963 432 ad
1993 397 2263 445 gravissimum
2299 397 2470 437 Diodori

1424 451 1543 491 Siculi
1563 453 1640 506 (26)
1659 455 1939 501 testimonium,
1962 454 2030 505 qui
2052 454 2123 494 lib.
2143 454 2209 493 XV
2225 469 2313 508 cap.
2348 457 2398 505 76
2419 457 2470 495 de

1425 511 1540 550 tertio
1571 513 1814 564 Olympiadis
1843 514 1913 551 103
1938 526 2041 551 anno
2057 514 2143 552 sive
2162 522 2250 554 ante
2269 515 2360 555 Chr.
2389 515 2467 554 366

1425 582 1543 620 agens
1568 584 1655 609 cum
1677 572 1775 610 alios
1792 572 1878 623 ejus
1907 572 2030 610 aetatis
2060 572 2172 611 viros
2191 572 2329 612 doctos
2344 602 2356 621 ‚
2387 575 2470 611 tum

1426 629 1671 682 Aristippum
1701 631 1932 669 nominatim
1960 631 2124 683 profert.
2154 632 2256 671 Rinc
2280 631 2476 683 intelligi-

1427 695 1504 736 tur,
1523 689 1751 741 Cyrenaeum
1778 691 1892 729 etiam
1913 699 1993 729 tum
2014 692 2262 743 superstitem
2290 691 2421 732 fuisse.
2443 692 2478 730 A

1426 748 1556 798 primo
1591 748 1838 800 Olympiadis
1873 751 1925 799 98
1958 762 2062 788 anno
2094 763 2218 801 usque
2237 749 2287 788 ad
2316 750 2476 789 tertium

1428 807 1676 859 Olympiadis
1700 813 1771 852 ¹04
1806 821 1949 847 annum
1984 809 2144 848 sortasse
2170 810 2213 848 in
2234 809 2361 862 patria
2382 807 2482 848 urbe

1429 868 1569 919 saepius
1589 876 1852 907 commoratus
1871 877 1945 919 est,
1966 869 2103 920 ibique
2124 870 2159 909 si
2186 882 2267 908 non
2297 869 2413 917 alios,
2439 877 2479 908 at

1430 926 1548 964 titiam
1567 926 1700 965 saltem
1731 927 1901 966 instituit
1929 926 2025 980 (27).
2047 927 2149 966 Tum
2181 928 2323 980 quarto
2342 928 2481 980 Olym-

1429 985 1558 1036 piadis
1580 991 1649 1031 ¹04
1672 998 1776 1023 anno
1802 999 1880 1024 una
1899 999 1986 1024 cum
2006 987 2171 1026 Platone
2191 987 2386 1039 Dionysio
2406 987 2481 1026 Mi-

1428 1045 1515 1082 nori
1541 1044 1677 1084 adsuit.
1701 1045 1854 1083 Etenim
1881 1044 1930 1083 ad
1959 1044 2032 1083 hoc
2050 1045 2157 1096 quod
2189 1059 2278 1084 cum
2310 1053 2480 1096 tyranno

1431 1103 1567 1141 habuit
1588 1104 1867 1142 commercium
1882 1104 2014 1143 varios
2034 1104 2224 1155 Diogenis
2237 1103 2484 1155 aliorumque

1431 1163 1668 1214 scriptorum
1722 1163 1833 1200 locos
1877 1163 2096 1202 referimus.
2139 1162 2303 1202 Cuidam
2339 1162 2484 1202 videli-

1431 1230 1490 1260 cet
1514 1222 1611 1275 (28),
1628 1222 1733 1273 quod
1765 1235 1788 1259 a
1809 1222 2003 1273 Dionysio
2024 1225 2108 1274 ipse
2125 1223 2348 1274 pecuniam,
2371 1221 2485 1260 Plato

1432 1280 1577 1319 tibrum
1595 1282 1820 1333 accepisset,
1837 1281 2066 1332 objurganti
2092 1281 2318 1334 respondit,
2337 1281 2486 1334 Nempe

1431 1353 1504 1390 ego
1524 1344 1692 1393 pecunia
1710 1355 1820 1392 egeo,
1851 1342 1963 1380 Plato
1998 1341 2128 1382 libris.
2161 1343 2335 1395 Asputus
2355 1341 2439 1394 (29)
2461 1354 2485 1380 a

1437 1400 1629 1453 Dionysio
1659 1402 1934 1440 contumeliam
1964 1416 2076 1453 oequo
2112 1403 2244 1441 animo
2279 1413 2487 1454 perpessus

1432 1470 1502 1500 est.
1538 1461 1633 1506 Quae
1659 1474 1721 1499 res
1751 1461 1937 1512 quoniam
1958 1461 2035 1512 ipsi
2065 1461 2347 1513 vituperationi
2377 1459 2484 1499 suit:

1433 1518 1539 1558 Itane
1560 1534 1669 1568 vero,
1687 1520 1831 1571 inquit,
1856 1520 2070 1572 piscatores
2092 1529 2134 1559 ut
2153 1520 2316 1570 gobium
2330 1532 2480 1559 venen-

1434 1587 1509 1626 tur,
1529 1580 1630 1617 mari
1651 1579 1854 1631 patiuntur
1873 1591 1915 1617 se
1930 1580 2109 1630 aspergi,
2133 1589 2170 1618 et
2189 1592 2278 1631 ego,
2307 1587 2352 1617 ut
2371 1577 2486 1617 blen-

1433 1651 1526 1676 num
1573 1640 1738 1690 capiam,
1781 1651 1861 1676 non
1895 1638 2025 1690 patiar
2057 1647 2171 1690 sputo
2205 1651 2269 1677 me
2302 1637 2485 1690 aspergi?

1435 1698 1654 1736 sciscitanti
1691 1697 1910 1748 Dionysio,
1948 1711 2018 1735 eur
2052 1697 2281 1750 philosophi
2319 1696 2498 1751 divitum·

1436 1757 1538 1794 fores
1560 1757 1784 1808 frequenter
1801 1755 1974 1804 adirent,
1999 1756 2143 1796 divites
2162 1765 2289 1795 autem
2310 1755 2488 1808 philoso-

1437 1815 1602 1867 phorum
1624 1817 1761 1855 domos
1781 1829 1861 1853 non
1888 1816 1980 1854 item
1995 1844 2007 1863 ‚
2037 1816 2241 1868 respondit
2262 1829 2272 1855 ε
2300 1817 2412 1864 Quod
2429 1818 2491 1852 ille·

1434 1879 1572 1925 sciunt,
1602 1877 1733 1925 qulbus
1756 1877 1974 1924 incligeant;
1993 1884 2036 1912 at
2049 1875 2088 1912 Ιιὶ
2106 1873 2376 1926 nesciunt(30).

1439 2010 1571 2051 σώφρων
1587 2009 1625 2041 οὗ
1642 2007 1896 2050 διαφθαρήσεται.
1914 2007 1990 2040 Vid.
2019 2007 2134 2048 fragm.
2153 2010 2207 2041 39.
2224 2025 2265 2031 ·—-
2282 2006 2350 2048 (25)
2371 2006 2488 2048 Dioge·
2547 2009 2550 2012 ’

1437 2065 1494 2088 nes
1514 2057 1656 2088 Laertius
1670 2056 1725 2088 lib.
1744 2057 1788 2096 ΙΙ,
1802 2059 1864 2089 67:
1885 2054 2051 2087 Διονυσίου
2071 2055 2168 2095 ποτέ,
2181 2057 2276 2096 τριῶν
2286 2055 2416 2096 ἑταιρῶν
2432 2056 2491 2088 ού-

1438 2107 1517 2142 σῶν,
1538 2103 1611 2143 μίαν
1629 2103 1810 2139 ἐκλέξασθαι
1829 2103 2031 2138 κελεύσαντος
2042 2124 2050 2136 ,
2070 2102 2123 2138 τὰς
2138 2105 2220 2143 τρεῖς
2241 2102 2425 2142 ἀπήγαγεν,
2442 2105 2489 2138 εἰ-

1437 2150 1517 2181 πών’
1530 2149 1611 2182 Οὐδὲ
1628 2152 1673 2190 τῷ
1693 2149 1808 2191 Πάριδι
1828 2149 1997 2188 συνήνεγκε
2014 2147 2086 2188 μίαν
2109 2150 2285 2189 προκρῖναι.
2304 2147 2492 2190 Ἀπαγαγὼν

1440 2198 1563 2237 μέντοι,
1586 2197 1698 2237 φασίν,
1727 2196 1824 2232 αὐτὰς
1848 2196 1921 2238 ἄχρι
1943 2198 2000 2227 τοῦ
2019 2196 2153 2236 θυρῶνος
2167 2219 2175 2235 ,
2195 2194 2359 2226 ἀπέλυσεν.
2378 2195 2491 2234 Οὕτως

1437 2244 1475 2284 ἢν
1495 2245 1547 2276 καὶ
1566 2245 1688 2277 ἑλέσθαι
1705 2244 1760 2275 καὶ
1777 2246 2012 2284 καταφρονῆσαι
2029 2241 2136 2278 πολύς.
2157 2240 2231 2273 Vid.
2257 2240 2377 2282 fragm.
2398 2247 2431 2277 2.
2450 2261 2493 2267 —

1442 2292 1508 2332 (26)
1528 2292 1691 2324 Diodorus
1712 2291 1837 2324 Siculus
1857 2290 1912 2322 tib.
1934 2291 1994 2322 XV
2015 2297 2088 2330 cap.
2113 2291 2178 2321 76:
2201 2289 2340 2329 ὑπῆρξαν
2355 2289 2390 2322 δὲ
2408 2291 2493 2324 κατὰ

1439 2341 1566 2376 τούτους
1593 2339 1663 2376 τοὺς
1693 2337 1822 2380 χρόνους
1848 2337 1952 2378 ἄνδρες
1982 2337 2065 2369 κατὰ
2088 2335 2232 2368 παιδείαν
2265 2335 2346 2372 ἄξιοι
2369 2337 2492 2379 μνήμης

1446 2386 1627 2428 Ἰσοκράτης
1642 2397 1676 2418 τε
1695 2386 1712 2417 ὁ
1729 2386 1831 2427 ῥήτωρ
1846 2385 1899 2416 καὶ
1918 2386 1948 2416 οἱ
1967 2384 2079 2416 τούτου
2099 2382 2260 2424 γενόμενοι
2276 2383 2412 2424 μαθηταὶ
2431 2385 2487 2416 καὶ

1447 2434 1656 2476 Ἀριστοτέλης
1678 2434 1696 2466 ὁ
1714 2433 1896 2474 φιλόσοφος,
1917 2432 1962 2464 ἔτι
1978 2432 2011 2465 δὲ
2028 2431 2221 2470 Ἀναξιμένης
2238 2431 2256 2462 ὀ
2273 2431 2494 2472 Λαμψακηνὸς

1440 2485 1493 2513 καὶ
1515 2481 1648 2514 Πλάτων
1669 2482 1686 2512 ὁ
1711 2481 1894 2524 Ἃθηναῑος,
1911 2479 1956 2511 ἔτι
1973 2478 2007 2512 δὲ
2029 2481 2091 2510 τῶν
2114 2478 2343 2519 Πυθαγορικῶν
2363 2478 2493 2517 minens·

1441 2540 1506 2569 φων
1522 2529 1550 2559 οἱ
1565 2529 1753 2567 τελευταῖοι,
1778 2527 1927 2568 Ξενοφῶν
1945 2536 1978 2558 τε
1997 2527 2014 2557 ὁ
2032 2526 2087 2562 τὰς
2109 2523 2247 2565 ἱστορίας
2266 2523 2492 2566 συγγραψάμε-

1440 2587 1492 2612 νος
1509 2575 1730 2616 ἐσχατογήρως
1743 2574 1787 2605 ὤν
1811 2574 1984 2615 (μέμνηται
2001 2573 2062 2613 γὰρ
2084 2576 2138 2610 τῆς
2165 2570 2421 2610 Ἐπαμεινώνδου
2439 2581 2492 2603 τε·

1441 2624 1548 2660 λευτῆς
1568 2621 1634 2661 μετ’
1648 2621 1752 2661 ὀλίγον
1768 2621 1878 2662 χρόνον
1900 2619 2142 2661 γεγενημένης),
2164 2615 2363 2658 Ἀρίστιππος
2381 2627 2416 2648 τε
2437 2627 2492 2649 κα.

1447 2670 1636 2707 Ἀντισθένης
1647 2693 1656 2708 ,
1686 2669 1760 2710 πρὸς
1777 2670 1811 2701 δὲ
1829 2668 1948 2704 τούτοις
1965 2666 2111 2707 Αἰσχίνης
2131 2667 2149 2697 ὁ
2166 2664 2313 2707 Σφήττιος
2327 2665 2344 2696 ὁ
2360 2664 2491 2705 Σωκρα-

1442 2716 1541 2751 τικός.
1559 2734 1594 2738 -
1614 2716 1682 2756 (27)
1697 2715 1855 2755 Diogenes
1869 2714 2014 2747 Laertius
2029 2712 2084 2745 lib.
2101 2714 2142 2751 ΙΙ,
2157 2713 2197 2743 72
2214 2723 2223 2742 2
2237 2711 2278 2742 τὰ
2291 2710 2405 2751 ἄριστα
2415 2711 2493 2743 ὑπε-

1442 2764 1542 2795 τίθετο
1555 2766 1592 2803 τῇ
1613 2763 1739 2804 θυγατρὶ
1765 2761 1876 2803 Ἀρήτῃ
1896 2762 2063 2792 συνασκῶν
2089 2758 2187 2796 αὐτὴν
2210 2758 2420 2798 ὑπεροπτικὴν
2434 2759 2492 2790 τοῦ
2516 2779 2518 2784 2

1443 2810 1584 2846 πλείονος
1600 2810 1690 2841 εἶναι.
1717 2812 1750 2841 tu
1768 2809 1903 2840 eandem
1923 2806 2116 2839 sententiam
2134 2806 2328 2846 personatus
2349 2805 2493 2845 Aristip-

1445 2866 1506 2898 pus
1529 2866 1537 2885 t
1557 2857 1741 2895 ὑποτίθεμαι
1763 2855 1796 2887 δέ
1815 2865 1866 2886 σοι
1879 2855 1919 2886 τὰ
1935 2853 2009 2895 πρὸς
2031 2852 2183 2894 ἄρχοντας
2205 2851 2393 2891 οἰκονομεῖν,
2410 2850 2493 2882 ὥστε

1444 2905 1480 2936 τὸ
1501 2904 1575 2944 ἐμὸν
1592 2903 1815 2944 συμὸούλευμα
1827 2903 1919 2933 τοῦτο
1938 2900 2095 2941 συμφέρον
2109 2900 2269 2940 δέχεσθαι.
2287 2899 2391 2931 Τοῦτο
2402 2898 2436 2931 δὲ
2454 2898 2494 2939 ἦν

1446 2953 1488 2993 μὴ
1508 2954 1564 2983 τοῦ
1585 2951 1725 2987 πλείονος
1752 2949 1943 2991 ὀριγνᾶσθαι.
1968 2947 2052 2979 Vide
2070 2947 2182 2987 fragm.
2203 2948 2255 2978 74.
2270 2963 2313 2968 ——-
2325 2945 2394 2987 (28)
2413 2945 2493 2978 Dio-

1443 3008 1538 3040 genes
1555 2998 1698 3031 Laertius
1723 2997 1778 3030 lib.
1808 2997 1851 3033 11.
1876 2999 1911 3028 81
1931 3008 1939 3027 t
1958 2995 2156 3036 ἐκδεξάμενος
2173 2994 2210 3026 τὸ
2238 2993 2384 3035 ἀργύριον
2408 2993 2494 3034 παρὰ

1445 3047 1629 3083 Διονυσίου,
1647 3045 1815 3080 Πλάτωνος
1840 3043 1967 3084 ἄραντος
1983 3042 2114 3083 βιόλίον,
2136 3041 2212 3081 πρὸς
2229 3041 2283 3072 τὸν
2306 3039 2492 3080 αἰτιασάμε-

1444 3105 1516 3133 νον,
1550 3093 1634 3133 Ἑγὼ
1658 3093 1713 3134 μὲν
1731 3091 1802 3132 γάρ,
1828 3091 1927 3130 εἶπεν,
1955 3088 2108 3131 ἀργυρίων
2121 3112 2130 3128 ,
2149 3088 2281 3120 Πλάτων
2309 3087 2343 3118 δὲ
2365 3086 2493 3128 βιὸλίων

1444 3143 1527 3174 ἐστὶν
1544 3141 1661 3179 ἐνδεής.
1678 3158 1720 3163 -
1735 3139 1800 3180 (29)
1819 3139 1978 3178 Diogenes
1995 3137 2138 3169 Laertius
2157 3136 2211 3167 lib.
2227 3137 2274 3175 11,
2297 3137 2337 3167 ⁶7
2355 3147 2363 3166 :
2381 3137 2495 3167 Διονυι

1445 3189 1515 3220 σίου
1529 3187 1784 3229 προσπτύσαντος
1810 3185 1895 3226 αὐτῷ
1916 3185 2078 3226 ἠνέσχετο·
2101 3182 2303 3224 μεμψαμένου
2327 3181 2362 3213 δέ
2383 3191 2487 3221 τινος,

1448 3236 1522 3267 κῖιτα
1538 3237 1568 3267 οἱ
1584 3236 1637 3275 μὲν
1652 3236 1762 3270 ἁλιεῖς,
1784 3233 1871 3264 εἶπεν
1882 3257 1892 3272 ,
1904 3233 2094 3272 ὑπομένουσι
2112 3230 2268 3272 ῥαίνεσθαι
2287 3231 2325 3269 τῇ
2341 3227 2487 3268 θαλάττῃ,

1445 3284 1494 3314 ἵνα
1521 3283 1637 3314 κωὸιὸν
1674 3281 1863 3322 θηράσωσιν·
1893 3280 1956 3320 ἐγὼ
1988 3279 2020 3310 δὲ
2053 3278 2095 3320 μὴ
2127 3277 2316 3317 ἀνάσχωμαι
2337 3275 2492 3317 χρὲμματι

1447 3331 1614 3372 ῥανθῆναι,
1632 3330 1683 3360 ἵνα
1706 3329 1829 3370 βλέννον
1847 3327 1958 3366 λάὸως
1978 3325 2043 3357 vid.
2067 3324 2182 3365 fragm.
2212 3326 2242 3355 3.
2261 3339 2304 3346 —
2321 3323 2388 3360 (30)
2411 3322 2492 3354 Dio-

1446 3386 1540 3417 genes
1561 3375 1709 3408 Laertius
1724 3375 1779 3407 tib.
1798 3377 1841 3414 lt,
1864 3377 1903 3406 69
1921 3385 1929 3405 ι
1947 3373 2108 3415 ἐρωτηθεὶς
2122 3371 2183 3403 ὑπὸ
2202 3369 2380 3402 Διονυσίου·
2395 3369 2447 3400 διὰ
2462 3369 2492 3401 τί

1447 3426 1476 3455 οἱ
1494 3424 1548 3463 μὲν
1568 3422 1730 3464 φιλόσοφοι
1755 3423 1805 3454 ἐπὶ
1824 3422 1878 3458 τὰς
1903 3423 1966 3453 τῶν
1990 3418 2149 3452 πλουσίων
2173 3418 2265 3458 θύρας
2287 3415 2448 3456 ἔρχονται,
2461 3417 2492 3447 οἱ

1447 3471 1478 3501 δὲ
1497 3470 1640 3502 πλούσιοι
1660 3470 1709 3501 ἐπὶ
1729 3469 1783 3505 τὰς
1799 3472 1861 3500 τῶν
1879 3467 2055 3509 φιλοσόφων
2066 3465 2188 3503 οὐκέτι,
2210 3464 2277 3503 ἐφη·
2299 3462 2372 3493 ’Ότι
2392 3461 2491 3500 οἱμὲν
