2638 3840
314 261 369 290 XX

313 347 485 375 veterum
515 346 644 375 vatum
666 335 960 375 similitudinem
981 332 1176 371 accederet
1198 331 1266 381 qui
1288 329 1351 368 ‹ii-

312 396 407 433 vino
438 397 566 447 potius
601 396 788 433 instinctu
822 408 935 445 quam
972 391 1153 429 meditato
1186 389 1350 427 rationis

307 453 459 504 judicio
479 454 608 492 futura
622 453 811 491 canebant
826 453 884 490 vel
905 450 1037 489 mundi
1059 456 1185 485 ortum
1200 447 1352 497 aliaque

311 513 353 551 id
377 526 497 562 genus
516 512 695 550 versibus
728 510 1058 563 persequebantur
1082 521 1090 544 :
1126 506 1265 544 factum
1295 514 1352 543 est

311 580 354 610 ut
371 586 392 609 a
412 572 576 623 posteris
594 571 758 608 Philolai
781 569 1009 621 opusculum
1028 565 1259 604 Baccharum
1283 577 1353 602 vo-

312 630 450 668 cabulo
473 631 751 669 nominaretur.
774 628 894 679 Cujus
922 627 977 665 rei
998 639 1082 663 cum
1108 625 1205 663 alios
1229 623 1352 661 habe-

312 702 397 727 mus
421 698 554 734 testes,
581 698 660 726 tum
679 688 859 725 Proclum
879 686 1100 723 Comment.⁴
1116 684 1162 722 ad
1180 683 1352 721 Euclidis

311 748 498 785 elementa
523 761 608 799 pag.
630 748 652 784 6
684 747 763 783 haec
796 753 1040 782 annotantem
1069 741 1160 781 εΔιὸ
1183 741 1224 788 δὴ
1249 741 1307 779 καὶ
1335 744 1352 779 ὁ

313 806 466 846 Πλάτων
490 807 602 845 πολλὰ
623 806 683 844 καὶ
706 805 892 854 Θαυμαστὰ
909 804 1069 855 δόγματα
1098 801 1178 854 περὶ
1197 804 1280 841 θεῶν
1296 800 1352 839 διὰ

310 867 378 902 τῶν
399 868 653 915 μαθηματικῶν
676 865 774 902 εἰδῶν
790 867 883 912 ἡμᾶς
905 862 1154 912 ἀναδιδάσκει,
1171 861 1230 899 καὶ
1244 864 1266 908 ἡ
1283 863 1351 899 τῶν

313 924 558 975 Πυθαγορείων
579 922 763 976 φιλοσοφία
783 922 1086 975 παραπετάσμασι
1105 921 1238 965 τούτοις
1255 937 1350 974 χρω-

311 983 396 1030 μένη
417 982 479 1029 τὴν
500 980 750 1032 μυσταγωγίαν
769 981 1009 1033 κατακρύπτει
1025 983 1093 1020 τῶν
1111 980 1209 1018 θείων
1225 979 1351 1030 δογμά-

309 1057 396 1078 των·
421 1044 570 1084 τοιοῦτος
600 1040 667 1093 γὰρ
688 1041 748 1078 καὶ
774 1042 791 1078 ὃ
823 1041 911 1093 ἱερὸς
937 1040 1077 1089 σύμπας
1109 1038 1210 1092 λόγος
1246 1038 1306 1076 καὶ
1335 1040 1353 1076 ὁ

310 1099 486 1143 Φιλόλαος
507 1101 540 1137 ἐν
559 1100 633 1142 ταῖς
655 1097 813 1151 Βάκχαις
833 1098 893 1137 καὶ
913 1098 990 1142 ὅλος
1009 1101 1027 1136 ὁ
1047 1097 1172 1150 τρόπος
1189 1100 1251 1144 τῆς
1267 1098 1347 1135 Πυ-

309 1157 454 1209 θαγόρου
480 1157 559 1209 περὶ
577 1160 661 1196 Θεῶν
680 1157 898 1210 ὑφηγήσεως.
921 1157 1048 1203 Quid?
1068 1156 1172 1207 quod
1202 1157 1352 1193 fictores

309 1217 599 1267 sculptoresque
616 1217 784 1255 Socratis
805 1225 978 1267 tempore
992 1223 1069 1254 tres
1089 1216 1165 1253 fere
1185 1215 1352 1252 Bacchas

308 1284 486 1326 tanquam
507 1288 662 1313 sorores
681 1270 768 1313 cera
785 1284 850 1313 aut
867 1287 1058 1313 marmore
1078 1274 1353 1320 informarunt,

308 1342 350 1370 ut
368 1347 389 1371 e
408 1335 530 1372 veteri
548 1342 799 1372 monumento
813 1332 893 1384 jam
915 1333 1060 1370 dudum
1079 1330 1183 1368 edito
1205 1331 1351 1368 intelli-

308 1393 414 1442 gitur
431 1393 546 1444 (124).
567 1393 699 1444 Neque
719 1392 938 1430 Herodotus
959 1391 1058 1439 (125)
1080 1389 1350 1440 AEgyptiorum

308 1453 550 1491 caerimonias
582 1462 657 1490 tam
688 1466 774 1490 cum
805 1451 988 1501 Orphicis
1017 1449 1213 1500 mysteriis
1234 1462 1348 1499 quam

308 1525 394 1548 cum
430 1510 734 1549 Bacchanalibus
776 1519 814 1548 et
855 1510 1187 1560 Pythagoreorum
1231 1511 1351 1547 sacris

308 1582 534 1620 comparare
551 1578 720 1608 veretur.

362 1627 490 1666 Restat
522 1637 563 1666 ut
584 1628 752 1666 Philolai
769 1627 911 1679 placita
939 1627 1044 1679 (126)
1060 1626 1233 1666 breviter
1252 1640 1352 1664 com-

307 1685 466 1735 plectar.
494 1686 579 1723 Duo
597 1695 820 1724 cunctarum
839 1699 967 1724 rerum
988 1686 1184 1737 principia
1200 1687 1348 1737 posuit,

309 1744 422 1781 {inem
451 1747 489 1782 et
508 1745 738 1782 infinitatem
768 1745 851 1782 sive
872 1746 981 1782 finita
998 1754 1035 1782 et
1054 1745 1206 1782 infinita
1227 1745 1348 1798 (127),

308 1803 451 1853 quibus
471 1803 584 1841 deum
618 1805 729 1854 quasi
765 1817 917 1842 causam
947 1813 1035 1842 ante
1057 1818 1209 1843 causam
1238 1813 1352 1855 atque

307 1861 403 1899 adeo
434 1862 604 1913 ipsarum
641 1856 837 1912 originum
869 1871 1063 1901 auctorem
1093 1872 1130 1900 et
1152 1872 1349 1914 parentem

306 1933 470 1970 praeesse
494 1921 620 1959 voluit
652 1921 771 1974 (128).
799 1921 893 1959 Nam
920 1935 1074 1960 necesse
1093 1931 1172 1969 est,
1195 1922 1348 1972 inquit,

309 1981 441 2017 omnia
460 1993 547 2031 quae
566 1989 657 2018 sunt
676 1982 738 2019 vel
756 1981 914 2019 infinita
934 1994 1016 2019 esse
1045 1982 1104 2019 vel
1135 1982 1263 2029 finita,
1287 1982 1347 2019 vel

307 2038 420 2076 simul
451 2039 560 2077 finita
599 2048 636 2077 et
675 2039 851 2087 infinita,
891 2040 1223 2078 demonstraturus
1258 2041 1350 2078 uni-

308 2109 422 2134 versa
441 2110 490 2134 ex
508 2097 570 2136 his
592 2097 746 2136 duobus
766 2108 942 2138 constare
956 2128 966 2146 ‚
987 2099 1028 2136 id
1056 2108 1112 2137 est
1133 2108 1197 2136 aut
1217 2113 1265 2137 ex
1288 2100 1348 2137 in-

282 2148 287 2151 *
308 2156 416 2192 finita
443 2164 509 2193 aut
532 2169 554 2193 e
584 2156 693 2194 finita
713 2156 930 2195 substantia
957 2157 1005 2194 ad
1032 2158 1185 2195 numeri
1209 2158 1347 2195 simili-

308 2214 478 2252 tudinem
511 2228 594 2253 esse
632 2217 806 2254 conflata.
844 2217 999 2268 Quippe
1024 2217 1089 2255 hic
1130 2230 1178 2254 ex
1205 2232 1283 2255 uno
1313 2227 1350 2256 et

308 2273 482 2322 duobus,
503 2275 645 2326 impari
668 2275 851 2314 videlicet
876 2290 919 2314 ac
950 2277 1037 2327 pari
1069 2277 1234 2324 exstitit,
1266 2291 1352 2328 quae

306 2332 428 2382 liquet
441 2334 669 2384 aequalitatis
683 2344 797 2385 atque
808 2335 1082 2386 inaequalitatis
1100 2335 1352 2387 ejusdemque

306 2399 420 2441 atque
456 2393 635 2443 alterius,
669 2394 838 2432 definitae
877 2404 991 2446 atque
1024 2395 1235 2433 indefinitae
1267 2409 1351 2434 esse

309 2449 547 2491 substantiae.
579 2452 773 2491 Nimirum
796 2462 897 2491 recte
915 2453 1100 2492 dicuntur
1118 2455 1248 2492 omnia
1265 2468 1352 2505 quae

307 2520 354 2544 ex
383 2513 603 2551 contrariis·
620 2514 835 2564 composita
859 2513 938 2551 sint
958 2514 1162 2552 harmonia
1181 2514 1348 2565 quadarn

307 2569 520 2619 contineri,
570 2573 763 2623 siquidem
823 2573 1031 2611 harmonia
1084 2574 1348 2624 plurimorum

314 2629 536 2679 conjunctio
572 2639 610 2668 et
655 2631 964 2679 dissentientium
1022 2633 1227 2671 consensio
1252 2642 1343 2672 .est.

310 2687 495 2725 Caeterum
520 2688 651 2726 omnia
670 2702 756 2738 quae
785 2688 857 2726 sub
888 2702 1023 2728 sensus
1053 2690 1194 2728 cadunt
1214 2704 1348 2728 nume-

312 2759 398 2783 rum
430 2746 591 2795 habent,
633 2747 817 2797 quoniam
863 2748 961 2785 nihil
995 2749 1078 2786 sine
1116 2750 1190 2787 hoc
1227 2763 1351 2800 neque

312 2805 492 2854 cognosci
525 2818 649 2855 neque
682 2806 832 2856 percipi
863 2815 1000 2856 potest.
1034 2807 1193 2846 Numeri
1225 2817 1349 2846 autem

311 2877 389 2901 non
417 2865 540 2902 solum
560 2864 645 2901 duae
664 2864 812 2914 species
835 2865 1097 2915 reperiuntur,
1122 2880 1193 2917 par
1220 2862 1350 2905 etim-

311 2935 396 2972 par,
415 2922 480 2960 sed
506 2923 619 2960 etiam
638 2924 750 2960 tertia
769 2922 941 2972 quaedam
962 2936 1010 2961 ex
1026 2932 1188 2975 utraque
1209 2927 1351 2978 mixta,

315 2993 399 3030 quae
418 2994 488 3031 par
518 2981 646 3032 impar
666 2982 796 3018 vocari
820 2982 931 3020 solet.
958 2981 1131 3033 Utraque
1155 2998 1247 3023 vero
1265 2999 1350 3036 spe-

355 3082 442 3123 (124)
461 3083 535 3116 Vid.
554 3086 591 3115 A.
608 3083 701 3115 Hirtii
714 3086 815 3124 Imag.
838 3084 915 3116 fasc.
938 3086 979 3124 11,
998 3084 1063 3117 tab.
1080 3087 1201 3126 xxm,
1220 3090 1248 3119 5.
1263 3088 1352 3120 Adde

313 3130 469 3170 Explicat.
491 3140 522 3171 p.
550 3134 617 3164 175.
639 3150 677 3157 —
698 3132 786 3171 (125)
804 3131 987 3163 Herodotus
1002 3131 1058 3163 lib.
1079 3134 1120 3174 ΙΙ,
1137 3136 1187 3166 81.
1208 3151 1251 3157 -——
1267 3136 1352 3176 (126)

313 3177 360 3208 De
375 3177 423 3209 liis
442 3181 515 3209 ante
536 3186 597 3208 nos
615 3178 678 3218 egit
701 3181 738 3209 A.
753 3178 924 3210 Boeckliius
941 3178 972 3209 in
985 3178 1109 3218 egregio
1125 3179 1203 3211 libro
1225 3181 1281 3221 qui
1306 3182 1353 3213 in-

313 3224 486 3256 scribitur:
515 3223 675 3256 Phiiolaos
700 3224 755 3257 des
783 3225 1012 3265 Pythagoreers
1037 3225 1146 3257 lehren
1180 3227 1272 3259 nebst
1292 3228 1353 3260 den

313 3271 547 3303 bruciistilcken
566 3272 668 3303 seines
682 3271 805 3304 werkes
830 3281 893 3303 von
908 3275 945 3304 A.
962 3272 1091 3305 Boeckh.
1109 3275 1243 3306 Berolini
1262 3278 1351 3309 1819.

310 3333 354 3342 ἡ
371 3318 456 3359 (127)
471 3318 543 3351 vid.
562 3318 674 3358 fragm.
697 3322 725 3350 1.
741 3323 772 3350 2.
795 3320 814 3350 3
830 3327 848 3350 e
867 3318 983 3359 quibus
994 3319 1107 3351 tertius
1125 3320 1213 3352 iocus
1226 3322 1353 3354 Stobaeo

313 3367 392 3396 teste
414 3368 539 3396 sumtus
554 3367 602 3397 est
623 3365 658 3397 ἐκ
677 3368 731 3397 τοῦ
750 3365 904 3397 Φιλολάου
920 3366 987 3408 περὶ
1002 3365 1138 3408 κόσμου.
1159 3368 1254 3399 Conf.
1276 3371 1350 3401 Boe-

314 3410 399 3442 thius
414 3411 546 3445 Arithm.
563 3414 607 3450 ΙΙ,
624 3415 674 3444 32.
690 3430 730 3435 —
748 3413 832 3451 (128)
845 3412 920 3445 Vid.
939 3413 1062 3453 Syrian.
1078 3413 1118 3445 ad
1135 3415 1267 3446 Aristot.
1283 3418 1348 3448 Me-

308 3457 499 3497 ,taph.Xill‚
517 3468 548 3499 p.
569 3463 623 3491 102
638 3462 666 3491 et
683 3459 719 3491 fr.
746 3463 792 3491 15.

1204 243 1271 281 DE
1303 240 1621 282 PYTHAGORA

1413 331 1491 369 cies
1521 329 1660 367 multas
1687 325 1812 376 gignit
1840 323 1997 372 sormaS,
2023 335 2186 373 quarum
2215 334 2458 373 unaquaeque
2494 376 2500 381 .

1412 390 1546 428 eodem
1562 387 1677 426 modo
1693 384 1900 423 dividitur.
1922 381 1995 419 Sed
2011 390 2156 419 naturae
2171 380 2459 432 harmoniaeque

1412 461 1457 486 ea
1485 456 1542 485 est
1571 445 1649 484 rati
1669 463 1693 492 ›‚
1727 452 1770 481 ut
1799 441 1953 480 subiato
1983 439 2130 478 mundo
2155 448 2296 478 aeterna
2328 453 2457 478 rerum

1413 506 1578 545 essentia
1609 506 1772 555 ipsaque
1798 509 1937 539 natura
1966 498 2039 537 sub
2080 498 2256 536 divinam
2286 507 2459 550 tantum,

1413 579 1490 604 non
1521 564 1593 604 sub
1632 564 1840 601 humanam
1881 558 2145 608 cognitionem
2175 557 2299 596 cadat.
2327 557 2461 608 Neque

1413 625 1515 662 enim
1548 623 1631 661 fieri
1666 629 1820 673 posset,
1843 627 1885 657 ut
1904 617 2118 669 quidquam
2135 628 2269 654 eorum
2291 629 2377 667 quae
2399 629 2462 654 ex-

1412 691 1515 721 stant
1534 688 1848 732 cognosceretur,
1872 678 1949 716 nisi
1969 675 2176 715 harmonia
2194 674 2301 727 (129)
2319 675 2464 714 inesset

1413 743 1455 780 in
1487 742 1604 782 rebus
1628 754 1649 778 e
1680 739 1825 791 quibus
1851 736 2195 776 coaluitmundus
2227 744 2309 773 tum
2330 735 2463 774 finitis

1414 810 1493 840 tum
1515 802 1691 840 infinitis.
1724 799 1806 836 Huc
1828 797 1977 835 accedit
1995 795 2099 847 quod
2124 807 2172 832 ne
2194 794 2282 846 ipsa
2301 793 2461 845 quidem

1414 874 1543 898 rerum
1567 859 1681 898 initia
1709 866 1747 895 et
1774 855 1986 894 dissimilia
2003 862 2042 892 et
2072 865 2212 903 genere
2240 851 2397 891 diversa
2422 852 2463 892 in

1414 921 1590 958 ordinem
1613 917 1737 966 redigi
1769 915 1847 954 nisi
1875 913 2094 952 harmoniae
2123 924 2198 964 ope
2226 911 2460 963 potuissent.

1413 980 1507 1025 Quae
1530 980 1651 1029 igitur
1670 983 1852 1014 nascente
1872 973 1944 1011 hac
1964 985 2093 1011 rerum
2115 984 2301 1022 compage
2318 971 2464 1011 similia

1413 1048 1451 1076 et
1483 1046 1646 1088 cognata
1676 1043 1808 1081 erant,
1847 1031 2054 1071 harmonia
2080 1044 2159 1069 non
2193 1029 2422 1081 indigebant
2451 1045 2461 1070 ε

1414 1111 1501 1148 quae
1532 1105 1659 1135 autem
1691 1092 1901 1132 dissimilia
1926 1105 1970 1128 ac
1999 1102 2124 1140 neque
2150 1097 2314 1139 cognata
2339 1102 2466 1139 neque

1414 1157 1601 1207 aequalia,
1625 1166 1780 1192 necesse
1800 1160 1882 1190 erat
1910 1150 1977 1188 tali
1996 1149 2200 1187 harmonia
2222 1148 2463 1198 constringi,

1413 1215 1606 1266 siquidem
1642 1212 1790 1251 mundo
1831 1209 2026 1249 contineri
2059 1207 2267 1246 debebant.
2306 1207 2381 1245 Sed
2423 1217 2467 1247 ut

1413 1275 1631 1313 accuratius
1655 1274 1752 1311 hanc
1771 1269 2032 1323 philosophiae
2056 1276 2207 1320 partem
2231 1275 2462 1316 tractemus,

1413 1333 1630 1372 harmoniae
1645 1329 1953 1382 magnitudinem
1972 1327 2264 1379 quaternarium
2285 1327 2468 1366 interval-

1414 1393 1493 1431 lum
1516 1401 1552 1431 et
1571 1391 1798 1443 quinarium
1819 1402 1903 1436 esse
1921 1387 2128 1434 convenit,
2144 1386 2368 1437 quinarium
2388 1400 2466 1426 au-

1412 1461 1489 1490 tem
1523 1450 1773 1502 quaternario
1802 1448 1932 1498 majus
1974 1459 2058 1485 esse
2085 1446 2365 1496 sesquioctavo.
2398 1446 2467 1486 Est

1412 1512 1515 1549 enim
1542 1524 1564 1548 a
1583 1521 1733 1548 summa
1751 1508 1896 1546 chorda
1915 1506 1963 1544 ad
1985 1505 2150 1544 mediam
2172 1506 2462 1555 quaternarium

1412 1570 1687 1615 intervallum,
1710 1581 1731 1605 a
1763 1567 1895 1605 media
1923 1565 1971 1603 ad
1994 1565 2110 1603 imam
2141 1564 2389 1615 quinarium,
2414 1566 2465 1604 ab

1413 1631 1491 1668 ima
1519 1629 1566 1667 ad
1587 1627 1738 1666 tertiam
1762 1625 2076 1677 quaternarium,
2098 1637 2120 1661 a
2148 1624 2261 1661 tertia
2288 1623 2336 1662 ad
2361 1638 2466 1663 sum-

1414 1702 1513 1726 mam
1542 1687 1766 1739 quinarium
1797 1684 2047 1723 intervallum
2087 1697 2095 1720 :
2135 1682 2306 1720 medium
2337 1693 2462 1723 autem

1413 1749 1515 1786 inter
1535 1747 1700 1785 mediam
1728 1744 1912 1783 chordam
1934 1752 1972 1781 et
1986 1742 2139 1781 tertiam
2155 1742 2463 1793 sesquioctavum

1413 1816 1470 1846 est
1493 1820 1501 1846 :
1526 1805 1818 1858 quaternarium
1848 1811 2036 1854 praeterea
2060 1801 2352 1852 sesquitertium
2386 1811 2462 1851 est,

1414 1866 1641 1918 quinarium
1657 1877 1754 1902 vero
1776 1861 2073 1912 sesquialterum
2099 1874 2108 1897 ε
2131 1860 2320 1912 diapason
2336 1870 2463 1901 autem

1414 1927 1591 1978 duplum.
1613 1924 1678 1961 Sic
1708 1923 1831 1972 igitur
1858 1919 2067 1958 harmonia
2095 1919 2268 1957 continet
2291 1920 2466 1971 quinque

1414 1985 1681 2036 sesquioctava
1697 1990 1734 2020 et
1754 1981 1850 2019 duas
1866 1980 2013 2027 dieses,
2033 1978 2258 2030 quinarium
2276 1979 2465 2018 interval-

1414 2046 1494 2083 lum
1523 2044 1598 2081 tria
1629 2041 1897 2093 sesquioctava
1923 2052 1967 2076 ac
1994 2038 2142 2084 diesin,
2171 2039 2464 2088 quaternarium

1413 2103 1664 2142 intervallum
1698 2113 1792 2138 vero
1831 2099 1909 2137 duo
1937 2097 2209 2148 sesquioctava
2238 2110 2283 2135 ac
2317 2097 2460 2138 diesin.

1413 2164 1568 2201 Tonum
1592 2159 1698 2212 (130)
1716 2160 1772 2197 ita
1790 2158 1969 2196 dividere
1989 2155 2152 2194 tentavit
2171 2155 2393 2204 Philolaus,
2419 2167 2462 2196 ut

1413 2222 1497 2274 ejus
1527 2219 1790 2273 primordium
1824 2216 1873 2255 ab
1908 2229 1954 2254 eo
1985 2228 2150 2253 numero
2179 2221 2368 2253 statueret
2394 2217 2464 2267 qui

1413 2283 1566 2333 primus
1595 2279 1737 2318 cubum
1764 2290 1787 2314 a
1807 2275 1936 2327 primo
1957 2273 2123 2324 impari,
2142 2273 2247 2324 quod
2272 2272 2465 2312 honorifi-

1414 2341 1678 2379 centissimum
1712 2335 1817 2388 apud
1851 2332 2134 2386 Pythagoricos
2163 2332 2258 2380 fuit,
2279 2333 2463 2373 efficeret.

1413 2400 1508 2438 Nam
1525 2412 1644 2450 quum
1664 2396 1858 2435 ternarius
1874 2405 2061 2431 numerus
2082 2393 2234 2443 primus
2253 2392 2305 2431 sit
2324 2393 2465 2445 impar,

1414 2468 1491 2497 tres
1515 2459 1630 2496 tertio
1661 2455 1730 2503 IX,
1763 2463 1878 2505 atque
1908 2453 1950 2491 id
1981 2461 2040 2490 ter
2061 2452 2094 2490 si
2122 2451 2302 2500 duxeris,
2322 2452 2464 2492 XXVII

1414 2519 1635 2557 necessario
1657 2522 1892 2564 exsurgent,
1923 2513 1992 2564 qui
2028 2511 2076 2549 ad
2107 2511 2228 2549 XXIV
2258 2525 2463 2551 numerum

1413 2588 1506 2617 tono
1536 2577 1674 2624 distat,
1708 2574 1868 2613 eandem
1904 2571 2069 2610 ternarii
2092 2570 2354 2609 differentiam
2383 2584 2466 2610 ser·

1412 2649 1522 2675 vans.
1544 2635 1577 2672 T
1579 2634 1759 2673 ernarius
1778 2633 1883 2671 enim
1904 2630 2024 2669 XXIV
2045 2644 2207 2669 summae
2225 2639 2359 2669 octava
2373 2642 2465 2682 pars

1412 2703 1470 2734 est
1488 2707 1574 2746 quae
1592 2692 1736 2732 eisdem
1753 2692 1883 2730 addita
1899 2688 2072 2743 primum
2094 2703 2117 2728 a
2129 2690 2304 2728 ternario
2320 2689 2464 2729 cubum

1414 2754 1484 2792 XX
1509 2762 1546 2791 et
1573 2753 1643 2790 VII
1666 2752 1807 2790 reddit.
1829 2753 1889 2791 Ex
1909 2751 1982 2789 hoc
2004 2751 2127 2800 igitur
2145 2749 2348 2788 Philolaus
2367 2749 2464 2790 duas

1413 2813 1534 2851 efficit
1571 2821 1722 2864 partes,
1751 2819 1868 2849 unam
1905 2823 1992 2861 quae
2033 2809 2202 2847 dimidio
2236 2809 2287 2847 sit
2320 2807 2462 2860 major,

1414 2885 1576 2923 eamque
1597 2880 1805 2923 apotomen
1825 2878 1965 2917 vocat3
1984 2869 2173 2919 reliquam
2193 2881 2280 2919 quae
2298 2867 2464 2907 dimidio

1415 2932 1465 2969 sit
1499 2932 1644 2978 minor,
1678 2943 1841 2980 eamque
1879 2942 2015 2967 rursus
2055 2928 2183 2966 diesin
2220 2927 2317 2966 dicit
2347 2940 2463 2978 quam

1415 2992 1562 3042 posteri
1595 2990 1846 3029 semitonium
1878 2989 2009 3026 minus
2033 2985 2462 3038 appellavere;harum

1415 3064 1509 3088 vero
1533 3051 1794 3088 differentiam
1815 3060 1978 3086 comma.
2000 3049 2054 3084 Ac
2074 3047 2245 3098 primum
2266 3045 2394 3084 diesin
2419 3047 2462 3085 in

1414 3107 1508 3145 Xlll
1543 3107 1762 3146 unitatibus
1797 3114 1974 3144 constare
2003 3104 2231 3159 arbitratur,
2264 3117 2311 3142 eo
2355 3105 2462 3155 quod

1414 3167 1495 3205 haec
1514 3168 1618 3205 inter
1644 3164 1791 3203 CCLVI
1824 3173 1860 3202 et
1880 3162 2070 3202 CCXLIII
2097 3163 2254 3215 pervisa
2273 3163 2324 3201 sit
2348 3163 2461 3201 diffe-

1415 3226 1561 3276 rentia,
1585 3225 1769 3277 quodque
1794 3223 1896 3261 idem
1918 3236 2123 3270 numerus,
2145 3222 2186 3260 id
2206 3230 2263 3260 est
2283 3221 2391 3267 XIII,
2413 3235 2460 3260 ex

1455 3373 1539 3414 (129)
1558 3373 1649 3413 Diog.
1670 3373 1776 3404 Laert.
1800 3371 1853 3403 lib.
1875 3372 1965 3411 vni,
1984 3372 2023 3402 85
2051 3382 2059 3401 z
2081 3371 2177 3401 Δοκεῖ
2198 3369 2231 3401 δὲ
2251 3370 2338 3412 αὐτῷ
2356 3370 2457 3403 πάντα

1412 3418 1531 3459 ἀνάγκη
1546 3420 1597 3451 καὶ
1621 3418 1753 3460 ἁρμονίᾳ
1769 3417 1920 3457 γίνεσθαι.

1454 3469 1539 3503 (130)
1560 3467 1708 3497 Boethius
1734 3467 1778 3496 De
1800 3465 1918 3495 musiva
1940 3465 1995 3503 ΠΙ,
2016 3467 2045 3496 5.
