2606 3828
322 251 397 285 316

379 332 595 386 (Diogenes
617 333 792 372 Laertius
817 332 882 371 lib.
906 331 973 378 VI,
993 331 1079 381 50.)

375 407 437 435 1⁰8.
454 394 530 441 Τὴν
550 393 780 446 φιλαργυρίαν
802 386 877 429 εἶπε
895 390 1111 443 μητρόπολιν
1131 388 1274 427 πάντων
1294 390 1365 427 τῶν

320 457 453 493 κακῶν.

373 508 587 558 (Diogenes
621 506 797 544 Laertius
829 504 897 543 lib.
931 503 998 550 Vt,
1031 503 1092 541 50.
1130 504 1236 543 Hanc
1271 516 1364 542 vero

319 567 546 606 sententiam
574 565 688 603 Bioni
720 566 885 613 assignat
912 562 1089 601 Stobaeus
1118 563 1219 601 Flor.
1251 562 1279 611 1,
1302 563 1363 600 38.

318 625 500 676 Ejusdem
523 621 857 661 memochannes
885 621 1189 672 Chrysostomus
1220 622 1363 660 Homil.

319 684 440 722 Lxlv
462 685 503 722 in
524 683 744 723 Mattliaeum
764 681 820 719 sic
843 680 980 719 scribit
1001 694 1009 717 :
1032 680 1090 718 διὰ
1107 684 1220 720 ταῦτα
1250 681 1362 732 οἱμὲν

318 743 440 788 ἔξωθεν
465 741 680 794 μητρόπολιν
701 742 771 778 τῶν
792 742 910 779 κακῶν
937 739 1000 788 τὴν
1030 739 1261 793 φιλαργυρίαν
1283 740 1364 779 ἐκά-

316 804 435 841 λεσαν·
452 803 470 839 ὁ
491 802 526 840 δὲ
547 799 718 853 μακάριος
746 800 888 843 Παῦλος
911 798 1048 852 βέλτιον
1078 799 1139 837 καὶ
1159 801 1363 853 ἐμφατικώ-

317 877 413 914 τερον
437 860 532 914 ῥίζαν
552 858 657 907 αὐτὴν
676 858 818 899 πάντων
837 861 905 897 τῶν
925 861 1044 898 κακῶν
1065 859 1211 910 εἰπών.)

374 935 436 960 169.
467 920 620 960 Ἀσωτον
649 918 863 970 θεασάμενος
899 919 934 957 ἐν
961 918 1158 971 πανδοκείῳ
1196 918 1302 963 ἐλάας
1329 921 1363 958 ἐ-

317 979 454 1019 σθίοντα
476 978 551 1032 ἔφη·
585 979 630 1018 Εἰ
665 976 772 1021 οὕτως
790 976 959 1031 ἠρίστας,
989 978 1051 1016 οὐκ
1077 976 1118 1016 ἂν
1147 976 1255 1023 οὕτως
1276 978 1364 1018 ἐδεί-

316 1055 425 1084 πνεις.
602 1065 605 1067 Δ
890 1072 892 1074 c

371 1099 585 1150 (Diogenes
600 1097 782 1136 Laertius
798 1096 868 1134 lib.
887 1095 956 1144 VI,
982 1095 1067 1148 50.)

371 1171 433 1198 170.
458 1156 551 1201 Τοὺς
580 1155 728 1208 ἀγαθοὺς
759 1155 886 1208 ἄνδρας
906 1157 992 1194 θεῶν
1022 1155 1137 1208 ἔλεγεν
1158 1154 1293 1199 εἰκόνας
1315 1148 1363 1193 ε’ἷ-

315 1233 391 1267 ναι,
415 1216 472 1256 τὸν
494 1217 607 1268 ἔρωτα
627 1214 867 1267 σχολαζόντων
889 1214 1075 1267 ἀσχολίαν.

369 1278 584 1329 (Diogenes
631 1268 808 1314 Laertius
853 1274 923 1312 lib.
954 1274 1020 1321 vl,
1070 1274 1131 1311 51.
1175 1273 1366 1313 Similiter

315 1337 607 1390 Theophrastus
630 1335 734 1387 apud
762 1334 957 1373 Stobaeum
994 1334 1094 1373 Flor.
1114 1333 1260 1384 LXIV,
1277 1348 1326 1383 29
1351 1348 1358 1370 ε

315 1396 541 1448 Θεόφραστος
570 1393 754 1448 ἐρωτηθεὶς
792 1393 828 1432 τί
858 1395 951 1432 ἐστιν
982 1393 1082 1446 ἔρως·
1117 1393 1250 1441 πάθος,
1279 1393 1364 1446 ἔφη,

315 1458 431 1509 ψυχῆς
450 1453 723 1507 σχολαζούσης.)

370 1529 432 1556 171.
458 1514 690 1567 Ἐρωτηθείς,
720 1511 755 1551 τί
794 1512 910 1551 ἄθλιον
946 1511 981 1549 ἐν
1016 1510 1097 1566 βίῳ,
1131 1510 1210 1564 ἔφη·
1242 1509 1364 1564 Γέρων

317 1575 458 1627 ἄπορος.

372 1635 585 1688 (Diogenes
604 1633 783 1671 Laertius
803 1631 873 1670 lib.
894 1631 961 1679 vl,
986 1631 1068 1679 51.)

374 1707 436 1734 172.
464 1692 565 1732 Ἰδών
585 1707 670 1731 ποτε
703 1691 762 1730 δύο
786 1689 1009 1742 Κενταύρους
1036 1688 1187 1727 κάκιστα
1210 1689 1364 1740 ἐζωγρα-

318 1753 490 1809 φημένους
509 1751 589 1806 ἔφη·
605 1751 758 1803 Πότερος
777 1749 910 1789 τούτων
927 1748 1063 1801 Χείρων
1084 1747 1177 1795 ἐστί;

373 1813 594 1865 (Diogenes
615 1811 793 1849 Laertius
808 1810 877 1849 lib.
893 1809 963 1854 Vl,
987 1809 1071 1858 51.)

372 1885 434 1912 173.
455 1872 528 1912 Τὸν
554 1870 642 1922 πρὸς
660 1870 766 1922 χάριν
788 1868 889 1919 λόγον
914 1868 980 1919 ἔφη
1012 1866 1190 1918 μελιτίνην
1211 1865 1366 1919 ἀγχόνην

318 1927 421 1973 εἶναι.
441 1931 519 1979 Τὴν
539 1929 693 1983 γαστέρα
718 1928 900 1981 Χάρυὸδιν
922 1927 1021 1976 ἔλεγε
1040 1929 1102 1965 τοῦ
1124 1925 1217 1978 βίου.
1251 1949 1259 1975 2

376 1987 590 2040 (Diogenes
611 1982 787 2021 Laertius
800 1981 878 2033 lib.
897 1981 967 2028 VI,
986 1979 1069 2033 51.)

375 2058 437 2085 174.
453 2043 621 2086 Ἀκούσας
639 2040 747 2089 ποτέ,
768 2040 821 2080 ὅτι
839 2040 1004 2089 Διδύμων
1026 2041 1045 2077 ὁ
1073 2038 1229 2086 αὐλητὴς
1246 2039 1369 2092 μοιχὸς

319 2103 423 2142 ἑάλω·
443 2101 557 2147 Ἄξιος
570 2132 581 2152 ,
603 2101 690 2155 ἔφη,
706 2102 746 2139 ἐκ
764 2103 825 2140 τοῦ
845 2099 1014 2150 ὀνόματος
1032 2098 1244 2152 κρέμασθαι.

376 2163 588 2216 (Diogenes
622 2160 799 2199 Laertius
829 2152 899 2197 lib.
916 2159 981 2206 Vl,
1004 2160 1065 2197 51.
1086 2161 1136 2197 At
1155 2159 1264 2198 Theo
1293 2162 1367 2198 So-

321 2223 450 2274 phista
465 2222 506 2260 in
520 2221 812 2271 Progymnasm.
826 2218 926 2257 illud
939 2228 1122 2270 tanquam
1145 2220 1286 2258 factum
1307 2220 1370 2259 his

322 2280 453 2319 verbis
473 2287 603 2318 narrat
629 2293 637 2316 ε
661 2277 812 2329 Δίδυμος
831 2279 844 2329 (
862 2279 936 2329 leg.
954 2277 1143 2328 Διδύμων)
1165 2281 1182 2317 ὁ
1204 2279 1370 2327 αὐλητής,

367 2434 436 2463 168.
453 2429 626 2463 Avaritiam
646 2428 804 2461 malorum
830 2428 978 2460 omnium
1001 2428 1167 2469 parentem
1188 2437 1258 2461 esse
1277 2429 1371 2461 dixit.

368 2492 438 2524 169.
458 2487 635 2528 Prodigum
662 2486 825 2519 nominem
852 2486 990 2518 intuitus
1008 2486 1113 2520 olivas
1131 2487 1163 2519 in
1181 2486 1368 2519 deversorio

324 2547 472 2580 edentem
489 2559 497 2579 ε
514 2548 550 2579 St
570 2547 622 2578 sic
635 2544 852 2587 prandisses,
874 2544 930 2584 ait,
951 2553 1018 2578 mm
1041 2547 1094 2578 ita
1114 2555 1282 2580 coenares.

372 2611 440 2640 170.
458 2608 564 2639 Bonos
580 2605 670 2637 viros
696 2604 832 2637 deorum
847 2603 1003 2645 imagines
1030 2613 1102 2637 esse
1128 2605 1268 2646 dicebat,
1286 2617 1373 2641 amo·

327 2675 394 2697 rem
415 2666 523 2696 autem
541 2663 718 2696 otiosorum
736 2663 914 2703 negotium.

371 2727 442 2757 171.
467 2724 695 2763 Interrogatus,
718 2722 872 2763 quidnam
888 2725 973 2756 esset
994 2723 1026 2755 in
1042 2723 1108 2756 vita
1128 2725 1296 2766 miserum,
1315 2729 1378 2760 Se-

329 2793 409 2820 nex,
426 2783 541 2824 inquit,
559 2790 670 2823 eqens.

376 2846 446 2876 172.
476 2842 689 2883 conspicatus
715 2841 886 2882 aliquando
919 2842 1002 2876 duos
1031 2845 1207 2876 Centauros
1239 2845 1379 2886 pessime

332 2901 457 2943 pictos:
479 2902 561 2934 Uter
578 2899 723 2938 horum,
743 2899 867 2941 inquit,
892 2900 1021 2934 Chiron
1036 2901 1080 2942 (i.
1098 2911 1127 2934 e.
1149 2902 1257 2945 pejor)
1275 2905 1334 2936 est.

376 2963 447 2993 173.
480 2957 689 2991 Adulatorum
720 2966 900 2991 sermonem
935 2959 1086 2992 melleum
1120 2971 1191 2994 esse
1227 2963 1378 3004 laqueum

332 3019 388 3053 ait.
408 3019 563 3051 Ventrem
588 3018 664 3049 vitae
679 3017 877 3058 charybdim
902 3019 1095 3060 appellabat.

378 3080 449 3111 174.
473 3079 581 3115 Quum
601 3077 775 3118 aliquando
792 3077 1006 3118 Didymonem
1022 3079 1185 3113 tibicinem
1204 3081 1237 3113 in
1254 3082 1379 3115 adulte-

335 3139 382 3171 rio
396 3137 636 3179 deprehensum
652 3145 723 3169 esse
736 3137 938 3170 audivisset:
960 3139 1096 3179 Diqnus
1109 3142 1172 3180 est,
1188 3140 1305 3184 inquit,
1325 3144 1382 3184 qui

335 3206 380 3231 ex
400 3199 475 3239 ipso
490 3198 628 3230 nomine
649 3196 711 3237 (ex
730 3195 878 3238 Didymis
902 3196 930 3230 i.
949 3205 979 3229 e.
995 3198 1173 3240 testiculis)
1187 3202 1383 3241 suspenda-

337 3259 409 3290 tur.

381 3319 452 3349 175.
468 3315 639 3348 Mulierem
659 3315 692 3347 in
706 3314 820 3348 lectica
839 3314 1002 3348 sedentem
1014 3316 1230 3358 conspicatus,
1250 3319 1276 3350 O
1291 3319 1382 3352 indi-

339 3383 458 3418 qnam,
476 3376 592 3416 inquit,
609 3376 675 3408 tali
696 3375 813 3408 bellua
831 3383 985 3408 caveam.

383 3437 454 3468 176.
474 3437 583 3478 Quum
600 3435 767 3475 fugitivum
783 3443 880 3476 super
899 3436 1032 3476 puteum
1047 3435 1213 3468 sedentem
1228 3436 1383 3469 vidisset:

342 3492 443 3532 cave,
462 3493 578 3534 inquit,
598 3493 811 3534 adolescens,
825 3501 868 3526 ne
888 3493 1036 3539 incidas.

1055 239 1364 282 CYNICORUM
1393 240 1730 282 FRAGMENTA.

1425 329 1529 374 ἁλοὺς
1562 331 1619 369 ἐπὶ
1655 329 1794 384 μοιχεία
1810 358 1822 379 ,
1858 331 1898 369 ἐκ
1928 332 1988 369 τοῦ
2026 329 2192 380 ὀνόματος
2230 329 2464 388 ἐκρεμάσθη.)

1480 403 1544 430 175.
1566 389 1667 431 Ἰδὼν
1686 395 1834 442 γυναῖκα
1859 390 1893 427 ἐν
1914 388 2063 443 φορείῳ,
2076 389 2131 428 Οὐ
2156 388 2247 428 κατὰ
2265 389 2306 428 τὸ
2330 388 2462 443 θηρίον,

1425 447 1506 500 ἔφη,
1529 450 1549 495 ἡ
1570 448 1763 501 γαλεάγρα.

1481 507 1696 558 (Diogenes
1712 507 1890 546 Laertius
1905 506 1975 545 lib.
1991 506 2057 554 VI,
2074 505 2161 558 51.)

1480 579 1543 606 17⁶.
1581 565 1681 606 Ἰδὼν
1712 565 1887 618 δραπέτην
1917 565 1976 605 ἐπὶ
2004 564 2127 619 φρέατι
2162 564 2358 616 καθήμενον
2387 563 2465 619 ἔφη·

1424 625 1630 679 Μειράκιον,
1653 625 1775 679 βλέπε,
1795 625 1845 676 μὴ
1866 625 2034 678 ἐμπέσῃς.

1481 685 1698 738 (Diogenes
1730 685 1908 725 Laertius
1941 685 2012 724 lib.
2045 684 2113 731 Vl,
2152 684 2215 723 52.
2247 683 2315 723 Est
2342 691 2469 723 autem

1424 743 1535 798 φρέαρ
1553 753 1591 782 et
1606 754 1742 795 putens
1759 753 1798 783 et
1817 743 2042 796 δικαστηρίου
2065 756 2207 782 nomen
2232 742 2336 795 apud
2354 742 2471 782 Athe-

1425 805 1591 843 nienses.
1611 804 1698 843 vid.
1719 805 1862 843 Pollux
1877 804 2014 843 Onom.
2030 802 2118 841 VIII
2134 816 2217 855 cap.
2242 802 2323 855 ¹⁰⁴)

1481 877 1546 903 177.
1569 862 1667 902 Ἰδὼν
1688 862 1932 914 μειρακύλλιον
1963 860 2240 913 ἱματιοκλέπτην
2262 861 2297 899 ἐν
2316 861 2377 913 τῷ
2401 862 2468 912 βα-

1427 922 1556 975 λανείῳ
1575 921 1655 975 ἔφη·
1675 921 1762 962 Ἐπ’
1785 922 2018 972 ἀλειμμάτιον
2035 919 2058 967 ἢ
2078 919 2132 960 ἐπ’
2146 920 2234 958 ἄλλο
2246 913 2409 971 ἱμάτιονς

1483 981 1702 1032 (Diogenes
1718 981 1897 1019 Laertius
1916 979 1985 1018 lib.
2004 979 2069 1027 vl,
2084 978 2169 1031 52.)

1482 1053 1546 1080 178.
1579 1039 1680 1078 Ἰδών
1708 1054 1793 1077 ποτε
1830 1043 1999 1090 γυναῖκας
2026 1038 2090 1077 ἀπ’
2119 1035 2238 1080 ἐλαίας
2275 1037 2474 1089 ἄπηγχονι·

1426 1098 1578 1149 σμένας,
1609 1097 1693 1137 Εἴθε
1724 1096 1805 1150 γάρ,
1827 1096 1913 1150 ἔφη,
1934 1096 2049 1136 πάντα
2081 1094 2127 1135 τὰ
2157 1095 2282 1148 δένδρα
2314 1097 2468 1133 τοιοῦτον

1426 1158 1560 1212 καρπὸν
1578 1158 1738 1209 ἤνεγκεν.

1482 1219 1704 1271 (Diogenes
1725 1217 1904 1256 Laertius
1919 1216 1990 1255 lib.
2007 1215 2075 1262 vl,
2097 1215 2183 1267 52.)

1482 1291 1544 1318 179.
1567 1276 1664 1317 Ἰδὼν
1678 1277 1886 1325 λωποδύτην
1901 1275 1981 1330 ἔφη·
2001 1274 2102 1315 τίπτε
2129 1273 2171 1314 σὺ
2189 1267 2258 1313 ὧδε
2270 1302 2280 1322 ,
2301 1271 2441 1327 φέριστε
2457 1289 2470 1325 3

1424 1335 1477 1377 Ἢ
1497 1351 1575 1375 τινα
1592 1335 1758 1384 συλήσων
1779 1335 1910 1374 νεκύων
1930 1333 2257 1382 κατατεθνηώτωνς

1483 1396 1700 1447 (Diogenes
1726 1395 1903 1434 Laertius
1921 1393 1991 1432 lib.
2013 1392 2079 1441 vl,
2101 1393 2163 1431 52.
2180 1393 2310 1445 Ipsius
2331 1393 2471 1445 Cynici

1425 1455 1547 1494 verba
1578 1465 1669 1493 sunt
1704 1454 1805 1492 τίπτε
1827 1452 1869 1492 σὺ
1889 1447 1957 1492 ὧδε
1972 1483 1983 1500 ,
2015 1451 2177 1506 φέριστε;
2198 1452 2275 1498 Qui
2295 1452 2473 1504 sequitur

1425 1526 1584 1560 versus,
1603 1514 1747 1565 petitus
1765 1521 1822 1551 est
1835 1525 1885 1550 ex
1900 1511 2022 1550 Iliade
2035 1539 2046 1558 ,
2070 1511 2139 1550 lib.
2162 1510 2212 1558 X,
2239 1511 2348 1562 343.)

1486 1585 1549 1611 180.
1574 1572 1807 1624 Ἐρωτηθείς,
1827 1573 1858 1609 εἷ
1875 1570 2123 1622 παιδισκάριον
2143 1568 2166 1616 ἢ
2185 1569 2371 1622 παιδάριον
2391 1569 2480 1622 ἔχοι,

1426 1631 1502 1680 ἔφη’
1522 1630 1587 1670 Οὔ.
1608 1632 1679 1670 Τοῦ
1702 1629 1739 1669 δὲ
1756 1629 1934 1677 εἰπόντος,
1958 1627 2047 1668 Ἐὰν
2068 1622 2127 1666 οὖν
2148 1627 2347 1676 ἀποθάνης,
2370 1628 2422 1672 τίς
2440 1643 2480 1667 σε

1431 1688 1578 1738 ἐξοίσει;
1597 1688 1681 1743 ἔφη,
1696 1689 1742 1730 ‘O
1762 1688 1903 1742 χρῄζων
1924 1690 1987 1735 τῆς
2009 1687 2130 1731 οἰκίας.

1480 1750 1701 1802 (Diogenes
1723 1749 1903 1788 Laertius
1922 1747 1993 1786 lib.
2005 1746 2072 1795 vl,
2088 1746 2173 1797 52.)

1484 1822 1545 1863 ¹¹3¹·
1569 1808 1663 1861 Πρὸς
1678 1808 1736 1847 τὸν
1757 1808 1957 1851 πολυτελῶς
1977 1808 2190 1859 ὀψωνοῦντα*

1511 1874 1687 1916 Ὠκύμορος
1700 1874 1738 1912 δή
1755 1884 1827 1914 μοι,
1840 1873 1949 1915 τέκος,
1963 1873 2094 1909 ἔσσεαι,
2109 1871 2151 1903 οἷ’
2166 1871 2338 1913 ἀγοράζεις.

1482 1927 1699 1978 (Diogenes
1732 1926 1910 1966 Laertius
1942 1925 2013 1964 lib.
2044 1925 2111 1973 vl,
2148 1925 2212 1963 53.
2246 1923 2400 1963 Versus·
2418 1933 2478 1964 est

1428 1986 1539 2024 Iliad.
1558 1985 1702 2032 XVIII,
1721 1986 1788 2036 95,
1811 1986 1889 2025 nisi
1910 1985 2017 2037 quod
2050 1983 2154 2036 apud
2181 1983 2395 2022 Homerum
2419 1984 2479 2022 le-

1430 2046 1535 2095 gitur
1552 2046 1736 2098 ἀγορεύεις.
1757 2045 1840 2083 Ηοο
1855 2047 1957 2084 enim
1976 2044 2146 2095 Cynicus
2160 2043 2327 2082 mutavit
2339 2043 2382 2082 in
2395 2043 2484 2094 ἀγο-

1431 2104 1585 2157 ράζεις.)

1486 2177 1548 2203 182.
1570 2163 1762 2207 Πλάτωνος
1777 2163 1858 2217 περὶ
1878 2164 1978 2201 ἰδεῶν
1999 2160 2248 2212 διαλεγομένου
2268 2159 2330 2199 καὶ
2348 2159 2480 2212 ὀνομά-

1433 2225 1548 2268 ζοντος
1565 2222 1812 2275 τραπεζότητα
1836 2223 1897 2261 καὶ
1921 2220 2119 2268 κυαθότητα
2133 2249 2143 2267 ,
2167 2220 2277 2273 Ἐγώ,
2309 2213 2422 2268 εἶπεν,
2453 2212 2484 2258 ὦ

1433 2282 1605 2330 Πλάτων,
1636 2282 1809 2335 τράπεζαν
1837 2281 1900 2332 μὲν
1919 2279 1980 2319 καὶ
1995 2279 2122 2319 κύαθον
2141 2281 2223 2332 ὁρῶ·
2243 2279 2487 2331 τραπεζότητα

1479 2435 1552 2467 177.
1576 2433 1718 2465 Cernens
1743 2430 2019 2463 adolescentulum
2043 2428 2313 2461 vestimentorum
2333 2427 2437 2460 furem
2453 2426 2488 2460 in

1436 2491 1551 2524 balneo
1571 2503 1581 2525 ε
1599 2491 1652 2525 Ad
1668 2492 1881 2529 unctionem,
1899 2488 2016 2530 inquit,
2034 2489 2142 2527 venis,
2156 2495 2204 2520 an
2229 2486 2277 2519 ad
2302 2485 2406 2519 aliud
2429 2494 2488 2519 ve-

1434 2552 1666 2584 stimentum?
2466 2536 2470 2541 ’

1481 2612 1552 2643 178.
1577 2612 1685 2648 Quum
1700 2607 1836 2641 vidisset
1851 2605 2024 2647 aliqnando
2039 2606 2192 2638 mulieres
2209 2613 2250 2636 ex
2267 2603 2375 2636 olivae·
2389 2604 2490 2636 ramis

1434 2668 1644 2709 strangulatas
1672 2667 1810 2709 pendere
1840 2679 1849 2698 ε
1878 2667 2043 2703 Utinam,
2064 2663 2182 2706 inquit,
2207 2671 2325 2695 omnes
2342 2661 2488 2695 arbores

1437 2726 1644 2768 hujusmodi
1662 2725 1820 2763 fructum
1843 2724 1994 2768 ferrent.

1484 2790 1554 2821 179.
1579 2786 1792 2828 conspicatus
1813 2784 1951 2817 vestium
1970 2783 2073 2816 furem
2096 2782 2143 2814 sic
2158 2781 2318 2814 allocutus
2331 2782 2380 2815 est
2396 2793 2405 2814 z
2423 2780 2490 2814 Sed

1440 2847 1495 2880 Izic
1514 2845 1613 2889 quid,
1629 2847 1684 2879 vir
1697 2845 1793 2885 bone,
1810 2844 1966 2886 quaeris?

1482 2909 1568 2939 tune
1582 2905 1739 2948 aliquem
1752 2913 1770 2937 e
1784 2905 1862 2936 vita
1871 2902 2014 2943 sanclis
2031 2900 2181 2943 spoliare
2199 2899 2365 2932 laboras?

1487 2968 1555 2998 180.
1579 2965 1813 3004 Interrogatus,
1825 2971 1904 2995 num
1916 2960 2079 2993 servulam
2096 2960 2145 2991 vel
2163 2958 2328 2991 servulum
2346 2957 2492 2999 liaberet,

1441 3023 1580 3065 negavit.
1601 3021 1726 3056 Dicenti
1740 3023 1862 3061 autem,
1880 3021 1918 3053 St
1941 3028 2023 3060 erqo
2041 3020 2190 3051 mortem
2209 3017 2350 3057 obteris,
2365 3017 2445 3059 quis
2457 3017 2492 3050 le

1441 3083 1566 3122 funere
1581 3081 1736 3125 efferet?
1757 3079 1922 3123 respondit
1945 3091 1954 3111 ε
1976 3080 2041 3117 Qui
2061 3077 2161 3110 domo
2177 3076 2322 3123 iadiqel.

1488 3145 1558 3174 181.
1583 3140 1754 3174 Hominem
1767 3139 1822 3181 qui
1840 3140 2010 3171 sumtuosa
2022 3137 2159 3170 obsonia
2172 3134 2359 3175 coemebat,
2382 3133 2429 3166 sic
2441 3134 2491 3166 as-

1444 3201 1530 3233 satus
1548 3201 1597 3233 est
1621 3213 1630 3233 ε
1648 3199 1760 3233 Haud
1781 3199 1956 3241 lonqaevus
1981 3198 2072 3238 eris,
2087 3196 2160 3238 fili,
2183 3194 2294 3234 mihi;
2313 3195 2438 3227 tantus
2457 3202 2492 3225 es

1444 3262 1566 3292 emtor.

1490 3323 1559 3352 182.
1583 3318 1718 3351 Platone
1734 3318 1775 3351 de
1803 3317 1882 3350 ideis
1904 3317 2084 3349 disserente
2108 3323 2147 3347 ac
2169 3321 2290 3346 mensae
2320 3313 2353 3344 et
2384 3311 2492 3353 cyathi

1446 3379 1594 3411 notiones
1607 3379 1802 3418 nominante,
1822 3377 2009 3419 Equidem,
2027 3375 2142 3416 inquit,
2159 3383 2179 3406 ο
2194 3373 2310 3411 Plato,
2331 3378 2492 3404 mensam

1451 3440 1486 3470 et
1502 3437 1674 3479 cyathum
1694 3437 1808 3476 video,
1822 3445 1950 3470 mensoe
1966 3444 2045 3469 vero
2067 3436 2102 3467 cl
2115 3432 2235 3475 cyathi
2254 3433 2410 3464 notiones
2433 3438 2492 3463 ne-

1449 3504 1628 3538 quaquam
1647 3496 1758 3530 video.
1790 3497 1874 3528 Tum
1893 3494 1965 3534 ille,
1985 3495 2095 3534 Recte,
2123 3491 2246 3533 inquit;
2263 3490 2385 3532 quibus
2400 3489 2493 3522 enim
