2638 3840
376 292 507 321 xxxvl

375 382 440 415 μον
461 370 530 406 τῶν
553 367 716 419 Ἀθήνῃσι
743 370 953 418 νομοθετῶν,
989 380 1063 404 non
1093 365 1195 415 quod
1227 366 1396 404 Athenas

370 425 519 474 legibus
551 435 588 463 ct
636 426 822 464 institutis
858 424 1144 476 temperaverit,
1187 423 1253 461 sed
1288 424 1394 474 quod

369 483 630 522 Thurinorum
653 484 843 522 civitatem
869 483 1085 533 conscripta
1099 481 1394 520 Atheniensium

369 543 594 581 colonorum
611 556 724 580 manu
740 552 884 580 auctam
900 541 1105 579 constituit.
1121 539 1276 577 Accedit
1291 540 1392 590 quod

368 602 641 652 sapientissimi
656 602 729 638 viri
745 602 844 651 leges
864 600 1085 637 Athenisita
1098 599 1278 636 omnibus
1295 607 1395 636 notae

367 668 488 706 erant,
512 669 554 697 ut
578 660 638 698 vel
672 660 772 696 inter
791 658 1000 695 bibendum
1041 665 1269 694 canerentur
1301 658 1391 709 (17).

366 716 557 755 Praeterea
582 714 961 754 animadvertendum
981 715 1095 752 etiam
1116 715 1156 751 in
1185 714 1390 766 Cappado-

366 777 426 814 cia
445 777 546 828 apud
565 777 787 813 Mazacenos
801 773 883 823 ejus
900 774 1001 822 leges
1020 773 1203 822 viguisse,
1226 774 1293 823 qui
1313 774 1394 811 illa-

364 847 449 872 rum
467 843 657 872 cantorem
676 834 755 870 sive
776 832 1020 882 interpretem
1043 831 1302 869 Romanorum
1327 832 1389 882 ju·

365 892 606 930 risconsultis
626 891 786 928 similem
808 888 1068 927 adhibuerunt
1091 890 1188 941 (18).
1210 889 1295 927 Jam
1316 890 1387 928 etsi

364 951 585 989 Aristoteles
619 949 693 999 (19)
721 957 851 985 narrat
877 948 1091 987 litterarum
1112 962 1185 986 usu
1217 949 1387 986 nondum

362 1017 514 1059 reperto
542 1009 643 1057 leges
664 1007 878 1045 necessario
905 1007 1008 1058 apud
1035 1017 1164 1057 gentes
1184 1008 1388 1046 nonnullas

360 1067 451 1104 olim
470 1067 685 1104 decantatas
703 1065 834 1112 fuisse,
862 1073 905 1102 ut
923 1078 1054 1109 earum
1085 1066 1309 1104 memoriam
1329 1080 1389 1104 re-

358 1125 536 1173 tinerent,
560 1124 664 1175 quod
689 1124 803 1161 etiam
824 1131 915 1161 tunc
936 1126 1038 1175 apud
1064 1124 1301 1174 Agathyrsos
1323 1124 1387 1162 lie-

356 1183 451 1221 bat:
483 1192 608 1221 tamen
643 1183 681 1220 id
704 1182 750 1220 ad
771 1195 851 1220 rem
882 1182 924 1220 in
956 1196 1034 1233 qua
1063 1192 1194 1221 nostra
1215 1191 1388 1221 versatur

356 1241 565 1292 disputatio
584 1254 661 1278 non
691 1241 866 1291 pertinet.
898 1240 993 1278 Nam
1014 1253 1061 1278 ne
1087 1240 1176 1291 quis
1205 1240 1386 1291 opinetur

355 1298 593 1337 Charondam
628 1298 825 1350 sapientiae
857 1307 1048 1349 praecepta
1079 1299 1257 1348 legesque
1293 1311 1385 1336 ver-

352 1356 460 1396 sibus
489 1357 714 1406 tradidisse,
741 1357 921 1408 inprimis
955 1356 1109 1394 obstant
1142 1357 1267 1406 legum
1298 1357 1382 1407 ejus

351 1416 541 1466 prooemia
562 1416 606 1453 in
643 1415 787 1453 Stobaei
819 1415 1026 1465 Florilegio
1058 1415 1176 1453 obvia
1213 1416 1384 1466 ipsaeque

351 1473 566 1512 Catinensis
603 1473 829 1524 philosophi
869 1474 971 1523 leges
1018 1487 1113 1524 quas
1150 1473 1382 1512 duodecimo

350 1531 595 1577 bibliothecae
622 1532 815 1570 historicae
842 1532 944 1570 libro
972 1532 1138 1570 inseruit
1166 1532 1377 1572 Diodorus.

348 1590 492 1642 Nempe
521 1591 564 1629 in
597 1591 658 1629 his
690 1592 838 1629 nullum
868 1600 991 1630 exstat
1013 1591 1229 1629 carminum
1263 1593 1380 1630 vesti-

347 1649 467 1698 gium,
487 1650 553 1688 sed
570 1662 702 1687 omnes
718 1649 794 1686 loci
823 1663 942 1701 prosa
967 1650 1141 1687 oratione
1173 1651 1379 1700 compositi

347 1716 447 1745 sunt.
466 1707 591 1753 Quum
625 1716 747 1745 autem
769 1707 950 1758 quasdam
981 1707 1198 1746 Charondae
1233 1708 1335 1757 leges
1355 1722 1377 1746 a

347 1766 504 1804 comicis
521 1766 644 1817 poetis
664 1765 872 1804 celebratas
889 1779 971 1805 esse
987 1775 1151 1816 constet,
1178 1767 1288 1804 facile
1308 1767 1376 1805 ad-

346 1825 466 1863 ducor
488 1834 528 1862 ut
544 1825 710 1872 credam,
739 1825 840 1876 apud
859 1825 1116 1864 Athenienses
1136 1825 1273 1863 solitos
1293 1839 1378 1864 esse

345 1884 385 1920 in
418 1885 542 1935 epulis
573 1897 709 1922 canere
741 1885 929 1922 convivas
964 1884 1095 1935 potius
1139 1884 1375 1923 comicorum

344 1943 461 1979 verba
486 1942 654 1980 numeris
677 1943 806 1980 vincta
834 1955 948 1993 quam
978 1943 1064 1993 ipsa
1083 1942 1296 1980 Charondae
1319 1943 1375 1981 ef·

345 1999 429 2038 sata.
453 1999 584 2037 Fidem
618 2000 762 2038 faciunt
787 2009 988 2051 poetarum
1015 2001 1200 2038 versiculi
1233 2015 1255 2039 a
1283 2002 1376 2039 Dio-

344 2057 439 2095 doro
476 2056 550 2110 (20)
584 2059 736 2108 allegati
764 2059 831 2109 qui
859 2058 1073 2098 Charondae
1104 2059 1237 2098 verbis
1275 2061 1376 2111 apud

341 2175 502 2215 νομοθέτης
511 2178 572 2207 τῶν
588 2176 746 2215 Ἀθήνηθεν
762 2176 908 2210 ἐλθόντων
919 2178 960 2214 εἰς
974 2178 1123 2219 Θουρίους
1135 2177 1282 2220 ἐποίκων,
1298 2189 1373 2217 φευ·

341 2222 457 2262 γόντων
476 2223 554 2264 (leg.
574 2223 733 2264 φεύγοντι)
754 2224 787 2256 δὲ
805 2227 850 2265 τῷ
870 2225 959 2265 πατρὶ
981 2225 1251 2262 συνακολουθήσας
1269 2226 1373 2266 κατῴ-

339 2279 433 2306 κησεν
461 2269 493 2301 ἐν
508 2270 652 2302 Χαλκίδι·
673 2271 727 2309 τὴν
747 2271 779 2302 δὲ
802 2270 872 2312 ὄψιν
897 2272 1061 2313 ἐλευθέριος
1087 2272 1137 2311 ἦν.
1165 2271 1328 2312 Γενόμενος
1341 2272 1375 2303 δὲ

338 2319 400 2347 τῶν
429 2317 644 2358 Πυθαγορείων
677 2317 719 2353 εῐς
747 2318 885 2358 διήνεγκε
911 2321 955 2358 τῷ
974 2321 1198 2360 προτρεπτικῷ.
1228 2335 1268 2342 —·
1307 2318 1372 2359 (17)

336 2362 511 2394 Atlienaeus
538 2363 594 2396 lib.
622 2365 696 2396 XIV
719 2373 749 2404 p.
778 2369 838 2397 619
854 2366 879 2397 Β
898 2377 907 2397 :
929 2366 1040 2406 ᾔδοντο
1057 2366 1090 2397 δὲ
1112 2365 1252 2403 Ἀθήνησι
1274 2366 1323 2397 καὶ
1345 2367 1374 2398 οἱ

337 2409 506 2450 Χαρώνδου
518 2410 606 2450 νόμοι
619 2410 691 2451 παρ’
704 2411 799 2450 οἶνον,
815 2413 856 2448 ὡς
869 2411 1046 2453 Ἕρμιππός
1057 2423 1149 2454 φησιν
1166 2413 1197 2444 ἐν
1213 2413 1294 2453 ἕκτῳ
1305 2413 1374 2453 περὶ

337 2456 521 2495 νομοθετῶν.
547 2476 587 2483 -
615 2457 678 2498 (18)
700 2458 813 2489 Strabo
831 2458 888 2490 lib.
918 2460 1042 2499 X111p.
1064 2461 1123 2491 539
1145 2459 1197 2490 ed.
1221 2458 1372 2490 casaub.:

338 2506 472 2543 χρῶνται
490 2503 522 2535 δὲ
539 2505 567 2535 οἱ
589 2505 768 2541 Μαζακηνοὶ
795 2509 860 2541 τοῖς
880 2506 1034 2547 Χαρώνδα
1053 2505 1176 2545 νόμοις,
1198 2506 1372 2547 αἱρούμενοι

338 2550 391 2580 καὶ
408 2550 560 2590 νομῳδόν,
584 2550 616 2586 ὅς
633 2550 719 2582 ἐστιν
735 2551 839 2588 αὐτοῖς
854 2551 998 2592 ἐξηγητης
1019 2555 1082 2584 τῶν
1096 2553 1212 2592 νόμων,
1237 2553 1374 2594 καθάπερ

338 2597 369 2626 οἱ
395 2596 480 2636 παρὰ
493 2596 660 2637 Ῥωμαίοις
686 2597 822 2637 νομικοί.
840 2615 883 2620 -
907 2598 973 2639 (19)
997 2599 1184 2630 Aristoteles
1213 2599 1371 2639 problem.

337 2644 423 2679 xlx,
441 2647 480 2674 28
499 2654 507 2674 :
525 2643 576 2674 διὰ
588 2643 617 2674 τί
645 2643 734 2685 νόμοι
758 2646 924 2676 καλοῦνται
954 2646 1006 2682 οὓς
1032 2646 1178 2686 ᾄδουσιν;
1194 2647 1214 2684 ἢ
1239 2646 1287 2677 ὅτι
1303 2647 1372 2687 πρὶν

337 2688 522 2720 ἐπίστασθαι
529 2689 706 2730 γράμματα,
716 2689 789 2730 ᾖδον
801 2690 871 2727 τοὺς
877 2691 1001 2731 νόμους,
1013 2692 1095 2728 ὅπως
1105 2693 1147 2733 μὴ
1157 2692 1370 2733 ἐπιλάθωνται,

338 2735 444 2776 ὥσπερ
477 2735 508 2766 ἐν
525 2735 717 2776 Ἀγαθύρσοις
746 2737 789 2767 ἔτι
813 2738 976 2776 εἰώθασιν;
1003 2739 1056 2769 καὶ
1084 2743 1146 2770 τῶν
1168 2740 1303 2780 ὑστέρων
1320 2740 1372 2771 οὖν

339 2781 427 2821 ᾠδῶν
443 2782 495 2817 τὰς
517 2783 638 2823 πρώτας
651 2783 686 2814 τὸ
702 2780 783 2814 αὐτὸ
795 2783 942 2816 ἐκάλεσαν
956 2784 1030 2826 ὅπερ
1043 2785 1095 2821 τὰς
1105 2786 1239 2827 πρώτας.
1251 2805 1293 2812 -
1306 2786 1373 2827 (20)

339 2827 498 2859 Diodorus
513 2829 635 2859 Siculus
653 2829 707 2860 lib.
724 2831 784 2860 XII
805 2838 874 2869 cap.
897 2833 932 2862 14
951 2839 958 2858 :
974 2831 1143 2872 ἀμφοτέρας
1159 2832 1191 2863 δὲ
1204 2832 1258 2868 τὰς
1273 2842 1372 2873 προει-

337 2875 467 2914 ρημένας
488 2875 593 2906 πολλοὶ
614 2878 675 2906 τῶν
689 2879 825 2912 ποιητῶν
842 2875 879 2907 δι’
895 2876 1044 2917 ἐμμέτρου
1065 2877 1237 2918 ποιήματος
1252 2888 1369 2918 μεμαρ-

337 2920 503 2961 τυρήκασι,
525 2922 580 2957 τὴν
607 2923 661 2961 μὲν
679 2921 862 2960 κακομιλίαν
886 2923 916 2953 ἐν
934 2923 1052 2954 τοῖσδε·
1070 2935 1086 2950 ‘t
1107 2924 1190 2956 ὅστις
1209 2924 1235 2954 δ’
1255 2925 1370 2963 ὁμιλῶν

338 2967 444 3003 ἣδεται
458 2970 565 3002 κακοῖς
580 2967 668 3008 ἀνήρ,
687 2968 844 2999 οὐπώποτ’
857 2968 1019 3008 ἠρώτησα,
1037 2969 1201 3007 γινώσκων
1218 2969 1371 3001 ὅτιτοιοῦ-

336 3011 388 3048 τός
412 3013 495 3043 ἐστιν
523 3012 632 3053 οἷσπερ
660 3013 765 3050 ἥδεται
781 3014 888 3050 ξυνών·
910 3026 926 3041 «
946 3015 998 3045 τὸν
1015 3014 1049 3045 δὲ
1066 3015 1134 3054 περὶ
1154 3018 1206 3052 τῆς
1223 3018 1369 3056 μητρυιᾶς

336 3058 458 3090 τεθέντα
475 3059 505 3090 ἐν
518 3059 646 3095 τούτοις·
666 3072 682 3087 n
696 3060 748 3091 τὸν
767 3061 935 3100 νομοθέτην
954 3061 1045 3101 φασὶν
1066 3061 1238 3101 Χαρώνδαν
1258 3061 1289 3091 ἔν
1309 3072 1368 3093 τινι

337 3105 506 3146 νομοθεσίᾳ
518 3105 556 3136 τά
570 3105 595 3137 τ’
611 3106 687 3137 ἄλλα
708 3107 761 3137 καὶ
777 3107 864 3138 ταυτὶ
889 3108 999 3145 λέγειν·
1017 3109 1034 3139 ὁ
1062 3108 1169 3139 παισὶν
1195 3109 1289 3139 αὑτοῦ
1308 3119 1368 3148 μη·
1398 3141 1400 3151 Α

336 3152 438 3193 τρυιὰν
463 3151 635 3191 ἐπεισάγων
661 3152 728 3192 μήτ’
745 3153 965 3193 εὐδοκιμείσθω
1006 3153 1082 3194 μήτε
1108 3153 1260 3194 μετεχέτω
1276 3154 1369 3194 λόγου
1398 3175 1400 3180 ν

334 3199 418 3239 παρὰ
435 3200 499 3234 τοῖς
514 3199 664 3236 πολίταις,
683 3200 724 3235 ὡς
750 3198 931 3231 ἐπείσακτον
958 3200 1056 3231 κακὸν
1077 3199 1159 3231 κατὰ
1173 3202 1235 3231 τῶν
1258 3201 1368 3232 ἑαυτοῦ
1398 3217 1400 3224 ν

334 3244 522 3286 πραγμάτων
534 3246 767 3287 πεπορισμένος.
783 3244 847 3276 Εἶτ’
862 3246 1006 3286 ἐπέτυχες
1022 3245 1094 3287 γάρ,
1111 3245 1199 3286 φησί,
1218 3248 1318 3288 γήμας
1333 3247 1368 3278 τὸ
1398 3236 1400 3275 l
1429 3243 1506 3274 ἴδιόν
1529 3255 1559 3275 τι
1576 3244 1628 3276 καὶ
1657 3241 1828 3283 παράδοξον
1847 3241 1932 3282 ,αὐτῷ
1955 3241 2079 3276 συνέὸη.
2097 3240 2167 3272 Ἐπὶ
2198 3240 2258 3281 γὰρ
2277 3240 2332 3278 τὴν
2359 3239 2465 3280 χώραν

334 3291 493 3332 πρότερον,
511 3291 670 3332 εὐημερῶν
683 3291 898 3332 κατάπαυσον,
916 3291 971 3324 εἶτ’
987 3293 1047 3324 οὐκ
1063 3292 1221 3333 ἐπέτυχες,
1238 3294 1366 3334 μανικὸν

335 3339 370 3370 τὸ
382 3338 487 3379 πείρας
504 3339 646 3379 δευτέρας
667 3339 772 3370 λαὸεῖν
792 3338 896 3370 πάλιν.
916 3351 932 3367 υ
948 3340 1025 3375 Ταῖς
1042 3339 1102 3381 γὰρ
1118 3339 1271 3377 ἀληθείαις
1290 3341 1307 3372 ὁ
1323 3341 1367 3377 δὶς

337 3386 367 3416 ἐν
380 3390 441 3422 τοῖς
461 3386 566 3422 αὐτοῖς
579 3386 756 3426 πράγμασιν
771 3385 954 3427 ἁμαρτάνων
967 3386 1068 3427 ἄφρων
1088 3386 1125 3417 ἂν
1144 3386 1269 3424 δικαίως
1279 3398 1366 3427 νομι-

340 3431 437 3468 σθείη.
469 3432 529 3463 Καὶ
547 3432 720 3472 Φιλήμονος
736 3435 790 3463 τοῦ
815 3432 1077 3473 κωμῳδιογράφου
1101 3432 1267 3474 γράφοντος
1296 3434 1366 3470 τοὺς

341 3478 483 3514 πολλάκις
493 3479 752 3520 ναυτιλλομένους,
769 3479 821 3510 καὶ
835 3478 973 3515 εἰπόντος
996 3479 1109 3520 «νόμῳ
1123 3479 1288 3520 τεθαύμακ’
1310 3480 1364 3511 οὐκ

1234 280 1300 319 DE
1329 280 1641 319 PYTHAGORA

1457 366 1648 404 Stobaeum
1679 364 1922 415 respondent.
1950 363 2136 403 Caeterum
2163 367 2483 416 quemadmodum

1456 438 1477 462 e
1496 423 1658 462 Diodori
1677 423 1920 472 aliorumque
1949 422 2154 461 annalibus
2179 423 2365 463 discimus
2383 424 2486 463 Cha-

1456 483 1615 520 rondam
1635 481 1902 519 Thurinorum
1927 480 2077 518 civitati
2095 481 2197 531 leges
2214 482 2360 521 dixisse
2393 496 2403 521 :
2431 483 2487 521 sic

1456 541 1557 591 apud
1579 538 1829 577 Plutarchum
1858 538 1900 576 in
1931 537 2066 576 libello
2086 538 2134 576 de
2150 540 2374 578 curiositate
2396 553 2483 591 cap.

1460 613 1504 635 12
1530 600 1631 636 ὁτῶν
1650 597 1811 648 Θουρίων
1840 595 2028 646 νομοθέτης
2057 609 2137 634 non
2164 598 2262 636 alius
2291 607 2349 637 est
2371 612 2484 650 quam

1455 655 1700 702 Charondas,
1739 655 1779 692 id
1816 654 1925 705 quod
1967 653 2206 705 Xylandrum
2238 656 2486 708 interpretem

1454 727 1531 752 non
1564 715 1675 763 fugit.
1709 712 1836 758 Quid?
1877 712 1980 762 quod
2001 713 2102 764 apud
2129 712 2330 753 Thurinos
2359 715 2485 766 legum

1455 773 1553 811 lator
1568 772 1790 811 voluntaria
1814 779 1939 809 morte
1968 771 2088 818 obiit,
2121 773 2154 810 si
2179 773 2373 812 credimus
2392 774 2486 812 Dio-

1453 833 1549 870 doro
1569 832 1699 870 Siculo
1731 831 1811 883 (21)
1838 830 1907 869 lib.
1934 830 2007 869 ΧΠ
2028 845 2112 883 cap.
2143 847 2189 884 19
2219 842 2257 871 et
2283 834 2351 885 qui
2374 834 2486 873 illum

1453 901 1604 929 secutus
1625 899 1682 929 est
1712 890 1867 928 Valerio
1898 890 2068 928 Maximo
2085 890 2158 931 lib.
2179 891 2231 931 VI
2258 905 2343 944 cap.
2377 893 2398 931 5
2430 893 2486 932 ita

1453 949 1639 987 scribenti
1668 963 1677 986 :
1705 966 1720 983 ιι
1757 948 1831 986 Sed
1853 948 2052 999 aliquanto
2072 948 2287 988 Charondae
2315 950 2486 996 Thurini

1451 1007 1695 1058 praefractior
1715 1016 1828 1057 atque
1855 1007 2065 1045 abscissior
2082 1007 2248 1058 justitia.
2268 1009 2327 1046 Ad
2344 1010 2423 1048 vim
2447 1019 2486 1049 et

1450 1079 1627 1104 cruorem
1644 1079 1765 1116 usque
1786 1066 1986 1104 seditiosas
2015 1080 2035 1104 c
2048 1066 2231 1104 onciones
2250 1067 2396 1106 civium
2418 1081 2485 1119 pa·

1451 1133 1615 1171 caverat,
1637 1125 1720 1174 lege
1737 1124 1909 1162 cavendo
1924 1153 1934 1173 ‚
1951 1133 1994 1162 ut
2017 1124 2050 1162 si
2067 1124 2156 1174 quis
2175 1137 2239 1163 eas
2258 1138 2344 1162 cum
2377 1126 2483 1164 ferro

1450 1185 1652 1231 intrasset,
1698 1184 1884 1222 continuo
1934 1183 2230 1220 interficeretur.
2276 1181 2484 1234 lutei-jecto

1448 1243 1588 1281 deinde
1611 1252 1798 1294 tempore,
1827 1255 1875 1280 ex
1900 1241 2114 1291 longinquo
2135 1253 2226 1278 rure
2251 1241 2380 1290 gladio
2401 1243 2485 1280 cin-

1447 1311 1544 1350 ctus,
1569 1303 1726 1340 domum
1750 1310 1939 1353 repetens,
1956 1300 2084 1338 subito
2108 1300 2254 1338 indicta
2281 1302 2481 1350 concione,

1446 1362 1547 1400 sicut
1587 1370 1682 1408 erat,
1715 1363 1756 1399 in
1788 1374 1872 1398 eam
1907 1360 2100 1411 processit
2129 1373 2137 1396 :
2177 1358 2226 1396 ab
2258 1372 2381 1411 eoque
2413 1363 2482 1412 qui

1445 1420 1624 1471 proxime
1644 1420 1881 1465 constiterat,
1913 1419 2047 1457 solutae
2069 1431 2091 1455 a
2112 1430 2152 1455 se
2171 1418 2268 1467 legis
2300 1431 2378 1456 suae
2397 1433 2479 1459 mo·

1445 1479 1581 1517 nitus:
1616 1479 1722 1517 Idem
1758 1492 1828 1529 ego
1861 1478 1984 1524 illam,
2012 1477 2160 1528 inquit,
2191 1477 2361 1515 sanciam
2394 1492 2403 1516 :
2435 1492 2480 1518 ae

1448 1538 1627 1588 protinus
1640 1539 1742 1575 ferro
1763 1536 1868 1587 quod
1889 1535 2056 1573 habebat
2081 1535 2260 1573 distri-cto
2279 1535 2474 1579 incubuit.

1442 1595 1646 1647 Quumque
1677 1596 1810 1633 liceret
1845 1595 1998 1646 culpam
2034 1594 2098 1631 vel
2138 1593 2383 1633 dissimulare
2416 1597 2476 1634 vel

1442 1668 1573 1692 errore
1606 1654 1830 1701 defendere,
1863 1666 2018 1705 poenam
2039 1662 2167 1691 tamen
2198 1663 2475 1704 repraesentare

1442 1714 1593 1761 maluit,
1624 1727 1672 1751 ne
1701 1726 1778 1764 qua
1809 1714 1912 1751 fraus
1941 1711 2103 1763 justitiae
2139 1712 2259 1751 fieret.
2281 1728 2297 1747 v
2337 1711 2477 1751 Verum

1431 1773 1534 1824 'quia
1558 1773 1751 1824 ejusmodi
1780 1774 1906 1822 legum
1943 1771 2134 1809 sanctoris
2162 1779 2199 1809 et
2218 1771 2404 1810 severitas
2435 1781 2476 1810 et

1439 1831 1674 1880 perversitas
1694 1845 1716 1869 a
1735 1831 1809 1869 fide
1828 1831 2028 1877 abhorret,
2049 1843 2178 1868 rerum
2206 1830 2477 1880 pronuntiato-

1439 1903 1521 1927 rem
1549 1890 1596 1928 ab
1630 1898 1792 1928 auctore
1823 1903 1960 1941 parum
1987 1890 2127 1928 idoneo
2160 1889 2360 1940 deceptum
2393 1903 2476 1929 esse

1440 1948 1690 1988 arbitramur.
1714 1949 1941 1987 Ciceronem
1961 1947 2175 1986 Charondae
2188 1947 2365 1986 instituta
2380 1961 2476 1999 quo-

1440 2020 1524 2045 rum
1547 2008 1588 2045 in
1609 2007 1723 2046 libris
1744 2008 1791 2046 de
1814 2008 1967 2057 legibus
1994 2007 2183 2054 meminit,
2220 2006 2377 2057 cognita
2404 2009 2474 2046 ha-

1439 2066 1572 2104 buisse
1591 2076 1764 2118 apertum
1786 2080 1828 2104 ac
1845 2066 2093 2118 perspicuum
2111 2074 2179 2105 est.
2196 2065 2343 2103 Etenim
2360 2065 2431 2106 lib.
2455 2066 2472 2104 1

1439 2138 1523 2177 cap.
1542 2138 1612 2163 22:
1630 2143 1645 2158 «
1657 2125 1734 2163 Nec¹
1747 2125 1917 2176 Lycurgi
1931 2125 2046 2174 leges,
2064 2125 2207 2175 inquit,
2223 2123 2469 2172 necSolonis‚

1439 2197 1563 2235 neque
1588 2184 1817 2231 Charondae,
1850 2196 1976 2234 neque
2009 2183 2196 2229 Zaleuci,
2234 2195 2305 2220 nec
2325 2190 2473 2220 nostras

1450 2243 1521 2281 ΧΠ
1551 2243 1716 2290 tabulas,
1750 2257 1820 2282 nec
1851 2242 2057 2294 plebiscita
2093 2242 2281 2280 desidero.
2306 2258 2323 2276 n
2347 2241 2471 2280 Porro

1438 2301 1509 2342 lib.
1528 2302 1565 2339 lI
1579 2316 1662 2353 cap.
1683 2303 1705 2338 6
1727 2302 1781 2340 ait
1801 2315 1810 2338 t
1836 2318 1852 2335 »
1877 2301 1952 2338 Sed
1966 2308 2009 2338 ut
2028 2300 2090 2338 vir
2111 2300 2360 2338 doctissimus
2378 2300 2471 2339 fecit

1438 2361 1548 2398 Plato
1576 2369 1690 2411 atque
1716 2361 1820 2398 idem
1855 2359 2110 2409 gravissimus
2143 2358 2470 2410 philosophorum

1437 2420 1628 2466 omnium,
1651 2419 1716 2470 qui
1730 2419 1910 2470 princeps
1925 2418 1971 2455 de
1991 2430 2032 2455 re
2046 2417 2204 2468 publica
2217 2417 2470 2467 conscripsit,

1436 2479 1615 2529 idemque
1652 2478 1857 2529 separatim
1890 2477 1937 2514 de
1970 2477 2119 2527 legibus
2151 2476 2258 2527 ejus,
2297 2475 2339 2514 id
2373 2475 2471 2515 mihi

1435 2538 1550 2576 credo
1579 2550 1662 2576 esse
1696 2537 1934 2584 faciendum,
1963 2546 2006 2575 ut
2025 2537 2252 2587 priusquam
2273 2537 2397 2587 ipsam
2422 2535 2471 2573 le·
2514 2567 2518 2569 .

1435 2610 1518 2646 gem
1554 2597 1712 2634 recitem
1742 2596 1790 2634 de
1809 2595 1892 2646 ejus
1917 2596 2015 2645 legis
2045 2595 2158 2633 laude
2186 2595 2326 2633 dicam.
2357 2593 2468 2641 Quod

1434 2655 1536 2693 idem
1558 2665 1595 2693 et
1617 2655 1822 2693 Zaleucum
1844 2663 1881 2692 et
1897 2654 2139 2692 Charondam
2163 2654 2299 2693 fecisse
2319 2655 2437 2694 video
2457 2666 2468 2693 :

1437 2726 1670 2764 quamquam
1693 2713 1850 2764 quidem
1870 2712 1930 2750 illi
1951 2726 2026 2750 non
2049 2712 2167 2750 studii
2189 2720 2227 2750 et
2250 2712 2469 2750 delectatio-

1432 2871 1498 2902 ἐπεὶ
1516 2871 1701 2908 πέπλευκεν,
1718 2869 1782 2901 ἀλλ’
1805 2869 1832 2900 εἰ
1851 2869 1895 2904 δὶς
1911 2869 2076 2908 πέπλευκε,
2098 2883 2112 2897 υ
2131 2869 2167 2901 τὸ
2191 2870 2410 2911 παραπλήσιον
2430 2871 2468 2903 ἂν

1432 2928 1476 2953 τις
1495 2916 1694 2958 ἀποφαίνοιτο
1717 2917 1758 2956 μή
1778 2914 1939 2955 θαυμάζειν
1959 2915 1986 2947 εἴ
2005 2927 2049 2951 τις
2081 2916 2268 2956 γεγάμηκεν,
2294 2915 2361 2949 ἀλλ’
2380 2918 2406 2949 εἰ
2423 2917 2468 2954 δὶς

1431 2965 1601 3005 γεγάμηκε·
1622 2966 1757 3004 κρεῖττον
1772 2963 1830 3004 γὰρ
1849 2963 1926 2994 εἶναι
1945 2963 1987 2998 δὶς
2006 2964 2115 2994 ἑαυτὸν
2132 2964 2267 3005 θαλάττῃ
2280 2965 2468 3005 παραὸαλεῖν

1431 3012 1450 3048 ἢ
1471 3010 1603 3051 γυναικί.
1629 3010 1781 3050 Μέγισται
1797 3009 1855 3048 γὰρ
1883 3009 1935 3039 καὶ
1963 3010 2180 3049 χαλεπώταται
2207 3010 2331 3046 στάσεις
2355 3011 2386 3042 ἐν
2401 3014 2469 3048 ταῖς

1431 3057 1542 3095 οἰκίαις
1564 3057 1698 3097 γίνονται
1717 3057 1767 3087 διὰ
1781 3055 1930 3096 μητρυιὰς
1946 3060 2062 3092 τεκνοις
2077 3057 2152 3095 πρὸς
2165 3057 2297 3097 πατέρας
2310 3081 2320 3096 ,
2344 3057 2397 3088 καὶ
2415 3057 2469 3089 διὰ

1430 3107 1528 3135 ταῦτα
1543 3105 1652 3136 πολλαὶ
1669 3103 1725 3135 καὶ
1738 3102 1910 3143 πῳάνομοι
1924 3101 2045 3143 πράξεις
2059 3102 2089 3133 ἐν
2109 3105 2172 3138 τοῖς
2191 3103 2326 3143 θεάτροις
2342 3114 2466 3144 τραγῳ-

1430 3151 1566 3182 δοῦνται.
1584 3167 1627 3174 -
1645 3150 1708 3190 (21)
1729 3148 1888 3181 Diodorus
1903 3148 2029 3180 Siculus
2046 3148 2099 3180 lib.
2122 3150 2184 3181 XII
2195 3158 2266 3189 cap.
2289 3153 2325 3181 19
2347 3158 2355 3177 :
2372 3149 2469 3181 λείπε-

1430 3207 1479 3227 ται
1496 3196 1523 3228 δ’
1535 3199 1611 3237 ἡμῖν
1629 3198 1727 3229 εἰπεῖν
1746 3193 1822 3236 ὑπὲρ
1842 3198 1896 3232 τῆς
1918 3198 1973 3226 τοῦ
1986 3195 2154 3235 Χαρώνδου
2169 3196 2324 3234 τελευτῆς,
2341 3194 2410 3226 καθ’
2429 3197 2467 3232 ἢν

1427 3291 1515 3326 ἐξιὼν
1536 3291 1612 3332 μετὰ
1632 3289 1758 3330 ξιφιδίου
1774 3287 1825 3320 διὰ
1841 3287 1914 3324 τοὺς
1928 3287 2061 3326 ληστάς,
2081 3287 2133 3318 καὶ
2146 3287 2229 3334 κατα
2241 3287 2295 3324 τήν
2318 3286 2464 3318 ἐπάνοδον

1429 3339 1593 3378 ἐκκλησίας
1617 3337 1814 3373 συνεστώσης
1829 3336 1882 3366 καὶ
1901 3338 2037 3376 ταραχῆς
2056 3333 2087 3365 ἐν
2103 3336 2169 3370 τοῖς
2184 3334 2333 3371 πλήθεσι,
2350 3333 2463 3374 προσέ-

1430 3397 1488 3424 στη
1509 3387 1774 3427 πολυπραγμονῶν
1794 3382 1832 3414 τὰι
1852 3382 1934 3414 κατὰ
1949 3382 2003 3420 τὴν
2017 3382 2140 3414 στάσιν.
2162 3380 2420 3420 Νενομοθετηκὼς
2436 3377 2465 3409 δ’

1427 3433 1466 3471 ἦν
1486 3434 1601 3474 μηδένα
1623 3431 1689 3474 μεθ’
1705 3431 1802 3462 ὅπλου
1822 3428 2043 3468 ἐκκλησιάζειν,
2061 3428 2115 3459 καὶ
2132 3427 2345 3466 ἐπιλαθόμενος
2365 3426 2411 3457 ὅτι
2429 3426 2463 3457 τὸ

1430 3479 1511 3519 ξίςος
1527 3480 1740 3520 παρέζωσται,
1758 3477 1932 3518 παρέδωκεν
1948 3476 2066 3517 ἐχθροῖς
2080 3485 2159 3506 τισιν
2181 3474 2318 3515 ἀφορμὴν
2335 3483 2466 3512 κατηγυ-
