2606 3828
339 205 414 237 226
1054 191 1319 231 CtlALClDtl
1348 192 1766 233 COMMENTARIUS

334 284 421 326 pates
439 291 543 314 causae
565 281 645 321 sint,
659 290 732 323 qum
755 281 829 312 item
857 278 1081 320 principalibus
1095 278 1239 310 accidant
1264 291 1272 311 ς
1294 287 1368 320 qum

335 342 410 375 item
424 341 486 373 sint
505 341 571 381 ipsa
583 340 710 382 quidem
726 338 910 378 immobilia,
924 339 1071 370 moveant
1085 339 1191 369 tamen
1204 336 1263 369 alia
1273 348 1282 378 ;
1294 346 1368 379 quoe

332 399 460 432 demum
474 399 514 431 ab
534 399 586 431 liis
606 399 680 439 ipsis
701 399 871 429 moventur
884 405 922 428 ex
943 396 1049 436 aliqua
1068 396 1278 429 necessitate:
1295 404 1368 437 quae

332 468 407 492 cum
426 459 548 491 ratione
570 460 699 490 movent
715 458 862 489 affectum
887 455 933 487 rei
957 454 1041 487 utilis
1060 455 1194 497 alicujus
1206 467 1216 497 ;
1233 463 1370 497 qumque

332 518 401 551 sine
421 519 542 550 ratione
555 541 564 558 ,
580 519 611 550 et
634 519 667 548 ut
686 516 770 548 libet,

373 578 484 612 CCXI.
529 578 659 611 Orditur
677 577 811 617 denique
834 584 852 608 a
874 574 999 616 capite;
1018 583 1118 616 quam
1144 576 1268 616 partem
1296 584 1368 608 cor-

332 638 417 679 poris
427 638 615 679 principali
634 636 786 678 quadam
802 644 871 666 csse
888 635 1074 667 eminentia
1085 632 1172 667 dicit.
1217 635 1367 676 Propter-

331 706 428 737 eaque
446 697 632 738 oportuisse
662 697 696 726 in
717 693 848 726 excelso
874 695 978 735 atque
999 694 1166 726 eminenti
1184 693 1266 734 loco,
1288 695 1368 727 tan·

330 764 438 797 quam
457 763 563 786 arcem
590 754 688 785 totius
706 752 867 793 corporis,
892 751 1039 784 collocari
1059 761 1067 784 ε
1088 753 1126 784 ut
1151 751 1369 785 domicilium

330 816 416 846 essee
432 815 542 854 partis
559 814 684 845 anima!
702 811 909 852 principalis
926 835 936 851 ,
951 811 1036 852 quod
1055 810 1242 853 ἡγεμονικόν
1259 820 1278 843 a
1296 811 1366 852 pbi-

329 872 468 912 losophis
481 871 607 910 dicitur,
623 870 655 902 id
671 874 719 902 est
739 870 832 903 ratio.
881 869 981 910 Cujus
999 870 1119 911 duplex
1133 870 1254 911 virtus;
1271 869 1368 902 altera

328 931 515 971 intelligens,
535 929 692 970 opinatrix
722 929 843 970 altera;
876 928 970 969 Juxta
1000 937 1081 970 quas
1106 927 1263 970 sapientia
1293 937 1367 961 cum

328 989 503 1029 disciplina,
515 988 633 1020 etitem
645 987 812 1029 prudentia
825 996 899 1020 cum
916 987 1012 1020 rectis
1027 987 1231 1029 opinionibus
1246 996 1367 1020 conva-

327 1048 459 1080 lescunt.
502 1048 589 1085 Quas
614 1046 692 1079 duas
711 1046 838 1079 divinas
862 1045 1123 1079 circumactiones
1148 1045 1263 1079 animae
1282 1046 1368 1079 idem

327 1108 437 1138 auctor
461 1106 798 1147 appellat31uxtaque
820 1114 874 1138 eas
899 1105 1039 1138 divinas
1063 1107 1270 1147 potestates,
1293 1114 1368 1147 quae

325 1166 496 1206 fmyebant
518 1173 663 1206 corpora
689 1164 889 1206 hominum,
911 1164 958 1197 ad
974 1164 1247 1197 similitudinem
1267 1172 1368 1197 mzcn-

326 1224 413 1257 dani
440 1223 608 1262 formasse
634 1223 710 1256 dicit
729 1225 838 1265 caput
864 1223 1068 1263 rotundum,
1091 1225 1126 1257 et
1150 1223 1326 1264 qlobosum
1356 1233 1368 1256 .·

325 1282 418 1323 eique
441 1283 484 1315 ita
516 1283 688 1315 informato
725 1282 939 1315 connexuisse
972 1281 1195 1314 rationabilem
1228 1286 1365 1315 motum.

326 1341 389 1379 Qui
409 1341 602 1374 rationabilis
632 1342 737 1374 motus
769 1340 953 1382 principalis
983 1340 1099 1373 animae
1130 1342 1270 1382 potestas
1298 1343 1367 1383 est;

326 1402 558 1441 proptereaque
570 1400 805 1441 principalem
823 1401 949 1432 animae
963 1401 1170 1441 potestatem
1193 1400 1307 1433 asserit
1329 1402 1369 1432 in

327 1461 440 1501 capite
459 1459 571 1491 sedem
588 1458 723 1492 habere.

367 1519 497 1550 ccxli.
522 1517 584 1550 Sed
607 1517 758 1558 quoniam
778 1517 819 1550 de
842 1517 905 1550 boc
921 1517 1057 1550 diversae
1076 1517 1241 1559 opiniones
1259 1517 1367 1550 Philo-

329 1576 503 1618 sophorum
522 1578 586 1608 tam
616 1579 761 1609 veterum
785 1586 882 1618 quam
900 1585 1056 1609 novorum
1074 1576 1289 1618 exstiterunt,
1316 1585 1367 1609 re-

328 1635 496 1668 censendae
518 1635 609 1667 nobis
639 1635 773 1675 singulae
788 1637 884 1676 sunt;
904 1636 955 1675 ut,
977 1635 1085 1668 habita
1105 1635 1343 1676 comparatione
1357 1659 1369 1676 ,

329 1696 450 1737 quanto
467 1695 593 1727 caeteris
606 1694 646 1726 ad
667 1695 831 1727 veritatem
852 1696 981 1736 praestet
1001 1694 1161 1735 Platonis,
1178 1695 1233 1727 fiat
1249 1694 1368 1736 palam.

328 1751 392 1790 Qui
413 1751 577 1783 dividuam
606 1760 674 1783 esse
693 1751 783 1783 silvoe
802 1751 1013 1783 substantiam
1031 1751 1245 1790 censuerunt,
1268 1750 1366 1782 inter-

327 1811 481 1851 ponentes
505 1810 664 1842 immenso
698 1810 784 1842 inani
810 1810 906 1843 modo
932 1811 1091 1851 expertia,
1130 1809 1227 1842 modo
1260 1811 1368 1851 partes

329 1871 477 1912 quidem,
494 1871 549 1904 sed
566 1871 800 1911 indifferentes,
817 1871 865 1904 sui
885 1871 1025 1912 similes;
1042 1879 1129 1903 nunc
1151 1875 1275 1903 atomos
1287 1894 1296 1911 ,
1318 1870 1370 1902 vel

327 1929 444 1962 solidas
475 1930 575 1962 moles
610 1942 620 1963 ι
652 1929 777 1962 nullum
806 1930 913 1962 locum
944 1931 1086 1970 certum,
1118 1929 1369 1971 definitumque,

326 1988 490 2030 principali
520 1988 637 2021 animae
670 1989 751 2030 parti
780 1989 948 2021 dederunt.
994 1989 1133 2030 Spiritus
1167 1989 1305 2030 quippe,
1333 1989 1370 2020 ut

327 2049 387 2091 ipsi
405 2051 610 2090 asseverant,
632 2058 687 2090 per
711 2050 818 2082 fauces
837 2051 877 2081 ad
899 2049 1088 2091 pulmonem
1106 2057 1313 2088 commean8‚
1337 2048 1370 2080 in

328 2108 533 2149 respiratione
552 2109 752 2147 attenuatus,
771 2108 810 2139 ad
833 2108 941 2141 cordis
959 2108 1068 2141 sedem
1087 2108 1160 2140 facit
1184 2108 1368 2141 transitum.

328 2167 449 2199 Deinde
472 2176 528 2207 per
554 2167 706 2207 arterias,
734 2176 806 2208 quae
834 2169 910 2199 sunt
935 2177 953 2199 a
978 2167 1074 2200 corde
1103 2168 1279 2208 porrectae,
1302 2177 1369 2208 per-

328 2226 417 2259 venit
442 2225 483 2258 ad
509 2226 681 2266 caroticas‚
712 2225 756 2258 ita
787 2219 1104 2267 appellatas'venas,
1134 2226 1220 2267 quod
1248 2226 1368 2258 eaedem

328 2285 502 2317 vulneratae
533 2286 666 2316 mortem
693 2284 827 2317 afferant
855 2285 1080 2326 soporiferam,
1099 2294 1155 2326 per
1180 2293 1260 2326 quas
1285 2285 1368 2317 idem

328 2343 454 2384 spiritus
471 2343 509 2375 ad
533 2344 629 2384 caput
652 2343 749 2375 fertur
764 2352 820 2384 per
836 2344 947 2376 tenues
965 2352 1138 2376 nervorum
1162 2345 1196 2376 et
1219 2345 1370 2383 angustos

330 2404 453 2435 meatus
473 2413 482 2434 ι
500 2404 597 2443 atque
610 2402 652 2434 ibi
667 2402 805 2443 primum
818 2402 908 2435 nasci
921 2402 1031 2435 dicunt
1046 2402 1173 2435 initium
1192 2402 1368 2442 sentiendi,

330 2464 362 2493 et
394 2461 606 2493 intermanare
636 2461 676 2493 ad
706 2464 858 2494 caeterum
891 2468 1018 2503 eorpus.
1063 2463 1158 2502 Isque
1190 2460 1370 2493 communis

331 2530 444 2553 seusus
461 2522 509 2553 est
525 2524 645 2561 tactus,
661 2521 713 2553 sed
731 2521 764 2553 tit
781 2521 929 2562 proprius
941 2545 950 2563 ,
971 2522 1012 2554 ob
1029 2521 1246 2554 diversitatem
1265 2529 1368 2553 mem-

332 2579 482 2619 brorum,
503 2579 620 2620 quibus
647 2579 812 2612 sentimus.
857 2580 970 2618 Qualia
998 2580 1083 2612 enim
1112 2580 1229 2613 fuerint
1251 2588 1370 2620 organa

332 2636 505 2676 sentiendi,
522 2637 593 2669 talis
610 2646 723 2669 sensus
743 2637 887 2678 exsistit,
907 2640 943 2670 ut
959 2647 1015 2679 per
1029 2639 1140 2671 oculos
1157 2638 1261 2680 visus,
1277 2638 1368 2670 audi-

334 2699 386 2727 tus
410 2704 465 2736 per
483 2704 592 2734 aures,
614 2699 712 2736 atque
737 2696 768 2728 in
786 2696 923 2729 eundem
953 2697 1085 2729 modum
1116 2698 1235 2731 caeteri,
1279 2700 1370 2730 Unus

332 2756 437 2786 tamen
455 2754 505 2786 est
521 2754 652 2794 spiritus
663 2777 672 2795 ‚
690 2754 744 2795 qui
761 2755 793 2786 in
809 2755 917 2787 multis
934 2755 1140 2789 deformatur.

375 2813 516 2844 CCXIII.
541 2813 604 2844 Aut
629 2812 712 2844 enim
735 2813 834 2845 moles
853 2814 1002 2853 quaedam
1024 2818 1099 2847 sunt
1123 2815 1225 2856 leves,
1251 2817 1282 2848 et
1306 2816 1368 2856 glo·

335 2872 445 2911 bosae,
461 2869 649 2912 eaedemque
676 2870 847 2903 admodum
872 2871 1031 2913 delicatae,
1054 2882 1093 2906 ex
1122 2874 1239 2914 quibus
1262 2874 1370 2907 anima

333 2929 504 2968 subsistit,
522 2928 608 2970 quod
623 2930 728 2961 totum
747 2929 876 2970 spiritus
895 2931 960 2970 est,
981 2932 1017 2963 ut
1034 2932 1237 2973 Asclepiades
1255 2934 1366 2974 putat,

334 2993 389 3020 aut
415 2988 521 3029 ignitae
543 2987 640 3019 atomi
656 2987 747 3027 juxta
767 2989 1002 3030 Democritum,
1022 2990 1077 3031 qui
1099 2999 1139 3023 ex
1162 2991 1275 3024 iisdem
1297 3001 1365 3024 cor-

334 3047 464 3089 poribus
476 3050 509 3079 et
525 3046 632 3087 ignem
650 3047 682 3079 et
696 3046 836 3079 animam
858 3051 967 3080 censet
986 3049 1133 3090 excludi3
1149 3049 1199 3082 vel
1215 3050 1246 3082 id
1265 3050 1369 3092 ipsum

334 3106 432 3139 atomi
463 3115 538 3139 casu
570 3105 729 3146 quodam,
750 3107 783 3138 et
810 3106 879 3139 sine
909 3107 1050 3148 ratione,
1078 3110 1302 3142 concurrentes
1338 3110 1370 3142 in

335 3174 456 3206 unum,
476 3166 510 3198 et
528 3165 667 3197 animam
692 3165 856 3206 creantes,
875 3166 912 3197 ut
931 3165 1067 3206 Epicuro
1082 3167 1202 3207 placet,
1220 3167 1262 3199 ob
1280 3168 1369 3200 simi-

335 3226 504 3259 litudinem
524 3229 728 3266 atomorum,
750 3234 887 3267 quarum
908 3235 972 3258 una
990 3228 1149 3259 commota
1164 3237 1292 3261 omnem
1304 3229 1369 3270 spi-

335 3285 431 3317 ritum
444 3308 453 3325 ,
472 3284 505 3317 id
523 3286 573 3318 est
587 3285 728 3317 animam
742 3309 752 3325 ,
770 3284 893 3317 moveri
909 3284 1015 3317 simul.
1059 3285 1151 3318 Unde
1168 3287 1368 3330 plerumque,

337 3343 444 3375 audita
470 3343 562 3384 nive,
585 3343 756 3377 candorem
777 3343 894 3384 simul,
921 3347 954 3376 et
979 3344 1080 3385 frigus
1104 3344 1249 3378 homines
1267 3355 1370 3378 recor-

338 3401 423 3442 dari,
443 3402 492 3435 vel
509 3411 580 3435 cum
602 3403 673 3442 quis
689 3403 754 3437 edit
769 3403 885 3437 acerba
901 3402 1070 3446 quaedam,
1088 3403 1144 3445 qui
1163 3403 1226 3437 boc
1243 3404 1370 3447 vident,

1429 280 1555 313 assidue
1581 290 1737 323 exspuere
1753 281 1951 314 incremento
1969 281 2098 323 salivoe,
2111 282 2144 315 et
2162 290 2238 315 cum
2260 280 2473 316 oscitantibus

1432 339 1528 372 simul
1547 339 1674 372 oscitari
1692 339 1791 381 alios,
1813 343 1845 372 et
1862 339 1894 372 in
1917 340 2069 373 consonis
2089 340 2249 382 rhythmis
2271 339 2394 375 moveri
2414 348 2474 375 noc

1426 396 1519 437 juxta
1537 405 1645 431 sonos.

1470 457 1611 490 ccxlv.
1636 458 1715 495 Quae
1731 465 1805 489 cum
1819 457 1861 489 ita
1878 456 1958 497 slnt,
1974 458 2144 498 quaerunt,
2161 458 2218 499 qut
2236 456 2340 498 magis
2354 457 2475 501 capite,

1429 524 1527 557 quam
1538 515 1686 558 pedibus,
1697 516 1859 558 sapiamus
1873 529 1882 550 z
1900 515 2029 558 quando
2043 516 2185 549 scientia‘
2197 539 2207 558 ,
2221 515 2474 560 disciplinaque,

1428 575 1559 609 assiduo
1591 585 1704 610 sensus
1730 577 1884 611 exercitio
1910 577 2159 610 corroborentur
2192 590 2201 611 ι
2234 576 2476 621 prudentiusque

1430 634 1558 668 initium
1580 644 1622 668 ex
1647 635 1756 678 aliquo
1779 638 2032 678 temperamento
2057 645 2168 668 orsum
2194 644 2322 678 usuque
2343 635 2475 671 assiduo

1429 695 1632 736 promotum,
1665 695 1830 736 perveniat
1860 694 1901 728 ad
1935 695 2184 737 perfectionem,
2207 694 2286 728 dum
2324 694 2476 739 frequens

1429 753 1613 787 observatio
1628 754 1812 787 rudimenta
1829 754 1927 788 creati
1943 767 1951 788 ι
1968 755 2148 788 rudimenta
2167 755 2244 788 item
2260 755 2385 796 artem,
2399 763 2475 798 quae

1432 815 1595 854 tempore,
1613 814 1710 855 atque
1734 822 1794 846 usu
1815 813 2004 846 confirmata
2025 813 2061 846 fit
2079 813 2257 855 disciplina.
2299 813 2401 848 Iidem
2418 821 2475 848 ue-

1429 873 1504 912 gant
1525 873 1642 904 animm
1672 872 1740 904 vim
1760 871 1970 914 principalem
1993 872 2170 905 consistere
2199 872 2232 905 in
2255 872 2381 915 capite3
2398 880 2474 914 pro·

1429 932 1536 972 pterea
1560 931 1647 973 quod
1679 931 1832 973 pleraque
1855 930 2022 971 animalia,
2044 931 2149 973 capite
2179 933 2268 965 secto
2298 924 2411 965 vi'vnnt
2433 930 2475 964 ad

1429 991 1578 1032 tempus,
1600 991 1634 1023 et
1659 993 1756 1032 agant
1780 990 1891 1033 solita,
1924 991 2082 1032 tanquam
2108 990 2199 1024 nullo
2226 990 2346 1024 damno
2379 989 2476 1024 allato

1428 1050 1571 1092 corporis
1588 1050 1814 1090 universitati,
1831 1051 1869 1083 ut
1888 1058 1966 1092 apes
1982 1053 2015 1083 et
2030 1049 2107 1083 item
2126 1050 2212 1092 fuci,
2229 1058 2305 1092 quo
2322 1049 2395 1084 licet
2417 1057 2475 1084 cn·

1429 1109 1547 1151 pitibus
1564 1108 1714 1146 abscissis
1732 1109 1773 1141 ad
1791 1110 1991 1142 momentum
2014 1109 2129 1142 vivunt
2151 1109 2184 1142 et
2209 1108 2320 1142 volant
2337 1107 2474 1142 aculeis»

1428 1178 1490 1210 que
1521 1168 1700 1201 secundum
1720 1169 1867 1201 naturam
1898 1177 1988 1201 suam
2007 1177 2042 1202 se
2067 1167 2256 1202 defendunt.
2300 1165 2385 1207 Qum
2407 1176 2473 1202 non

1429 1227 1587 1269 facerent,
1604 1227 1630 1260 si
1648 1228 1680 1260 in
1697 1227 1801 1269 capite
1820 1227 2028 1269 consisteret,
2045 1226 2132 1270 quod
2147 1228 2197 1261 est
2212 1227 2246 1260 in
2261 1227 2368 1260 anima
2386 1226 2473 1270 prin·

1429 1287 1543 1328 cipale.
1587 1286 1668 1320 illud
1696 1287 1793 1320 etiam
1826 1286 1859 1319 in
1877 1286 1974 1320 corde
1999 1288 2139 1329 negant;
2158 1285 2338 1320 crocodilos
2365 1285 2473 1328 enini,

1429 1346 1551 1379 avulsis
1567 1346 1720 1379 cordibus
1737 1346 1934 1388 aliquamdiu
1947 1346 2055 1380 vivere
2065 1371 2075 1387 ‚
2089 1349 2123 1380 et
2139 1346 2287 1380 resistere
2301 1345 2474 1380 adversum

1430 1405 1627 1438 violentiam.
1673 1406 1742 1438 Hoc
1757 1405 1842 1438 idem
1860 1405 1892 1438 in
1911 1405 2130 1439 testudinibus
2151 1405 2359 1440 observatum
2377 1403 2474 1438 mari-

1430 1465 1478 1497 nis
1499 1466 1532 1498 et
1548 1464 1754 1497 terrestribus
1777 1465 1894 1506 capris.

1473 1525 1597 1557 CCXV.
1622 1524 1799 1557 Adversum
1816 1533 1889 1566 quoe
1908 1524 2117 1566 respondetur
2137 1523 2179 1558 ab
2199 1523 2292 1567 aliis;
2307 1523 2387 1558 unul
2402 1532 2476 1559 eene

1431 1583 1568 1623 mirum,
1599 1583 1627 1615 si
1654 1591 1729 1615 cum
1758 1583 1846 1616 initia
1881 1585 1913 1617 et
1942 1583 2036 1625 quasi
2075 1582 2224 1625 quaedam
2263 1583 2475 1618 fundamenta

1430 1642 1587 1682 dogmatis
1615 1641 1774 1674 imbecilla
1807 1643 1840 1675 et
1867 1642 1973 1674 minus
2006 1630 2123 1675 icones
2144 1642 2228 1683 iacta
2258 1642 2344 1684 sint,
2366 1643 2473 1676 totum

1429 1710 1541 1734 eorum
1571 1700 1686 1741 dogma
1717 1702 1820 1734 nutet.
1865 1703 1945 1740 Quae
1975 1702 2024 1734 est
2051 1701 2136 1733 enim
2168 1701 2209 1734 de
2235 1701 2342 1734 anima
2365 1700 2475 1743 opinio

1430 1760 1562 1793 eorum?
1578 1761 1700 1800 Nempe
1715 1759 1800 1800 quod
1814 1767 1852 1792 ex
1868 1758 1999 1805 minutis
2016 1757 2215 1801 corpusculis
2230 1759 2358 1792 constet
2374 1766 2474 1800 :ergo

1430 1827 1546 1860 corpus
1572 1818 1699 1850 initium
1726 1819 1775 1851 est
1791 1806 1943 1859 animae,
1961 1819 1992 1851 et
2018 1818 2077 1851 erit
2100 1817 2217 1851 animae
2242 1817 2370 1860 propria
2387 1816 2475 1851 nulla

1431 1874 1629 1916 substantia,
1659 1873 1716 1907 sed
1744 1875 1852 1916 potius
1878 1874 2031 1915 corporis.
2077 1875 2202 1916 Corpus
2225 1873 2312 1907 euim
2332 1873 2472 1907 animam

1430 1935 1518 1967 creat
1540 1935 1631 1975 Juxta
1647 1933 1755 1975 ipsos,
1778 1933 1940 1975 vitamque
1969 1933 2096 1966 animoe.
2141 1931 2308 1974 contingit
2328 1941 2406 1975 ergo
2425 1940 2472 1966 se-

1430 1993 1572 2025 cundum
1591 1993 1672 2025 lianc
1689 2001 1800 2025 eorum
1819 1992 2024 2034 opinionem,
2043 1993 2079 2025 ut
2097 1999 2266 2033 nunquam
2291 1990 2335 2025 sit
2358 1990 2473 2026 eadem

1430 2052 1537 2084 anima
1569 2064 1578 2085 ι
1606 2051 1662 2084 sed
1695 2051 1824 2083 diversa
1850 2050 2018 2091 habeatur,
2048 2054 2146 2092 atque
2171 2049 2347 2084 mutabitis.
2389 2050 2473 2084 cnm

1430 2107 1514 2139 enim
1539 2107 1667 2147 dicant,
1687 2115 1806 2148 corpus
1824 2115 1896 2139 esse
1925 2105 2090 2148 antiquius
2105 2105 2212 2138 anima
2224 2129 2236 2147 ‚
2251 2105 2330 2139 dant
2346 2105 2474 2148 corpori

1431 2166 1650 2208 principatum.
1695 2165 1734 2198 Id
1763 2174 1861 2207 porro
1880 2174 2007 2207 semper
2038 2165 2130 2206 tluit,
2152 2166 2250 2207 atque
2268 2165 2472 2200 immutatur.

1431 2227 1469 2257 Et
1488 2225 1595 2257 anima
1610 2225 1719 2266 igitur,
1734 2233 1808 2266 quae
1823 2224 1975 2257 secundae
1993 2223 2189 2257 conditionis
2205 2225 2267 2266 est,
2283 2223 2397 2258 eadem
2414 2231 2472 2266 pa·

1431 2284 1509 2316 titur
1536 2292 1610 2326 quae
1629 2292 1759 2325 corpus.
1806 2283 1986 2317 Mutabitur
2009 2291 2088 2324 ergo
2114 2283 2283 2325 tempore,
2305 2284 2339 2317 et
2363 2275 2472 2325 senio,
2526 2318 2530 2326 ,

1430 2343 1554 2376 caeteris
1586 2342 1683 2384 item,
1714 2351 1788 2383 quae
1821 2342 1883 2375 fert
1911 2343 2026 2375 natura
2055 2342 2220 2384 corporis,
2252 2341 2471 2376 attentabitur.

1430 2403 1535 2443 Atque
1549 2401 1593 2434 ita
1613 2401 1695 2434 male
1716 2400 1849 2433 fundata
1867 2401 2023 2434 sententia
2045 2400 2214 2433 honestum
2238 2399 2383 2434 invenire
2405 2409 2472 2454 non
2523 2429 2546 2442 ,c

1431 2462 1534 2503 potest
1547 2461 1683 2494 exitum.

1472 2521 1611 2554 ccxvl.
1634 2521 1674 2554 At
1687 2529 1764 2553 vero
1788 2529 1827 2553 ex
1850 2519 1911 2552 illis
1931 2519 1987 2561 qui
2002 2519 2111 2561 jugem
2128 2520 2242 2562 putant
2258 2528 2330 2554 esse
2343 2519 2471 2563 silum,
2518 2530 2522 2534 ·

1429 2580 1462 2612 et
1498 2579 1694 2612 adunatione
1724 2579 1863 2621 quadam
1897 2578 1958 2611 sibi
1994 2579 2234 2620 continuatam,
2261 2570 2474 2622 Empffloetes

1429 2638 1559 2681 quidem
1591 2638 1797 2681 principalem
1825 2638 1941 2670 auimae
1959 2637 2025 2670 vim
2044 2637 2207 2672 constituit
2226 2637 2260 2670 in
2285 2637 2401 2681 corde,
2425 2637 2474 2687 sic

1429 2698 1566 2732 dicens:

1500 2773 1662 2810 Sanqnme
1674 2771 1774 2802 cordis
1784 2771 1866 2800 enim
1885 2772 1989 2800 noster
1998 2770 2081 2808 viqet
2094 2770 2276 2802 intellectus.

1428 2844 1592 2887 siquidem
1611 2843 1732 2877 intimis
1748 2841 1867 2876 nostris
1885 2841 2030 2875 sensibus
2048 2813 2283 2883 sentimugea,
2298 2849 2374 2884 qun
2393 2843 2471 2875 snut

1429 2907 1519 2938 extra
1546 2913 1616 2946 nos,
1637 2904 1768 2945 propter
1784 2901 2018 2943 cognationem.
2062 2900 2202 2942 Ideoque
2216 2900 2286 2934 ait:

1503 2989 1628 3018 Tem-am
1642 2988 1762 3017 terreno
1778 2985 1947 3020 sentimus,·
1960 2987 1995 3014 at
2010 2986 2124 3014 oetnera
2133 2984 2295 3022 flammis,

1501 3035 1667 3064 Humorem
1683 3033 1825 3062 humecto
1836 3053 1846 3068 ,
1863 3034 1967 3061 nostro
1980 3030 2131 3069 spirabile
2141 3031 2239 3068 flatu.

1430 3111 1491 3144 Sed
1513 3111 1553 3144 de
1571 3111 1623 3143 his
1642 3109 1792 3143 omnibus
1818 3107 1924 3150 qualia
1943 3107 2018 3149 sint,
2037 3109 2234 3149 quantamve
2252 3106 2334 3143 inter
2355 3113 2391 3140 se
2415 3105 2471 3140 tia·

1430 3170 1526 3203 beant
1541 3169 1752 3202 differentiam
1762 3192 1772 3209 ‚
1795 3167 1900 3200 cordis
1913 3166 2067 3208 sanguine
2079 3165 2307 3208 dijudicamus.

1473 3230 1629 3262 ccxvll.
1651 3226 1779 3261 Hebraei
1796 3235 1926 3268 quoque
1943 3225 2092 3259 videntur
2106 3224 2282 3258 secundum
2300 3223 2386 3257 hunc
2402 3222 2471 3266 opi·

1431 3287 1497 3320 nari
1520 3287 1560 3320 de
1577 3288 1684 3320 anima
1699 3285 1872 3328 principali,
1891 3294 1966 3317 cum
1981 3284 2092 3317 dicunt
2111 3297 2119 3316 ι
2147 3283 2284 3316 Clamat
2301 3282 2399 3324 apud
2416 3290 2471 3315 me

1430 3348 1575 3388 sanquis
1597 3346 1731 3386 fratris
1759 3347 1823 3378 tui.
1865 3345 1906 3377 Et
1935 3344 2014 3377 item
2040 3343 2103 3376 alio
2132 3343 2204 3376 loco
2225 3343 2330 3375 :Non
2360 3341 2470 3374 edetis

1430 3413 1569 3439 carnem
1583 3414 1662 3439 cum
1689 3406 1875 3446 sanquine,
1892 3404 1976 3445 quia
1991 3402 2144 3435 omnium
2161 3400 2372 3434 animalium
2385 3406 2468 3432 san·
