2638 3840
360 281 380 306 x
393 278 456 305 ttv
1222 254 1290 294 DE
1318 253 1629 292 PYTHAGORA

357 352 458 388 ferro
488 348 661 386 districto
694 344 916 383 incubuisse
937 341 1088 391 sibique
1116 346 1276 375 mortem
1299 349 1390 374 con-

358 409 537 454 scivisse,
560 419 677 457 quum
712 405 807 443 forte
838 403 941 440 bello
974 400 1197 438 imminente
1221 405 1389 435 armatus

358 468 583 505 concionem
602 466 801 508 intrasset,
824 462 927 513 quod
950 471 1063 511 poena
1085 457 1223 508 capitis
1243 469 1390 507 propo-

357 527 431 565 sita
468 526 590 563 facere
638 537 708 575 per
747 523 848 570 leges
894 532 971 557 non
1023 515 1176 554 licebat.
1214 515 1391 565 Denique

357 584 531 635 quamvis
552 583 745 620 Diodorus
764 579 908 628 aliique
935 574 1177 612 Charondam
1198 573 1389 611 Thurinis

356 643 459 692 leges
480 642 630 680 dedisse
648 639 815 684 tradant,
840 644 967 673 tamen
989 633 1194 670 Athenaeus
1217 630 1296 684 (67)
1317 630 1393 668 Za-

356 702 506 739 leucum
544 699 805 739 Thurinorum
841 691 1118 742 rempublicam
1157 699 1390 742 temperasse

355 761 532 798 affirmat.
553 756 663 806 Quod
695 763 818 792 autem
857 751 1045 800 Scymnus
1077 748 1196 787 Chius
1216 749 1294 799 (68)
1315 748 1390 799 Sy-

1415 350 1419 430 I

354 818 501 856 baritas
532 814 714 863 neglectis
746 809 898 848 Zaleuci
932 807 1084 857 legibus
1113 807 1276 858 periisse
1303 807 1355 844 ait
1379 821 1387 844 ε
1415 802 1419 861 Ι

357 878 397 915 id
418 874 605 914 credibile
631 870 827 909 videbitur
847 867 1064 918 reputanti,
1084 865 1283 917 Sybaritas
1305 864 1386 917 (69)

355 944 487 987 postea
502 931 697 970 Thurinos
714 940 795 966 esse
816 926 1044 977 appellatos.
1064 925 1161 962 Sunt
1177 925 1290 963 etiam
1308 923 1387 976 (70)

354 995 419 1044 qui
451 992 666 1036 Thurinos,
690 999 808 1037 quum
840 983 1085 1036 postmodum
1117 983 1286 1032 singulas
1317 982 1388 1020 Za-

356 1053 453 1089 leuci
482 1051 583 1098 leges
612 1047 757 1097 majore
781 1057 874 1082 cura
893 1056 1006 1094 quam
1039 1042 1248 1080 Locrenses
1277 1042 1390 1092 quasi

354 1109 511 1147 elimare
546 1120 589 1144 ac
634 1105 760 1142 denuo
801 1102 967 1140 condere
1017 1108 1263 1147 conarentur,
1301 1100 1390 1151 plus

354 1167 506 1217 quidem
527 1164 661 1214 gloriae
677 1169 902 1200 consecutos
913 1173 1013 1208 esse,
1025 1159 1091 1198 sed
1103 1158 1386 1209 rempublicam

354 1224 584 1263 deteriorem
616 1220 797 1271 habuisse
829 1217 1008 1256 referant.
1042 1216 1174 1266 Neque
1205 1216 1308 1253 enim
1344 1217 1386 1253 in

353 1282 504 1332 legibus
518 1290 555 1319 et
576 1280 707 1318 multis
727 1287 764 1316 et
784 1276 982 1315 subtiliter
1001 1275 1170 1313 inventis
1184 1304 1194 1322 ,
1216 1275 1281 1312 sed
1300 1276 1390 1313 sim-

352 1342 506 1393 pliciter
521 1339 675 1391 scriptis
693 1337 890 1375 civitatum
912 1336 1071 1373 salutem
1092 1333 1164 1371 niti
1190 1332 1388 1385 plerisque

353 1411 576 1451 persuasum
601 1405 670 1436 est.

407 1457 527 1495 Venio
547 1469 650 1494 nunc
666 1455 715 1492 ad
731 1454 1001 1503 Hippodamum
1022 1451 1239 1489 Thurinum
1253 1479 1263 1496 ‚
1278 1463 1392 1500 quem

355 1516 578 1554 Aristoteles
611 1513 813 1552 Politicor.
848 1511 919 1549 lib.
953 1510 990 1547 ΙΙ
1029 1523 1112 1560 cap.
1136 1509 1158 1545 8
1196 1508 1390 1548 Milesium

354 1583 477 1612 vocat.
495 1574 620 1620 Quum
632 1573 734 1611 enim
750 1571 922 1608 Milesius
935 1578 1047 1616 esset,
1060 1577 1148 1621 post
1163 1568 1388 1606 diuturnam

356 1632 458 1683 apud
493 1630 744 1670 Athenienses
773 1628 1134 1677 commorationem,
1168 1627 1215 1664 de
1252 1626 1395 1676 quibus

356 1690 595 1729 exaedificato
615 1690 677 1727 vel
707 1697 750 1726 ut
775 1688 839 1726 alii
862 1688 999 1725 volunt
1030 1687 1072 1724 in
1101 1695 1229 1737 partes
1263 1685 1391 1724 diviso

355 1750 503 1788 Piraeeo
525 1749 624 1787 bene
645 1749 802 1794 meruit,
824 1746 994 1783 Thurios
1015 1743 1264 1794 demigravit,
1291 1745 1393 1782 ideo-

357 1821 432 1859 que
456 1807 505 1846 ab
530 1807 617 1846 aliis
635 1805 829 1852 Milesius,
863 1804 910 1841 ab
939 1804 1025 1841 aliis
1046 1803 1245 1842 Thurinus
1271 1802 1396 1841 dictus

334 1875 426 1905 -est.
448 1867 567 1918 Cujus
597 1866 654 1904 rei
683 1865 796 1916 plura
815 1864 916 1916 apud
944 1872 1091 1901 veteres
1116 1871 1265 1900 exstant
1286 1864 1396 1907 testi-

357 1926 487 1963 monia
502 1925 596 1976 (71).
616 1923 825 1962 Distribuit
841 1931 965 1961 autem
985 1923 1172 1961 Piraeeum
1187 1951 1197 1969 ,
1216 1921 1319 1972 quod
1340 1930 1396 1959 est

356 2042 397 2076 ὡς
413 2040 613 2080 νομοθετήσοι
634 2040 687 2079 μἐν
702 2040 719 2071 ὁ
736 2039 827 2080 ἀνήρ,
847 2039 961 2079 μηδένα
978 2041 1076 2079 φορεῖν
1091 2037 1171 2069 ὅπλα
1184 2038 1215 2068 ἐν
1230 2038 1397 2077 βουὶευτη-

357 2087 411 2130 ρίῳ
424 2098 432 2106 ·
451 2087 515 2118 ἐπεὶ
543 2087 576 2118 δέ
594 2097 669 2118 πστε
688 2086 824 2125 πολέμου
846 2086 1037 2124 ἐπικειμένου
1060 2085 1184 2121 ἔνοπλος
1207 2085 1250 2116 ὢν
1276 2085 1396 2122 εἰσῆλθε

356 2135 424 2168 κατ’
442 2135 577 2175 ἀνάγκην
598 2134 695 2170 οὕτως
717 2133 798 2174 ἔχων
822 2133 863 2168 εἰς
887 2133 941 2170 τήν
956 2132 1081 2172 βουλήν,
1095 2132 1267 2172 ὑπέκρουσε
1284 2132 1336 2172 μέν
1352 2142 1396 2167 τις

357 2186 399 2220 ὡς
415 2183 473 2221 ἤδη
491 2183 542 2213 τὸν
558 2181 651 2222 νόμον
673 2182 690 2212 ὁ
714 2181 865 2215 Ζάλευκος
893 2180 1028 2211 λέλυκεν.
1046 2179 1085 2210 Ὁ
1100 2178 1132 2209 δὲ
1148 2179 1183 2209 οὐ
1199 2178 1301 2209 λύσειν
1321 2179 1394 2218 ἔφη,

357 2231 435 2263 ἀλλὰ
447 2229 608 2271 κυρώσειν.
625 2228 685 2260 Καὶ
702 2227 768 2268 ἅμα
780 2230 825 2267 τῷ
845 2227 918 2267 ξίφει
932 2227 1001 2262 δοὺς
1014 2226 1121 2257 ἑαυτὸν
1135 2224 1282 2266 ἀπέῤῥηξε
1294 2225 1329 2257 τὸ
1345 2228 1396 2263 ζῆν

357 2278 432 2319 ὅπερ
454 2277 491 2316 ἦν
515 2276 606 2314 ποινὴ
631 2278 676 2315 τῷ
706 2273 877 2315 παραὸάντι
904 2273 954 2304 τὸν
973 2273 1077 2313 νόμον.
1092 2272 1210 2313 -(67)
1226 2272 1398 2304 Athenaeus

357 2324 412 2355 lib.
427 2325 472 2355 XI
495 2331 565 2363 pag.
591 2324 650 2353 508
666 2324 692 2353 A
709 2333 716 2352 :
738 2322 767 2351 οἱ
792 2321 825 2352 δὲ
845 2320 1033 2356 συντεθέντες
1049 2318 1101 2350 ὑπ’
1117 2321 1210 2350 αὐτοῦ
1227 2319 1326 2359 Νόμοι
1344 2320 1396 2351 καὶ

356 2371 472 2402 τούτων
497 2371 540 2401 ἔτι
561 2368 705 2409 πρότερον
729 2369 749 2405 ἡ
776 2366 919 2400 Πολιτεία.
942 2367 970 2398 τί
993 2367 1216 2406 πεποιήκασιν;
1242 2366 1342 2398 καίτοι
1367 2367 1396 2408 γ’

357 2417 435 2455 ἔδει,
456 2416 593 2455 καθάπερ
617 2414 668 2445 τὸν
690 2415 869 2454 Λυκοῦργον
894 2413 964 2449 τοὺς
985 2413 1247 2453 Λακεδαιμονίους
1270 2414 1322 2444 καὶ
1345 2413 1397 2444 τὸν

358 2463 484 2495 Σόλωνα
499 2462 569 2498 τοὺς
582 2460 757 2499 Ἀθηναίους
770 2461 822 2492 καὶ
844 2461 897 2492 τὸν
908 2461 1068 2492 Ζάλευκον
1092 2460 1161 2496 τοὺς
1182 2459 1329 2500 Θουρίους
1344 2461 1397 2491 καὶ

358 2509 463 2546 αὐτόν,
483 2509 565 2550 εἴπερ
577 2508 657 2547 ἦσαν
670 2509 831 2549 χρήσιμοι,
842 2507 949 2539 πεῖσαί
958 2518 1040 2544 τινας
1055 2509 1115 2538 τῶν
1131 2507 1282 2544 Ἑλλήνων
1296 2507 1398 2543 αὐτοῖς

357 2556 544 2596 χρήσασθαι.
572 2554 661 2584 cons.
690 2553 798 2584 adnot.
823 2558 875 2592 26,
897 2554 973 2584 item
998 2557 1048 2585 20.
1077 2571 1118 2579 -—
1145 2553 1212 2594 (68)
1239 2555 1399 2594 scymnus

360 2601 460 2633 Chius
477 2609 525 2631 vs.
538 2602 597 2632 346
614 2608 701 2640 seqq.
717 2612 724 2631 ι
740 2600 858 2639 λέγεται
870 2600 929 2641 γὰρ
942 2600 1050 2636 αὐτοὺς
1068 2601 1144 2641 μήτε
1157 2603 1220 2636 τοῖς
1235 2601 1339 2642 νόμοις
1355 2602 1398 2632 ἔτι

358 2650 421 2682 τοῖς
434 2648 488 2676 τοῦ
501 2646 657 2676 Ζαλεύκου
665 2644 838 2675 τάκόλουθα
849 2645 1016 2683 συντελεῖν,
1027 2647 1138 2686 τρυφὴν
1152 2645 1184 2676 δὲ
1196 2646 1248 2676 καὶ
1266 2645 1399 2687 ῥᾴθυμον

359 2692 518 2733 ἑλομένους
534 2691 599 2731 βίον
612 2689 714 2731 χρόνῳ
731 2691 884 2731 προελθεῖν
898 2691 942 2726 εἷς
955 2690 1040 2731 ὕὸριν
1053 2702 1086 2722 τε
1103 2692 1155 2722 καὶ
1169 2691 1260 2731 κόρον
1278 2693 1344 2723 κτλ.
1357 2709 1398 2714 -

362 2739 425 2778 (69)
448 2737 628 2776 Stephanus
648 2736 819 2775 Byzantius
836 2749 844 2767 ε
863 2737 1008 2777 Θούριοι,
1027 2737 1113 2773 πόλις
1130 2737 1307 2777 Ἰταλίας,ἡ
1320 2738 1397 2779 πρό-

359 2795 444 2825 τερον
461 2784 609 2823 Σύὸαρις,
624 2783 686 2814 ἀπὸ
703 2783 832 2822 Θουρίας
848 2787 965 2822 πηγῆς·
982 2783 1108 2824 ὕστερον
1130 2785 1162 2815 δὲ
1184 2786 1307 2816 Κωπιαί
1318 2794 1326 2802 ·
1346 2786 1397 2816 λέ-

360 2842 445 2872 γεται
458 2832 509 2861 καὶ
521 2830 637 2870 Θουρία
652 2830 704 2860 καὶ
722 2829 864 2870 Θούριον.
878 2830 922 2861 Τὸ
937 2830 1052 2860 ἐθνικὸν
1068 2831 1239 2872 ὁμωνύμως
1255 2832 1398 2874 Θούριοι,

359 2879 412 2909 καὶ
437 2875 621 2916 Θουριακοί,
635 2875 688 2906 καὶ
712 2877 856 2915 Θουρῖνος
869 2875 948 2911 οἶνος
962 2898 970 2913 ,
1001 2877 1041 2911 ὡς
1070 2876 1224 2916 Στράὸων.
1242 2877 1399 2909 Diodorus

361 2924 485 2955 Siculus
502 2923 556 2954 lib.
571 2923 635 2954 XII
658 2931 727 2962 cap.
747 2924 784 2953 10
802 2934 810 2954 ι
832 2923 967 2962 εὑρόντες
985 2923 1017 2953 δὲ
1034 2923 1092 2953 οὐκ
1109 2923 1221 2955 ἄποθεν
1234 2928 1286 2962 τῆς
1304 2925 1400 2956 Eue&-

360 2981 436 3010 ρεως
456 2969 568 3010 κρήνην
594 2968 819 3009 ὀνομαζομένην
836 2968 981 3008 Θουρίαν,
1009 2969 1143 3008 ἐχουσαν
1160 2970 1250 3000 αὐλὸν
1267 2970 1399 3010 χάλκεον

360 3017 396 3054 ὃν
413 3016 540 3047 ἐκάλουν
559 3017 588 3046 οἱ
603 3016 746 3055 ἐγχώριοι
766 3015 920 3055 μέδιμνον,
933 3014 1110 3055 νομίσαντες
1129 3016 1207 3047 εἶναι
1224 3020 1331 3048 τοῦτον
1347 3019 1400 3049 τὸν

361 3063 455 3094 τόπον
472 3062 525 3093 τὸν
551 3062 735 3101 δηλούμενον
756 3061 817 3092 ὑπὸ
837 3064 892 3092 τοῦ
919 3062 987 3092 θεοῦ
1009 3062 1186 3102 περιέὸαλον
1208 3066 1327 3104 τεῖχος,
1346 3063 1399 3095 καὶ

360 3110 518 3145 κτίσαντες
534 3109 622 3140 πόλιν
642 3109 808 3148 ὠνόμασαν
831 3108 892 3140 ἀπὸ
915 3113 967 3146 τῆς
991 3110 1101 3149 κρήνης
1122 3109 1262 3149 Θούριον.
1279 3128 1319 3133 —-
1333 3114 1398 3150 (70)

363 3156 480 3190 Strabo
501 3155 553 3187 lib·
567 3157 614 3187 vl
628 3164 659 3194 p.
679 3159 738 3187 260
751 3164 759 3186 ε
776 3155 921 3196 Θουρίους
935 3155 960 3186 δ’
970 3156 1095 3196 ὕστερον
1106 3156 1249 3196 ἁκριῧοῦν
1263 3157 1399 3194 θέλοντας

362 3205 441 3245 πέρα
461 3206 523 3235 τῶν
547 3204 677 3243 Λοκρῶν
705 3203 907 3242 ἐνδοξοτέρους
933 3203 987 3244 μὲν
1013 3203 1172 3242 γενέσθαι,
1187 3204 1324 3244 χείρονας
1346 3205 1398 3236 δέ·

364 3250 554 3289 εὐνομεῖσθαι
571 3249 630 3290 γὰρ
643 3249 678 3280 οὐ
697 3249 766 3284 τοὺς
781 3248 812 3279 έν
830 3252 891 3284 τοῖς
901 3250 1011 3290 »νόμοις
1025 3250 1147 3280 ἅπαντα
1163 3251 1400 3290 φυλαττομένους

363 3298 403 3328 τὰ
427 3301 488 3328 τῶν
510 3297 721 3336 συκοφαντῶν,
740 3295 816 3326 ἀλλὰ
839 3295 908 3331 τοὺς
928 3296 1109 3335 ἐμμένοντας
1127 3300 1191 3332 τοῖς
1210 3298 1313 3333 ἁπλῶς
1336 3309 1398 3329 κει-

367 3345 480 3383 μένοις.
495 3360 534 3366 -
551 3342 617 3381 (71)
636 3341 826 3374 scholiastes
847 3342 1062 3382 Aristophanis
1080 3342 1119 3373 ad
1138 3343 1241 3383 Equit.
1261 3351 1307 3374 vs.
1327 3347 1399 3384 327,

366 3390 383 3420 ό
404 3390 430 3419 δ’
446 3389 634 3428 Ἱπποδάμου
659 3388 788 3420 λείὸεται
812 3388 962 3428 θεώμενος
986 3389 1053 3420 haec
1080 3392 1212 3421 annotat
1233 3402 1240 3422 ι
1267 3390 1354 3427 οὗτος
1371 3392 1400 3422 ἐν

368 3438 505 3476 Πειραιεῖ
529 3437 663 3477 κατῴκει
692 3436 745 3467 καὶ
765 3435 865 3466 οἰκίαν
892 3435 985 3476 εἶχεν,
1002 3436 1096 3476 ἥνπερ
1125 3436 1218 3474 ἀνῆκε
1246 3437 1397 3477 δημοσίαν

1448 337 1743 375 architectorum
1779 334 2005 386 proprium,
2031 334 2073 372 in
2115 334 2243 375 varias
2283 334 2482 384 regiones,

1448 396 1489 434 in
1521 396 1712 447 porticus,
1734 394 1834 438 fora,
1866 392 2032 443 templa,
2060 392 2190 444 vicos,
2211 393 2374 432 navalia.
2401 393 2487 439 Quo

1451 455 1588 492 factum
1613 462 1691 504 est,
1715 461 1757 490 ut
1787 453 1909 490 forum
1933 452 1974 490 in
2006 452 2154 490 Piraeeo
2185 452 2301 490 situm
2331 452 2485 505 Hippo-

1449 513 1568 551 damii
1598 513 1754 551 nomine
1788 511 2015 549 afficeretur.
2047 511 2225 549 Meminit
2259 510 2376 562 hujus
2410 512 2487 551 fori

1451 573 1724 611 Demosthenes
1745 573 1825 622 (72)
1847 571 1908 609 vel
1929 572 2151 622 quicunque
2179 571 2391 610 orationem
2419 572 2487 610 ad-

1448 644 1584 670 versus
1604 630 1848 668 Timotheum
1873 629 2030 681 scripsit
2059 642 2145 681 pag.
2179 643 2294 679 1190,
2329 643 2394 677 27.
2426 630 2486 669 Cf.

1449 690 1662 728 Andocides
1689 688 1738 728 de
1764 689 1924 740 Myster.
1946 701 1986 739 p.
2012 689 2063 737 98
2082 687 2144 726 ed.
2167 688 2338 736 Bekker„
2359 687 2488 727 Xeno-

1449 748 1553 800 phon
1590 749 1687 787 lvlist.
1723 761 1781 797 gr.
1814 762 1853 798 2,
1878 752 1918 797 4⁹.
1947 746 2020 785 Sed
2052 747 2226 785 omnium
2265 748 2412 798 optime
2440 748 2489 786 de

1450 808 1694 859 Hippodamo
1722 806 1905 846 disseruit
1934 806 2158 845 Aristoteles
2177 804 2256 857 (73)
2284 805 2486 848 Politicor.

1448 918 1552 947 γαγεν.
1562 908 1622 940 Ἢν
1636 908 1667 940 δὲ
1678 906 1845 946 Ἀθηναίοις
1857 906 1956 947 τίμιος
1965 930 1973 946 ,
1984 906 2036 938 καὶ
2050 907 2078 938 οἱ
2093 905 2147 947 μὲν
2159 905 2252 938 αὐτόν
2262 917 2336 947 φασι
2347 906 2488 949 θούριον,

1448 957 1477 987 οἱ
1488 956 1520 987 δὲ
1533 956 1696 993 Μιλήσιον.
1714 954 1891 994 Hesychius
1903 953 1936 985 in
1946 953 2139 993 Ἱπποδάμου
2149 954 2274 994 νέμησις
2291 953 2360 986 liaeo
2371 954 2467 988 refert
2480 967 2488 988 ι

1447 1003 1500 1033 τὸν
1512 1004 1642 1045 Πειραιᾶ
1661 1001 1847 1041 Ἱππόδαμος
1862 1000 2058 1041 Εὐρυφῶντος
2071 1003 2142 1035 παῖς
2153 1001 2171 1031 ὁ
2183 1001 2237 1031 καὶ
2251 1001 2490 1044 μετεωρολόγος,

1448 1049 1555 1080 διεῖλεν
1577 1048 1754 1086 Ἀθηναίοις.
1770 1047 1869 1082 Οὗτος
1886 1047 1918 1079 δὲ
1931 1046 1968 1086 ἦν
1984 1047 2037 1078 καὶ
2055 1047 2073 1078 ὁ
2089 1047 2276 1087 μετοικήσας
2287 1047 2330 1083 εἰς
2343 1048 2492 1089 θουρίους

1448 1093 1598 1135 Μιλήσιος
1628 1097 1738 1128 ὠν.-
1762 1097 1825 1137 (72)
1852 1094 2083 1128 Demosthenes
2102 1093 2176 1124 adv.
2199 1094 2340 1127 Timoth.
2360 1103 2391 1135 p.
2413 1098 2493 1128 1190

1450 1145 1494 1185 (p.
1510 1147 1571 1176 413
1585 1144 1633 1176 ed.
1648 1143 1808 1183 Beliker.):
1818 1142 2004 1184 ἀφικομένου
2014 1140 2073 1182 γὰρ
2085 1140 2226 1173 Ἀλκέτου
2239 1141 2291 1172 καὶ
2304 1140 2441 1179 Ἰάσονος
2451 1144 2496 1180 ὡς

1448 1195 1556 1223 τοῦτον
1577 1193 1608 1224 ἐν
1630 1195 1675 1232 τῷ
1699 1193 1959 1232 Μαιμακτηριῶνι
1977 1189 2048 1229 μηνὶ
2071 1191 2115 1229 τῷ
2134 1187 2182 1220 ἐπ’
2195 1187 2330 1221 Ἀστείου
2347 1189 2495 1231 ἄρχοντος

1449 1241 1498 1271 ἐπὶ
1522 1240 1572 1271 τὸν
1593 1240 1700 1280 ἀγῶνα
1715 1239 1768 1271 τὸν
1787 1237 1916 1277 τούτου,
1940 1234 2158 1277 βοηθησόντων
2180 1235 2265 1276 αὐτῷ
2284 1236 2338 1267 καὶ
2359 1247 2491 1278 καταγο-

1450 1287 1549 1327 μένων
1564 1287 1605 1323 εἰς
1625 1287 1680 1325 τήν
1699 1285 1800 1318 οἰκίαν
1830 1285 1885 1323 τὴν
1911 1285 1941 1316 ἐν
1965 1285 2104 1324 Πειραιεῖ
2122 1283 2177 1320 τὴν
2195 1283 2227 1314 ἐν
2247 1285 2286 1324 τῇ
2304 1282 2494 1328 Ἶπποδαμίᾳ

1449 1335 1579 1375 ἑσπέρας
1597 1334 1656 1373 ἤδη
1676 1333 1770 1371 οὔσης
1788 1333 1853 1364 κτλ.
1875 1330 2051 1364 Andocides
2065 1330 2104 1362 de
2122 1329 2279 1369 mysteriis
2295 1332 2346 1371 45,
2360 1339 2432 1372 pag.
2453 1335 2493 1365 98

1449 1381 1500 1413 ed.
1523 1380 1618 1413 Bekk.
1642 1390 1650 1412 :
1666 1379 1908 1415 ἀνακαλέσαντες
1927 1378 1959 1410 δὲ
1981 1377 2051 1413 τοὺς
2073 1377 2262 1418 στρατηγοὺς
2277 1377 2412 1411 ἀνειπεῖν
2428 1379 2493 1411 ἐκέ·

1449 1430 1562 1460 λευσαν
1585 1427 1751 1465 Ἀθηναίων
1775 1426 1845 1463 τοὺς
1871 1425 1926 1466 μὲν
1952 1425 1984 1456 ἐν
2008 1423 2094 1455 ἄστει
2115 1423 2274 1460 οἰκοῦντας
2287 1423 2365 1456 ἰέναι
2379 1425 2422 1462 εἰς
2439 1426 2495 1463 τὴν

1451 1476 1565 1517 ἀγορὰν
1582 1475 1622 1507 τὰ
1639 1475 1720 1506 ὅπλα
1735 1473 1884 1509 λαὸόντας
1896 1496 1906 1512 ,
1922 1471 1992 1506 τοὺς
2005 1470 2033 1503 δ’
2045 1471 2076 1502 ἐν
2091 1473 2200 1512 μακρῷ
2212 1470 2306 1512 τείχει
2324 1472 2365 1507 εἰς
2377 1472 2413 1504 τὸ
2429 1473 2495 1510 Θη-

1451 1526 1547 1562 σεῖον,
1563 1523 1633 1559 τοὺς
1649 1523 1676 1554 δ’
1690 1522 1720 1553 ἐν
1731 1522 1874 1562 Πειραιεῖ
1892 1521 1934 1555 εἰς
1956 1519 2010 1556 τὴν
2023 1516 2227 1557 Ἱπποδαμίαν
2248 1517 2374 1558 ἀγοράν.
2387 1519 2495 1552 Xeno-

1451 1570 1537 1611 phon
1557 1570 1639 1601 Hist.
1653 1577 1750 1608 graec.
1768 1567 1822 1599 lib.
1843 1568 1871 1599 11
1889 1574 1959 1606 cap.
1974 1566 2030 1604 IV,
2051 1566 2084 1596 11
2100 1572 2108 1593 =
2128 1565 2157 1595 οἱ
2171 1562 2198 1595 δ’
2210 1565 2244 1595 ἐκ
2257 1567 2312 1595 τοῦ
2329 1564 2437 1602 ἄστεος
2453 1566 2495 1602 εἰς

1450 1618 1505 1655 τὴν
1525 1615 1744 1657 Ἱπποδάμειον
1773 1614 1887 1655 ἀγορὰν
1914 1612 2049 1648 ἐλθόντες
2074 1614 2195 1652 πρῶτον
2227 1610 2282 1651 μὲν
2301 1611 2496 1649 ξυνετάξαντο

1452 1665 1519 1695 κτλ.
1534 1662 1647 1694 suidas
1665 1670 1674 1692 ε
1691 1659 1896 1701 ’[πποδαμεία
1913 1658 2030 1699 ἀγορά,
2051 1658 2083 1689 ἐν
2106 1659 2253 1700 Πειραιεῖ.
2269 1658 2362 1690 Οὕτω
2382 1659 2497 1691 καλου-

1453 1711 1528 1750 μένη
1544 1709 1606 1741 ἀπὸ
1625 1707 1816 1748 Ἱπποδάμου
1836 1706 1991 1744 Μιλησίου
2006 1705 2219 1747 ἀρχιτέκτονος
2230 1728 2239 1744 ,
2257 1709 2313 1737 τοῦ
2331 1706 2498 1746 οἰκοδομη-

1453 1758 1588 1797 σαμένου
1602 1755 1768 1794 Ἀθηναίοις
1779 1755 1832 1786 τὸν
1843 1755 1988 1795 Πειραιᾶ.
2004 1753 2258 1793 Harpocration:
2276 1752 2390 1794 ἀγοράν
2405 1765 2497 1794 φασιν

1453 1805 1532 1836 εἶναι
1553 1804 1584 1836 ἐν
1610 1805 1751 1844 Πειραιεῖ
1770 1802 1962 1841 καλουμένην
1983 1799 2205 1838 Ἱπποδάμειαν
2226 1798 2288 1832 ἀπὸ
2306 1789 2497 1842 Ἱπποδάμοῧ

1453 1851 1609 1888 Μιλησίου
1631 1850 1844 1892 ἀρχιτέκτονος
1863 1851 1919 1880 τοῦ
1938 1846 2227 1887 οἷκοδομησαμένου
2247 1843 2318 1883 τοῖς
2332 1848 2497 1887 Ἀθηναίοις

1452 1900 1505 1931 τὸν
1524 1901 1667 1938 Πειραιᾶ.
1688 1896 1800 1936 -(73)
1817 1893 2004 1927 Aristoteles
2034 1892 2192 1925 Politicor.
2220 1893 2276 1926 lib.
2298 1895 2329 1926 11
2354 1903 2426 1935 cap.
2450 1898 2496 1928 8:

1452 1946 1639 1985 Ἱππόδαμος
1655 1945 1686 1976 δὲ
1701 1945 1900 1985 Εὐρυφῶντος
1919 1941 2087 1979 Μιλήσιος,
2101 1939 2133 1975 ὃς
2155 1940 2207 1971 καὶ
2226 1940 2281 1979 τὴν
2296 1944 2358 1972 τῶν
2378 1942 2499 1975 πόλεων

1453 1992 1601 2033 διαίρεσιν
1616 1991 1683 2032 εὗρε
1697 1990 1748 2021 καὶ
1762 1989 1813 2020 τὸν
1826 1989 1959 2029 Πειραιᾶ
1979 1985 2158 2026 κατέτεμεν,
2176 1985 2336 2027 γενόμενος
2359 1988 2411 2019 καὶ
2430 1989 2498 2030 περὶ

1453 2040 1505 2070 τὸν
1524 2038 1615 2070 ἄλλον
1636 2037 1702 2078 βίον
1719 2035 1927 2077 περιττότερος
1938 2034 1987 2065 διὰ
1999 2032 2171 2073 φιλοτιμίαν
2185 2033 2282 2070 οὕτως
2299 2034 2382 2066 ὥστε
2397 2035 2499 2068 δοκεῖν

1454 2087 1544 2123 ἐνίοις
1564 2089 1616 2124 ζῆν
1640 2084 1866 2126 περιεργότερον
1886 2085 2000 2123 τριχῶν
2019 2092 2053 2113 τε
2073 2081 2180 2117 πλήθει
2203 2081 2254 2112 καὶ
2274 2081 2386 2123 κόσμῳ
2406 2084 2500 2115 πολυ-

1453 2135 1552 2175 τελεῖ,
1571 2134 1614 2165 ἐτι
1629 2133 1660 2164 δὲ
1677 2133 1801 2169 ἐσθῆτος
1814 2130 1952 2165 εὐτελοῦς
1969 2129 2022 2170 μὲν
2038 2128 2174 2166 ἀλεεινῆς
2186 2128 2224 2160 δὲ
2243 2127 2301 2159 οὐκ
2317 2129 2348 2160 ἐν
2366 2132 2411 2170 τῷ
2434 2126 2524 2171 χει-Ι

1455 2185 1533 2221 μῶνι
1554 2181 1646 2221 μόνον
1670 2179 1747 2211 ἀλλὰ
1767 2179 1821 2210 καὶ
1839 2177 1908 2219 περὶ
1926 2177 1998 2213 τοὺς
2025 2175 2156 2216 θερινοὺς
2180 2175 2327 2216 χρόνους,
2342 2176 2443 2217 λόγιος
2464 2178 2499 2211 δὲ

1454 2229 1506 2261 καὶ
1528 2228 1595 2268 περὶ
1614 2228 1669 2265 τὴν
1691 2226 1765 2263 ὃλην
1795 2224 1884 2265 φύσιν
1909 2224 1988 2255 εἶναι
2010 2222 2205 2263 βουλόμενος,
2228 2225 2349 2264 πρῶτος
2371 2227 2431 2255 τῶν
2454 2226 2496 2266 μὴ

1454 2275 1697 2314 πολιτευομένων
1724 2271 1898 2312 ἐνεχείρησέ
1919 2281 1946 2301 τι
1968 2271 2036 2310 περὶ
2057 2269 2210 2306 πολιτείας
2235 2270 2330 2301 εἰπεῖν
2353 2273 2408 2308 τῆς
2429 2270 2498 2312 ἀρί-

1455 2334 1541 2360 στης.
1555 2321 1768 2356 Κατεσκεύαζε
1788 2319 1820 2350 δὲ
1847 2319 1902 2355 τὴν
1928 2318 2016 2349 πόλιν
2039 2320 2084 2358 τῷ
2105 2317 2211 2353 πλήθει
2231 2318 2285 2357 μὲν
2306 2317 2499 2359 μυρίανδρον,

1455 2370 1497 2405 εἰς
1512 2368 1581 2409 τρία
1594 2369 1626 2400 δὲ
1645 2369 1721 2408 μέρη
1735 2366 1931 2407 διῃρημένην·
1945 2364 2040 2396 ἐποίει
2054 2364 2112 2404 γὰρ
2125 2364 2155 2395 ἓν
2178 2363 2232 2404 μὲν
2246 2364 2334 2405 μέρος
2345 2364 2497 2407 τεχνίτας,

1456 2417 1487 2447 ἐν
1500 2416 1532 2447 δὲ
1549 2414 1702 2455 γεωργούς
1713 2439 1722 2455 ,
1734 2413 1834 2455 τρίτον
1851 2412 1930 2443 δὲτὸ
1947 2412 2159 2452 προπολεμοῦν
2174 2411 2228 2442 καὶ
2251 2411 2292 2443 τὰ
2313 2410 2393 2442 ὅπλα
2411 2411 2498 2453 ἔχον.

1455 2463 1559 2504 Δι’ρει
1578 2463 1604 2494 δ’
1625 2463 1666 2498 εἷς
1687 2462 1755 2502 τρία
1781 2461 1856 2501 μέρη
1874 2459 1929 2497 τὴν
1948 2459 2066 2500 χώραν,
2079 2459 2135 2496 τὴν
2155 2458 2209 2500 μὲν
2223 2457 2318 2499 ἱεράν,
2331 2459 2387 2496 τὴν
2402 2458 2435 2490 δὲ
2449 2459 2500 2497 δη-

1457 2522 1479 2552 μ
1521 2510 1580 2550 ίαν,
1603 2510 1657 2547 τήν
1679 2508 1706 2540 δ’
1722 2508 1812 2540 ἰδίαν·
1830 2507 1897 2538 ὅθεν
1913 2506 1966 2546 μὲν
1987 2506 2026 2537 τὰ
2041 2505 2226 2546 νομιζόμενα
2244 2506 2412 2542 ποιήσουσι
2424 2506 2499 2547 πρὸς

1454 2555 1525 2591 τοὺς
1548 2555 1650 2594 θεούς,
1676 2556 1771 2595 ἱεράν,
1791 2551 1841 2594 ἀφ’
1861 2553 1904 2584 ὧν
1925 2551 1951 2583 δ’
1973 2555 2002 2586 οἱ
2021 2553 2283 2593 προπολεμοῦντες
2310 2552 2498 2593 βιώσονται,

1455 2602 1572 2641 κοινήν,
1592 2602 1646 2639 τήν
1667 2601 1699 2632 δὲ
1729 2603 1790 2631 τῶν
1811 2603 1958 2640 γεωργῶν
1975 2599 2068 2632 ἰδίαν.
2093 2599 2184 2641 ᾭετο
2213 2597 2240 2631 δ’
2261 2598 2326 2637 εἶδη
2356 2599 2410 2632 καὶ
2435 2602 2498 2631 τῶν

1455 2649 1558 2689 νόμων
1575 2649 1651 2680 εἶναι
1670 2647 1738 2690 τρία
1757 2646 1859 2688 μόνον·
1875 2647 1942 2687 περὶ
1960 2647 2003 2677 ὧν
2017 2646 2076 2687 γὰρ
2091 2648 2122 2678 αἱ
2142 2645 2226 2678 δίκαι
2246 2645 2418 2686 γίγνονται,
2431 2646 2500 2688 τρία

1455 2697 1543 2729 ταῦτ’
1559 2697 1636 2728 εἶναι
1654 2695 1706 2726 τὸν
1729 2694 1869 2736 ἀριθμόν,
1883 2694 1982 2735 ὕὸριν,
2001 2695 2131 2735 βλάὸην,
2149 2693 2290 2725 θάνατον.
2309 2693 2499 2732 Ἐνομοθέτει

1456 2745 1489 2775 δὲ
1507 2744 1559 2775 καὶ
1581 2742 1775 2782 δικαστήριον
1795 2740 1825 2771 ἓν
1845 2741 1880 2772 τὸ
1899 2741 2016 2781 κύριον,
2034 2740 2076 2774 εἰς
2097 2740 2113 2771 ὃ
2133 2739 2234 2775 πάσας
2253 2740 2418 2784 ἀνάγεσθαι
2437 2740 2499 2771 δεῖν

1455 2791 1510 2827 τὰς
1531 2791 1573 2832 μὴ
1597 2790 1697 2825 καλῶς
1724 2787 1884 2830 κεκρίσθαι
1913 2787 2064 2822 δοκούσας
2093 2786 2196 2822 δίκας·
2217 2790 2309 2818 τοῦτο
2340 2786 2373 2817 δὲ
2403 2797 2498 2818 κατε-

1457 2837 1602 2873 σκεύαζεν
1623 2835 1659 2867 ἔκ
1676 2845 1767 2867 τινων
1787 2833 1939 2874 γερόντων
1957 2834 2096 2872 αἱρετῶν.
2114 2833 2177 2867 Τὰς
2195 2832 2227 2863 δὲ
2246 2831 2360 2873 κρίσεις
2383 2832 2414 2864 ἐν
2434 2835 2499 2869 τοῖς

1457 2883 1662 2924 δικαστηρίοις
1684 2882 1720 2913 οὐ
1742 2881 1792 2912 διὰ
1822 2878 2013 2921 ψηφοφορίας
2043 2879 2122 2920 ᾤετο
2149 2879 2304 2919 γίγνεσθαι
2328 2879 2402 2917 δεῖν,
2422 2878 2499 2910 ἀλλὰ

1456 2932 1553 2972 φέρειν
1572 2931 1701 2962 ἕκαστον
1714 2927 1867 2965 πινάκιον,
1883 2927 1914 2958 ἐν
1934 2926 1960 2957 ὧ
1977 2925 2114 2966 γράφειν,
2129 2926 2156 2956 εἰ
2177 2925 2374 2962 καταδικάζοι
2394 2926 2499 2962 ἁπλῶς

1456 2978 1510 3016 τὴν·
1530 2977 1630 3016 δίκην,
1643 2977 1670 3007 εἰ
1690 2975 1717 3007 δ’
1739 2974 1868 3006 ἀπολύοι
1883 2973 1987 3008 ἁπλῶς
1998 2997 2007 3012 ,
2022 2972 2121 3004 κενόν·
2136 2973 2163 3003 εἰ
2176 2972 2209 3003 δὲ
2223 2972 2259 3004 τὸ
2275 2972 2330 3011 μὲν
2341 2973 2377 3004 τὸ
2390 2972 2422 3004 δὲ
2437 2973 2498 3013 μή,

1455 3027 1547 3055 τοῦτο
1577 3022 1727 3064 διορίζειν.
1746 3022 1809 3053 Νῦν
1834 3020 1893 3060 γὰρ
1921 3019 1978 3050 οὐκ
2005 3019 2084 3059 ᾤετο
2101 3019 2355 3056 νενομοθετῆσθαι
2373 3019 2476 3054 καλῶς
2490 3027 2498 3034 ·

1457 3069 1639 3110 ἀναγκάζειν
1655 3068 1713 3110 γὰρ
1726 3068 1876 3107 ἐπιορκεῖν
1889 3067 1908 3104 ἢ
1920 3068 2019 3096 ταῦτα
2031 3066 2050 3102 ἢ
2064 3068 2162 3096 ταῦτα
2179 3065 2367 3101 δικάζοντας.
2387 3065 2498 3097 Ἑτίθει

1457 3120 1490 3150 δὲ
1506 3118 1600 3158 νόμον
1618 3117 1685 3158 περὶ
1707 3118 1769 3146 τῶν
1788 3112 1992 3154 εὑρισκόντων
2014 3123 2042 3143 τι
2065 3115 2102 3152 τῇ
2123 3112 2210 3143 πόλει
2233 3113 2398 3154 συμφέρον,
2413 3112 2498 3148 ὅπως

1457 3166 1632 3206 τυγχάνωσι
1651 3166 1758 3204 τιμῆς,
1777 3162 1830 3193 καὶ
1850 3164 1913 3196 τοῖς
1934 3159 2024 3191 παισὶ
2045 3162 2106 3190 τῶν
2130 3159 2161 3189 ἐν
2179 3161 2224 3198 τῷ
2242 3159 2370 3200 πολέμῳ
2392 3159 2497 3190 τελευ-

1457 3213 1582 3243 τώντων
1604 3211 1640 3242 ἐκ
1658 3208 1809 3250 δημοσίου
1833 3207 1991 3247 γίγνεσθαι
2009 3206 2064 3243 τήν
2082 3205 2208 3247 τροφήν,
2232 3207 2273 3241 ὡς
2301 3205 2389 3237 οὔπω
2406 3208 2498 3236 τοῦτο

1459 3263 1532 3298 παρ’
1546 3259 1646 3292 ἄλλοις
1665 3254 1947 3295 νενομοθετημένον·
1966 3252 2032 3283 ἔστι
2050 3252 2082 3283 δὲ
2100 3252 2154 3282 καὶ
2173 3252 2203 3282 ἐν
2216 3252 2351 3288 Ἀθήναις
2373 3250 2461 3286 οὗτος
2480 3252 2498 3282 ό

1457 3299 1548 3339 νόμος
1561 3302 1613 3329 νῦν
1628 3298 1680 3329 καὶ
1697 3297 1728 3328 ἐν
1747 3296 1860 3336 ἑτέραις
1875 3297 1936 3325 τῶν
1954 3293 2085 3326 πόλεων.
2100 3293 2178 3328 Τοὺς
2200 3293 2227 3323 δ’
2243 3293 2392 3334 ἄρχοντας
2411 3293 2496 3323 αόε-

1457 3346 1527 3382 τοὺς
1549 3346 1609 3377 ὑπὸ
1632 3347 1687 3376 τοῦ
1709 3343 1809 3383 δήμου
1829 3342 1906 3373 εἶναι
1931 3339 2058 3375 πάντας·
2079 3340 2174 3378 δῆμον
2196 3339 2221 3369 δ’
2243 3339 2340 3371 ἐποίει
2367 3339 2406 3370 τὰ
2447 3339 2498 3380 ρία

1459 3393 1534 3433 μέρη
1552 3396 1604 3430 τῆς
1624 3391 1757 3426 πόλεως·
1771 3389 1840 3424 τοὺς
1861 3388 1888 3419 δ’
1903 3387 2072 3428 αἱρεθέντας
2093 3386 2299 3425 ἐπιμελεῖσθαι
2318 3389 2428 3417 κοινῶν
2445 3387 2496 3416 καὶ

1453 3433 1581 3474 ξενικῶν
1595 3439 1648 3470 καὶ
1667 3438 1848 3479 ὀρφανικῶν.
1863 3436 1910 3467 Τὰ
1935 3435 1988 3473 μὲν
2013 3433 2066 3466 οὗν
2085 3434 2216 3464 πλεῖστα
2234 3433 2287 3463 καὶ
2305 3432 2344 3464 τὰ
2365 3431 2498 3472 μάλιστα

367 3482 455 3512 εἶναι.
475 3484 532 3513 Καὶ
553 3486 671 3522 πρῶτος
688 3482 778 3518 αὐτὸς
794 3482 845 3513 τὸν
862 3483 993 3524 Πειραιᾶ
1008 3483 1087 3514 κατὰ
1107 3482 1145 3514 τὰ
1163 3484 1288 3521 Μηδικὰ
1307 3485 1401 3522 συνή-
1457 3485 1601 3524 ἀξιόλογα
1620 3488 1673 3522 τῆς
1694 3483 1885 3523 Ἱπποδάμου
1910 3482 2022 3518 τάξεως
2041 3479 2127 3511 ταῦτ’
2151 3479 2244 3511 ἐστίν.
