2638 3840
255 256 298 282 ῃ
1138 238 1205 276 DE
1243 238 1559 278 PYTHAGORA

252 333 335 370 sive
361 330 528 383 ἐχεμυθίᾳ
548 344 625 369 non
652 331 775 368 solum
796 343 880 367 cum
899 326 1094 366 sodalibus
1117 325 1164 363 de
1185 326 1290 364 omni

252 391 463 443 quaestione
483 390 698 441 disputasse
711 419 722 439 ,
738 389 803 427 sed
820 389 933 426 etiam
951 385 1125 434 magistri
1142 384 1292 422 decreta

251 449 448 498 evulgasse
470 462 479 488 :
501 462 586 487 cum
607 448 683 486 alia
703 449 911 498 quominus
931 446 1002 482 hoc
1030 444 1195 481 facerent
1220 442 1291 480 ob-

250 508 421 554 stabant,
457 517 535 546 tum
569 508 693 558 ipsius
722 506 914 543 societatis
937 503 1036 542 ratio
1071 511 1107 538 et
1141 510 1290 541 natura.

248 567 399 605 Etenim
427 566 500 618 (33)
519 566 751 616 simulatque
770 579 791 602 a
806 564 1024 614 Pythagora
1051 561 1092 598 in
1120 559 1311 610 discipu-‚

249 625 377 662 lorum
398 624 591 662 cohortem
613 623 755 673 recepti
776 630 906 667 erant,
929 618 1033 669 quod
1053 617 1217 668 quisque
1238 618 1290 654 fa-

249 684 369 722 miliae
399 684 650 735 pecuniaeque
682 680 865 729 habebat,
897 679 939 716 in
974 676 1142 716 medium
1177 675 1292 714 dabat

250 750 364 792 atque
398 741 571 780 inibatur
604 740 765 778 societas
798 736 1092 788 inseparabilis;
1131 748 1216 786 quae
1250 745 1291 773 ut

244 799 349 850 juris
380 814 424 838 ac
449 801 668 850 dogmatum
692 797 909 848 aequalitate
929 793 1216 844 continebatur,
1238 794 1291 830 ita

248 860 297 898 ab
317 861 480 898 aliorum
503 860 704 897 hominum
731 856 976 894 consortione
1005 852 1289 904 quodammodo

247 918 493 956 abhorrebat.
515 918 600 962 Quo
623 916 761 953 factum
782 923 858 963 est,
879 922 921 951 ut
946 911 1182 963 Pythagorei
1212 924 1289 948 non

248 979 377 1016 omnia
410 975 589 1014 omnibus
623 973 852 1025 exponenda
883 967 965 1011 esse
1001 971 1074 1009 rati
1111 970 1186 1021 (34)
1221 983 1291 1021 per

247 1044 362 1074 totam
395 1035 513 1072 vitam
547 1032 776 1082 gravissima
809 1030 1067 1083 philosophiae
1099 1038 1290 1080 praecepta

247 1108 332 1133 cum
378 1093 465 1132 aliis
514 1092 776 1141 colloquentes
829 1090 984 1128 silentio
1033 1087 1286 1139 praeterirent.

246 1151 504 1199 Quamobrem
521 1149 690 1201 plurima
703 1148 867 1186 obscure
886 1150 1016 1199 potius
1034 1146 1289 1196 significanda

246 1225 360 1262 quam
380 1210 584 1262 perspicue
603 1207 839 1247 enuntianda
858 1206 1031 1244 arbitrati
1049 1205 1180 1243 multis
1200 1218 1287 1255 per-

245 1278 361 1320 petuo
391 1277 429 1306 et
465 1266 654 1318 symbolis
687 1274 725 1303 et
755 1266 956 1303 sententiis
996 1273 1034 1302 et
1066 1263 1288 1302 similitudi-

246 1327 362 1365 nibus
382 1326 462 1378 (35)
484 1324 692 1363 utebantur
711 1338 797 1375 quae
826 1325 980 1375 penitus
1011 1322 1177 1371 intelligi
1212 1322 1288 1359 nisi

246 1387 294 1424 ab
329 1386 425 1438 ipsis
457 1385 685 1436 Pythagorae
717 1383 973 1421 sectatoribus
1001 1395 1082 1419 non
1114 1389 1285 1432 possent.

245 1445 358 1490 Quod
378 1444 570 1494 reliquum
591 1451 667 1490 est,
689 1442 839 1479 Samius
859 1440 1115 1493 philosophus
1136 1438 1285 1476 nullum

244 1504 399 1541 videtur
422 1501 566 1539 librum
594 1502 817 1552 scripsisse,
840 1500 906 1538 sed
938 1498 1177 1550 quotidianis
1206 1506 1289 1535 tan-

246 1571 326 1599 tum
364 1560 608 1599 sermonibus
650 1574 695 1598 ac
740 1558 1067 1610 disputationibus
1105 1556 1286 1594 familiam

245 1620 472 1657 erudivisse.
490 1618 585 1664 Quae
612 1619 714 1656 enirn
748 1631 770 1656 a
801 1617 995 1655 veteribus
1026 1624 1288 1654 memorantur

245 1679 474 1730 Pythagorae
502 1678 664 1728 scripta,
687 1690 732 1714 ea
757 1676 889 1714 omnia
919 1674 1146 1726 posterioris
1169 1674 1288 1710 aetatis

244 1738 577 1788 Pythagoreorum
621 1736 738 1773 fuisse
779 1734 984 1786 probabile
1027 1742 1095 1771 est.
1137 1732 1290 1782 Quippe

245 1809 359 1833 nemo
379 1796 554 1844 ignorat,
569 1795 741 1845 sequenti
761 1802 931 1844 tempore
951 1792 1091 1830 summi
1110 1791 1186 1828 viri
1207 1804 1289 1828 suc-

246 1867 416 1893 cessores
453 1854 689 1904 laudumque
725 1853 806 1903 ejus
845 1852 1008 1889 aemulos
1040 1864 1108 1888 sua
1140 1849 1288 1899 ingenii

286 1964 352 2006 (33)
373 1963 494 1997 Gellius
517 1964 609 1996 Noct.
630 1964 724 1995 Attio.
745 1963 799 1995 lib.
817 1965 831 1994 l
854 1971 924 2001 cap.
948 1966 979 1993 9.
1001 1961 1201 1993 Jamblichus
1228 1961 1285 1992 vit.

243 2012 336 2052 Pyth.
361 2016 397 2043 st
415 2024 422 2042 ε
437 2014 498 2042 τῶν
516 2010 569 2051 μὲν
589 2010 642 2042 οὗν
659 2009 878 2051 Πυθαγορείων
894 2010 997 2047 κοινὴν
1016 2009 1092 2040 εἶναι
1110 2009 1164 2046 τὴν
1178 2008 1286 2039 οὐσίαν

243 2059 359 2095 διέταξε
376 2058 427 2089 καὶ
445 2058 499 2095 τὴν
515 2056 688 2097 συμὸίωσιν
706 2058 772 2097 ἅμα
790 2056 840 2087 διὰ
855 2056 968 2091 παντὸς
985 2058 1041 2086 τοῦ
1060 2054 1172 2096 χρόνου
1187 2055 1287 2085 διατε-

242 2105 317 2145 λεῖν,
334 2103 402 2139 τοὺς
430 2103 463 2135 δὲ
484 2103 603 2143 ἑτέρους
627 2102 705 2138 ἰδίας
722 2102 776 2142 μὲν
796 2102 919 2140 κτήσεις
935 2102 1016 2142 ἔχειν
1040 2101 1199 2139 ἐκέλευσε,
1218 2112 1287 2132 συν-

243 2151 343 2187 ιόντας
373 2150 406 2182 δὲ
434 2152 476 2185 εἰς
503 2150 598 2181 ταύτὸ
630 2149 831 2190 συσχολάζειν
865 2149 1024 2186 ἀλλήλοις·
1041 2149 1093 2179 καὶ
1122 2148 1203 2179 οὕτω
1231 2149 1286 2185 τὴν

242 2198 388 2238 διαδοχὴν
403 2197 516 2234 ταύτην
535 2197 597 2228 ἀπὸ
620 2196 804 2237 Πυθαγόρου
821 2196 891 2227 κατ’
915 2197 1102 2236 ἀμφοτέρους
1120 2195 1190 2231 τοὺς
1214 2195 1286 2234 τρό-

243 2255 318 2280 πους
335 2247 497 2281 συστῆναι.
522 2242 600 2275 Κατ’
616 2243 707 2275 ἄλλον
731 2244 763 2274 δὲ
781 2242 820 2273 αὖ
836 2242 947 2283 τρόπον
965 2243 1018 2274 δύο
1033 2242 1069 2281 ἦν
1086 2242 1151 2279 εἶδη
1168 2244 1221 2278 τῆς
1238 2252 1286 2281 φι-

242 2291 405 2332 λοσοφίας·
420 2290 474 2322 δύο
499 2290 558 2331 γὰρ
578 2289 615 2328 ἦν
632 2290 704 2329 γε’-ιη
720 2290 774 2321 καὶ
791 2293 852 2320 τῶν
872 2289 1161 2331 μεταχειριζομένων
1180 2288 1286 2325 αὐτήν,

243 2340 272 2369 οἱ
292 2337 346 2379 μὲν
364 2336 621 2377 Ἄκουσμαπικοί,
633 2337 706 2367 οἶδὲ
724 2335 955 2376 Μαθηματικοί.
975 2337 1111 2367 Τουτωνὶ
1130 2335 1162 2366 δὲ
1183 2336 1211 2365 οἱ
1232 2335 1285 2372 μὲν

245 2383 465 2422 Μαθηματικοὶ
479 2383 694 2423 ὡμολογοῦντο
708 2383 911 2423 Πυθαγόρειοι
924 2383 1003 2414 εἶναι
1018 2382 1079 2413 ὑπὸ
1091 2385 1152 2412 τῶν
1165 2381 1286 2422 ἑτέρων·

243 2430 313 2465 τοὺς
332 2429 365 2460 δὲ
383 2429 642 2468 Ἀκουσματικοὺς
657 2428 740 2460 οὗτοι
758 2429 816 2470 οὐχ
832 2428 1026 2470 ὡμολόγουν,
1044 2428 1114 2459 ούτε
1138 2427 1192 2464 τὴν
1208 2438 1285 2466 πρα-

243 2477 390 2518 γματείαν
409 2478 510 2507 αὐτῶν
526 2477 604 2508 εἶναι
623 2475 802 2517 Πυθαγόρου
812 2499 821 2516 ,
837 2475 901 2506 ἀλλ’
918 2475 1070 2507 Ἱππάσου
1081 2482 1089 2490 ·
1103 2474 1155 2506 τὸν
1169 2474 1202 2505 δὲ
1218 2474 1286 2505 ’Ἱπ-

244 2534 344 2555 πασον
361 2525 389 2555 οἱ
406 2523 459 2564 μὲν
472 2524 689 2564 Κροτωνιάτην
704 2523 809 2564 φασίν,
823 2525 852 2554 οἱ
869 2523 902 2554 δὲ
912 2524 1151 2554 Μεταποντῖνον.
1166 2538 1208 2544 -
1221 2523 1285 2560 (34)

244 2571 336 2610 Diog.
356 2572 458 2602 baert.
477 2570 531 2602 lib.
549 2572 621 2602 Vlll
633 2594 642 2610 ,
663 2574 700 2602 15
716 2583 723 2602 ε
747 2570 850 2610 ἔλεγόν
867 2581 900 2601 τε
914 2571 967 2601 καὶ
989 2571 1017 2601 οἱ
1036 2570 1121 2601 ἄλλοι
1142 2568 1285 2608 Πυθαγό-

245 2628 340 2658 ρειοι,
363 2617 404 2657 μὴ
423 2617 501 2648 εἶναι
518 2618 591 2658 πρὸς
607 2618 721 2653 πάντας
750 2617 850 2648 πάντα
869 2616 963 2658 ῥητά,
981 2618 1022 2653 ὥς
1043 2628 1134 2657 φησιν
1150 2615 1287 2656 Ἀριστό-

246 2665 325 2700 ξενος
353 2664 384 2694 ἐν
410 2662 522 2703 δεκάτῃ
536 2664 741 2695 παιδευτικῶν
767 2663 882 2702 νόμων.
909 2683 948 2689 -
973 2663 1036 2704 (35)
1065 2662 1137 2695 Vid.
1166 2662 1284 2694 Pllllos.

246 2713 348 2742 Graec.
371 2711 494 2749 Fragm.
515 2709 576 2740 vol.
600 2711 613 2740 1
634 2717 701 2748 pag.
726 2712 872 2741 485·531‚
889 2709 1086 2740 Jamblichus
1111 2709 1168 2740 vit.
1190 2708 1284 2748 Pyth.

247 2765 317 2796 cap.
331 2760 368 2787 32
384 2765 414 2795 p.
437 2759 489 2787 191
512 2769 518 2786 :
532 2757 580 2787 ἐπὶ
598 2757 630 2787 δὲ
645 2760 706 2788 τῶν
724 2757 854 2798 θυραίων
870 2758 922 2789 καὶ
939 2760 979 2794 ὡς
994 2759 1088 2788 εἰπεῖν
1105 2757 1244 2798 βεὸήλων
1261 2757 1287 2788 εἴ

246 2803 300 2834 καί
318 2813 393 2834 ποτε
420 2802 526 2842 τύχοι,
545 2803 595 2833 διὰ
612 2803 774 2841 συμὸόλων
792 2804 931 2841 ἀλλήλοις
947 2806 976 2835 οἱ
998 2805 1100 2846 ἄνδρες
1116 2804 1285 2845 ᾐνίττοντο.

248 2850 296 2882 ld.
309 2858 376 2889 cap.
393 2851 432 2880 35
449 2858 479 2889 p.
496 2853 551 2880 211
571 2862 578 2880 :
595 2850 841 2890 διευλαὸούμενοι
858 2851 890 2882 δὲ
906 2852 947 2891 μή
964 2852 1119 2887 παντελῶς
1141 2851 1217 2888 ἐξείη
1235 2852 1288 2882 ἀν-

249 2897 378 2936 θρώπων
394 2896 430 2927 τὸ
446 2895 621 2936 φιλοσοφίας
638 2896 753 2937 ὄνομα,
768 2898 821 2928 καὶ
839 2899 915 2933 θεοῖς
931 2898 1017 2928 αὐτοὶ
1035 2898 1085 2928 διὰ
1099 2900 1190 2928 τοῦτο
1214 2898 1288 2929 ἁπε-

248 2942 643 2982 χθάνωνται,διολέσαντες
668 2943 760 2984 ἄρδην
784 2944 819 2974 τὸ
844 2945 1022 2981 τηλικοῦτον
1049 2945 1150 2975 αὐτῶν
1177 2945 1287 2984 δῶρον,

248 2988 454 3029 ὑπομνήματά
468 3000 536 3019 τινα
548 2990 741 3029 κεφαλαιώδη
757 2991 809 3022 καὶ
823 2991 962 3030 σύμὸολα
975 2991 1192 3031 συνταξάμενοι
1202 2991 1242 3022 τά
1255 3002 1288 3023 τε

248 3039 310 3066 τῶν
331 3035 543 3076 πρεσὸυτέρων
565 3036 788 3077 συγγράμματα
803 3039 855 3069 καὶ
873 3038 914 3069 ὧν
931 3038 1131 3079 διεμέμνηντο
1159 3039 1286 3070 συναλί-

250 3093 357 3118 σαντες
382 3083 545 3113 ’κατέλιπον
572 3083 700 3119 ἕκαστος
727 3084 762 3115 οὗ
788 3085 933 3126 ἐτύγχανε
960 3086 1127 3124 τελευτῶν,
1156 3086 1287 3122 ἐπισκή-

249 3130 360 3168 ψαντες
376 3130 452 3164 υἱοῖς
467 3130 486 3166 ἢ
500 3129 681 3170 θυγατράσιν
697 3131 715 3167 ἢ
729 3131 845 3170 γυναιξί
858 3156 867 3171 ,
881 3132 985 3171 μηδενὶ
1001 3131 1115 3163 διδόναι
1128 3134 1190 3162 τῶν
1203 3132 1288 3167 ἐκτὸς

249 3176 303 3211 τὰς
319 3175 429 3211 οἰκίας.
449 3175 499 3207 Cf.
517 3177 635 3207 samm.
652 3178 808 3217 Prolrept.
826 3187 854 3218 p.
874 3181 943 3210 130.

293 3222 357 3262 (36)
372 3221 485 3253 David.
498 3222 613 3254 Scholl.
632 3224 724 3254 Arist.
741 3233 768 3263 p.
786 3228 821 3256 13
836 3225 885 3256 ed.
905 3225 1048 3257 Brundis.
1067 3228 1174 3256 ετοῦτο
1187 3225 1220 3257 δὲ
1233 3226 1290 3257 οὐκ

253 3267 361 3307 ἔχομεν
378 3267 470 3303 δεῖξαι
489 3268 550 3298 ἀπὸ
571 3269 783 3308 Πυθαγορείων
810 3270 1071 3311 συγγραμμάτων·
1090 3271 1147 3302 οὐκ
1162 3271 1289 3308 ἐποίησε

252 3314 310 3353 γὰρ
335 3315 522 3354 σύγγραμμα
538 3315 555 3345 ὁ
572 3315 768 3356 Πυθαγόρας·
785 3317 868 3356 ἔλεγε
884 3318 942 3358 γὰρ
960 3318 1006 3348 ὅτι
1027 3318 1064 3349 οὐ
1090 3318 1240 3359 βούλομαι
1259 3318 1289 3348 ἐν

253 3360 381 3400 ἀψύχοις
404 3361 443 3390 τὰ
468 3361 526 3398 ἐμὰ
549 3363 725 3392 καταλιπεῖν
743 3362 860 3403 (ἄψυχα
875 3365 907 3395 δὲ
920 3364 1019 3396 ἐκάλει
1036 3365 1075 3396 τὰ
1093 3365 1206 3405 βιὸλία)
1224 3365 1289 3396 ἀλλ’

255 3407 285 3436 ἐν
307 3405 453 3446 ἐμψύχοις
476 3407 543 3444 ἦτοι
570 3408 600 3438 ἐν
625 3412 686 3444 τοῖς
707 3411 873 3449 μαθηταῖς,
887 3411 994 3447 οἵτινες
1017 3413 1070 3442 καὶ
1097 3412 1290 3452 ἐρωτώμενοι

254 3451 396 3483 δύνανται
411 3453 642 3494 ἀποκρίνεσθαι,
657 3455 691 3485 τὸ
709 3455 739 3485 δὲ
756 3456 870 3496 [nezem
883 3458 930 3489 οὗ.
947 3458 1006 3489 Καὶ
1022 3460 1063 3494 ὡς
1077 3458 1159 3498 ἔλεγέ
1171 3469 1216 3494 τις
1228 3462 1289 3490 τῶν

1353 335 1602 365 monumenta
1621 335 1732 364 sectae
1759 327 1907 365 auctori
1937 326 2131 378 tribuere,
2154 342 2268 381 quam
2298 344 2393 384 pro-

1341 385 1438 436 ‘pria
1467 386 1626 422 nomina
1659 385 1700 422 in
1733 385 2021 423 commentariis
2059 386 2272 427 inscribere
2308 403 2392 428 ma-

1351 443 1469 482 luisse
1489 443 1582 494 (36).
1603 442 1697 488 Quae
1714 457 1832 494 quum
1862 444 1916 481 ita
1940 444 2038 491 sint,
2060 458 2139 484 non
2157 455 2214 485 est
2243 448 2391 487 miran-

1350 498 1440 536 dum
1455 528 1465 547 ,
1501 501 1614 551 plura
1652 500 1881 550 Pythagorae
1914 502 2102 552 opuscula
2139 505 2269 544 citari.
2295 506 2393 546 Sunt

1352 566 1476 595 autem
1496 559 1577 596 haec
1598 566 1692 596 teste
1717 559 1892 608 Diogene
1917 558 2074 598 Laertio
2091 562 2168 614 (37)
2187 563 2264 602 tria
2282 565 2392 604 volu·

1352 617 1456 654 mina
1488 617 1535 655 de
1565 617 1831 666 institutione,
1853 617 1901 655 de
1924 618 2081 657 civitate
2100 632 2143 658 ac
2162 620 2210 659 de
2240 631 2390 664 natura.

1350 675 1489 726 Operis
1505 690 1583 727 quo
1600 684 1745 713 naturae
1762 676 1861 713 ratio
1875 676 2146 716 continebatur
2155 681 2391 734 principium

1351 734 1468 772 fuisse
1493 734 1657 772 traditur
1679 746 1689 772 ε
1716 751 1732 767 α
1755 733 1841 771 Non
1869 747 1939 785 per
1961 748 2086 774 aerem
2108 737 2221 787 quem
2252 739 2393 791 spiritu

1350 793 1468 840 duco,
1486 806 1564 830 non
1582 805 1652 844 per
1667 805 1804 843 aquam
1831 806 1947 844 quam
1965 793 2079 842 bibo,
2097 808 2182 834 non
2195 797 2392 837 admittam

1350 850 1468 902 hujus
1499 850 1689 888 sermonis
1719 851 2073 902 reprehensionem.
2105 869 2121 887 n
2159 853 2278 893 Addit
2300 856 2395 895 Dio·

1349 920 1465 959 genes
1485 908 1589 960 quod
1609 908 1681 946 sub
1703 908 1931 959 Pythagorae
1949 911 2108 949 nomine
2138 911 2296 962 seratur,
2315 914 2394 967 Ly-

1350 968 1443 1005 sidis
1456 980 1538 1005 esse
1554 967 1771 1015 Tarentini,
1784 969 1852 1019 qui
1865 982 1985 1019 quum
1999 969 2153 1009 Thebas
2162 963 2395 1023 profugisset

1351 1025 1628 1076 Epaminondae
1656 1035 1871 1077 praeceptor
1898 1027 2029 1067 suerit.
2061 1028 2159 1067 Sunt
2189 1043 2284 1082 vero
2313 1032 2395 1072 haec

1349 1084 1469 1122 verba
1499 1084 1718 1123 necessario
1748 1093 1814 1123 aut
1847 1085 1895 1124 de
1925 1087 2098 1125 carmine
2127 1101 2244 1127 aureo
2264 1100 2330 1130 aut
2347 1092 2396 1132 de

1349 1143 1548 1181 volumine
1566 1144 1693 1181 soluta
1710 1144 1887 1182 oratione
1907 1146 2052 1196 scripto
2071 1155 2109 1184 et
2127 1146 2271 1187 Laertii
2287 1158 2396 1190 aetate

1349 1201 1396 1238 ad
1424 1201 1683 1252 Pythagoram
1721 1211 1916 1241 auctorem
1947 1205 2067 1243 relato
2095 1205 2395 1258 interpretanda.

1349 1260 1433 1304 Qua
1452 1260 1499 1297 de
1520 1273 1561 1298 re
1581 1261 1780 1311 copiosius
1802 1262 1844 1299 in
1861 1263 2088 1313 praefatione
2107 1264 2154 1302 ad
2175 1265 2393 1306 Hieroclem

1350 1319 1532 1356 disserui.
1564 1319 1754 1357 Praeterea
1789 1319 2012 1360 Heraclides
2037 1323 2262 1374 Sarapionis
2295 1326 2397 1366 filius

1349 1378 1390 1415 in
1421 1378 1592 1416 Sotionis
1631 1378 1800 1428 epitome
1841 1379 2012 1428 rettulit,
2045 1376 2304 1432 Pythagoram
2346 1385 2412 1424 de'
2439 1427 2444 1432 ‚

1350 1450 1479 1474 rerum
1512 1445 1768 1474 universitate
1801 1438 1972 1476 carmine
2006 1439 2259 1480 vaticinatum
2289 1455 2392 1492 esse,

1350 1496 1454 1547 quod
1470 1509 1608 1547 poema
1620 1496 1791 1547 primum
1806 1496 2034 1547 Pythagorae
2049 1512 2147 1550 opus
2160 1500 2391 1543 nominavit.

1349 1555 1523 1593 Secundo
1540 1555 1626 1593 loco
1645 1556 1779 1607 posuit
1795 1569 1941 1594 sacrum
1959 1571 2162 1596 sermonem
2182 1560 2293 1611 cujus
2318 1561 2394 1600 ini·

1349 1614 1444 1651 tium
1466 1614 1537 1651 fuit
1556 1628 1565 1651 ε

1431 1674 1458 1704 Ο
1471 1672 1607 1713 juvenes
1618 1672 1715 1704 tacita
1732 1671 1827 1704 colite
1843 1672 1914 1705 haec
1933 1673 1983 1714 pia
2001 1683 2094 1706 sacra
2112 1675 2235 1716 quiete.

1350 1730 1522 1768 Tertium
1543 1729 1672 1767 locum
1693 1729 1800 1767 dedit
1815 1730 1950 1769 libello
1973 1734 2022 1769 de
2047 1737 2186 1780 animo,
2214 1744 2397 1784 quartum

1349 1797 1474 1826 autem
1495 1787 1600 1826 libro
1625 1791 1672 1826 de
1692 1794 1846 1844 pietate.
1869 1790 1938 1828 His
1965 1801 2206 1830 accesserunt
2236 1794 2396 1844 quintus

1350 1848 1651 1885 commentarius
1681 1848 1729 1885 de
1752 1849 1965 1894 Helotlzale,
1993 1851 2212 1899 Epicharmi
2232 1853 2299 1890 Coi
2320 1867 2395 1903 pa·

1346 1959 1576 2000 Πυθαγορείων,
1592 1959 1642 1991 Οὐ
1657 1958 1800 1993 δύνανται
1814 1959 1929 1996 διδάξαι
1944 1970 1982 2000 με
1998 1959 2037 1991 τὰ
2050 1960 2171 2001 βιὸλία·
2182 1961 2260 1994 ἄλλα
2272 1963 2331 2006 γὰρ
2347 1964 2396 1998 ἀεὶ

1345 2007 1398 2038 καὶ
1415 2006 1492 2037 ἄλλα
1502 2006 1571 2047 περὶ
1586 2009 1649 2037 τῶν
1666 2006 1768 2038 αὐτῶν
1784 2006 1972 2048 φθέγγομαι,
1986 2007 2022 2039 τὸ
2035 2008 2069 2039 δέ
2084 2018 2119 2047 γε
2135 2009 2253 2049 βιὸλίον
2264 2011 2304 2043 τὰ
2315 2011 2396 2044 αὐτὰ

1345 2054 1392 2085 ἀεὶ
1408 2054 1477 2095 περὶ
1492 2057 1555 2085 τῶν
1568 2054 1669 2085 αὐτῶν
1687 2054 1787 2094 λέγει,
1798 2054 1851 2085 καὶ
1868 2054 1905 2086 οὐ
1920 2055 2046 2086 δύναται
2058 2055 2134 2096 πρὸς
2146 2056 2182 2088 τὸ
2197 2057 2396 2100 ἐρωτώμενον

1345 2101 1583 2143 ἀποκρίνασθαι.
1600 2125 1608 2132 .
1629 2124 1637 2132 .
1657 2125 1666 2133 .
1685 2101 1773 2138 Μηδὲ
1787 2101 1847 2142 γάρ
1864 2112 1909 2138 τις
1923 2102 2036 2134 οἰέσθω
2050 2101 2090 2133 τὰ
2107 2105 2210 2144 χρυσᾶ
2225 2103 2285 2142 ἔπη
2298 2105 2395 2137 αὐτοῦ

1346 2145 1423 2177 εἶναι
1434 2169 1443 2184 ,
1461 2146 1538 2177 ἀλλά
1554 2157 1599 2182 τις
1614 2148 1678 2177 τῶν
1693 2146 1913 2189 Πυθαγορείων
1930 2147 2058 2184 ἐποίησε
2076 2150 2174 2180 ταῦτα
2191 2149 2245 2180 καὶ
2259 2150 2335 2191 πρὸς
2347 2162 2395 2182 τι·

1346 2193 1405 2232 μὴν
1432 2193 1546 2234 ἔγραψε
1572 2193 1608 2225 τὸ
1635 2193 1736 2239 ᾄνομα
1759 2196 1815 2224 τοῦ
1843 2194 1960 2225 οἰκείου
1987 2195 2188 2227 διδασκάλου.
2204 2195 2253 2228 ld.
2274 2197 2392 2230 sehon.

1344 2240 1439 2272 Arist.
1458 2249 1489 2280 p.
1506 2245 1544 2273 28
1562 2249 1592 2272 a.
1610 2240 1661 2272 ed.
1681 2240 1826 2272 Brandis.
1844 2253 1852 2272 :
1874 2241 1906 2272 ἐν
1921 2241 1965 2278 οἷς
1977 2241 2126 2281 ,ζητητέον
2146 2243 2200 2282 καὶ
2216 2243 2254 2275 τὸ
2266 2244 2392 2282 γνήσιον

1345 2288 1395 2319 διὰ
1411 2289 1465 2327 τὴν
1476 2289 1638 2329 γινομένην
1647 2288 1780 2320 νοθείαν·
1791 2289 1967 2321 νοθεύονται
1981 2290 2040 2331 γὰρ
2052 2289 2091 2321 τὰ
2105 2290 2208 2331 βιὸλία
2216 2295 2390 2332 πενταχῶς·

1344 2337 1364 2374 ἢ
1378 2337 1437 2378 γὰρ
1453 2336 1492 2368 δι’
1508 2337 1746 2378 εὐγνωμοσύνην
1764 2338 1908 2377 μαθητῶν
1926 2337 1965 2368 τὰ
1981 2338 2081 2369 οἰκεῖα
2091 2338 2319 2378 συγγράμματα
2330 2343 2394 2376 τοῖς

1345 2383 1469 2420 οἰκείοις
1488 2384 1684 2420 διδασκάλοις
1703 2383 1918 2423 ἀνατιθέντων,
1935 2385 1978 2420 ὡς
1992 2383 2032 2415 τὰ
2049 2383 2233 2426 Πυθαγόρου
2250 2385 2304 2416 καὶ
2324 2386 2394 2417 Σω-

1345 2430 1472 2471 κράτους
1491 2430 1719 2472 ἐπιγραφόμενα
1744 2431 1866 2471 βιὸλία,
1888 2431 1930 2472 μὴ
1949 2430 2023 2463 ὄντα
2048 2431 2231 2472 Σωκράτους
2248 2432 2269 2470 ἢ
2286 2433 2394 2464 Πυθα-

1344 2476 1437 2517 γόρου
1457 2478 1535 2509 ἀλλὰ
1557 2479 1765 2519 Σωκρατικῶν
1784 2478 1837 2508 καὶ
1856 2479 2092 2518 Πυθαγορικῶν·
2107 2479 2128 2516 ἢ
2144 2478 2195 2509 διὰ
2219 2479 2394 2519 φιλοτιμίαν

1346 2524 1520 2564 βασιλικήν·
1534 2524 1692 2560 Ἰοὸίιτους
1705 2524 1764 2565 γὰρ
1779 2527 1834 2555 τοῦ
1848 2524 1973 2556 Αιὸύων
1991 2525 2142 2565 βασιλέως
2158 2525 2344 2565 συνάγοντος
2355 2526 2394 2556 τὰ

1346 2571 1529 2612 Πυθαγόρου
1543 2573 1595 2603 καὶ
1608 2571 1804 2612 Πτολεμαίου
1822 2571 1861 2602 τὰ
1875 2570 2098 2612 Ἀριστοτέλους
2109 2595 2119 2611 ,
2134 2571 2212 2608 τινὲς
2225 2572 2393 2610 καπηλείας

1345 2617 1433 2659 χάριν
1460 2618 1500 2649 τὰ
1526 2618 1664 2659 τυχόντα
1691 2618 1919 2660 συγγράμματα
1944 2617 2150 2659 λαμὸάνοντες
2179 2618 2320 2660 ἐκὲδρουν
2337 2620 2391 2651 καὶ

1345 2664 1461 2700 ἔσηπον
1475 2664 1526 2696 διὰ
1541 2666 1738 2706 παραθέσεως
1754 2667 1830 2697 νέων
1844 2665 1967 2708 πυῤῥῶν
1978 2666 2049 2705 (leg.
2063 2665 2273 2708 μυῤῥῶν),ἷνα
2287 2671 2393 2708 σχοῖεν

1347 2711 1435 2748 δῆθεν
1450 2711 1505 2749 τήν
1521 2711 1557 2743 ἐκ
1579 2714 1635 2743 τοῦ
1653 2712 1766 2753 χρόνου
1794 2713 1998 2749 ἀξιοπιστίαν·
2016 2714 2035 2751 ἢ
2054 2713 2093 2744 δι’
2110 2713 2289 2755 ὁμωνυμίας
2317 2725 2391 2755 συγ·

1345 2758 1483 2798 γραφέων
1502 2758 1522 2796 ἢ
1539 2759 1791 2799 συγγραμμάτων
1807 2760 1827 2797 ἢ
1843 2760 2086 2800 ὑπομνημάτων.
2270 2792 2278 2798 ,

1390 2804 1455 2843 (37)
1479 2804 1637 2843 Diogenes
1666 2805 1809 2836 Laertius
1829 2805 1884 2837 lib.
1904 2807 2002 2845 VlII,
2019 2809 2076 2839 6-7
2103 2818 2111 2838 :
2138 2806 2219 2837 οὕτω
2234 2806 2269 2839 δὲ
2295 2807 2391 2847 εἶπεν,

1346 2849 1511 2891 ἐπειδήπερ
1536 2851 1739 2892 ἐναρχόμενος
1758 2853 1775 2883 ὁ
1793 2852 1976 2893 Πυθαγόρας
2001 2856 2056 2884 τοῦ
2080 2856 2212 2892 φυσικοῦ
2236 2854 2394 2895 συγγράμ·

1348 2908 1443 2936 ματος
1473 2898 1553 2937 λέγει
1581 2898 1655 2929 ὧδε·
1674 2899 1720 2930 Οὐ
1741 2899 1785 2939 μὰ
1801 2899 1854 2930 τὸν
1879 2899 1955 2940 ἀέρα
1977 2900 2030 2932 τὸν
2058 2900 2220 2941 ἀναπνέω,
2234 2900 2271 2932 οὐ
2288 2901 2332 2942 μὰ
2356 2903 2393 2934 τὸ

1346 2944 1428 2985 ὕδωρ
1448 2945 1483 2976 τὸ
1500 2945 1599 2983 πίνω,
1618 2946 1655 2977 οὗ
1673 2945 1814 2976 κατοίσω
1831 2946 1929 2987 ψόγον
1945 2947 2013 2987 περὶ
2031 2950 2087 2978 τοῦ
2101 2946 2195 2987 λόγου
2213 2948 2312 2980 τοῦδε.
2335 2949 2399 2980 Γέ-’

1346 3002 1479 3031 γραπται
1496 2992 1528 3023 δὲ
1542 2995 1588 3034 τῷ
1600 2992 1768 3034 Πυθαγόρᾳ
1781 2993 2008 3034 συγγράμματα
2021 2994 2102 3036 τρία·
2113 2995 2322 3034 παιδευτικὸν,
2335 3007 2391 3028 πο·

1346 3039 1478 3079 λιτικόν,
1487 3040 1628 3080 φυσικόν.
1638 3041 1683 3072 Τὸ
1691 3040 1725 3072 δὲ
1735 3040 1901 3081 φερόμενον
1914 3042 1955 3076 ὡς
1973 3041 2167 3083 Πυθαγόρου,
2177 3040 2312 3076 Maste&
2326 3042 2391 3073 ἐστι

1346 3090 1402 3118 τοῦ
1412 3088 1600 3128 Ταραντίνου
1612 3089 1831 3128 Πυθαγορικοῦ
1841 3112 1850 3127 ,
1867 3088 2012 3128 φυγόντος
2026 3090 2068 3124 εἰς
2079 3089 2184 3126 Θήὸας
2197 3089 2250 3120 καὶ
2263 3087 2393 3130 Ἐπαμι-

1346 3133 1464 3165 νώνδου
1490 3135 1761 3176 καθηγησαμένου.
1781 3136 1868 3172 Φησὶ
1895 3135 1928 3166 δὲ
1944 3135 2142 3176 Ἡρακλείδης
2169 3136 2187 3166 ὁ
2213 3139 2268 3167 τοῦ
2289 3137 2390 3176 ιΣαρα-

1347 3180 1460 3216 πίωνος
1478 3181 1509 3211 ἐν
1524 3186 1562 3221 τῇ
1580 3182 1739 3217 Σωτίωνος
1758 3182 1906 3222 ἐπιτομῇ,
1925 3182 2106 3222 γεγραφέναι
2134 3182 2225 3213 αὐτὸν
2250 3182 2302 3213 καὶ
2324 3183 2392 3223 περὶ

1347 3230 1402 3258 τοῦ
1420 3227 1492 3259 ὅλου
1517 3229 1548 3259 ἐν
1566 3229 1673 3262 ἔπεσι·
1687 3229 1839 3270 δεύτερον,
1856 3230 1908 3261 τὸν
1924 3230 2003 3270 ἱερὸν
2019 3229 2122 3270 λόγον,
2137 3229 2173 3260 οὗ
2190 3230 2210 3267 ἡ
2231 3229 2310 3270 ἀρχή
2323 3253 2331 3268 ,
2349 3228 2392 3260 Ὦ

1349 3274 1410 3305 νέοι
1438 3274 1515 3306 ἀλλὰ
1542 3277 1670 3308 σέὸεσθε
1699 3276 1763 3317 μεθ’
1785 3277 1916 3317 ἡσυχίας
1944 3277 2016 3308 τάδε
2045 3277 2164 3308 πάντα·
2188 3277 2300 3318 τρίτον,
2323 3279 2391 3320 περὶ

1348 3320 1449 3360 ψυχῆς
1460 3330 1468 3338 ·
1491 3322 1648 3362 τέταρτον,
1678 3322 1747 3363 περὶ
1777 3322 1932 3358 εὐσεὸείας
1942 3331 1950 3339 ·
1977 3323 2129 3363 πέμπτον,
2155 3323 2307 3361 Ἡλοθαλῆ
2339 3324 2392 3354 τὸν

1350 3365 1541 3407 Ἐπιχάρμου
1555 3371 1610 3399 τοῦ
1639 3369 1733 3410 Κῴου
1757 3370 1892 3408 πατέρα·
1907 3369 2009 3408 ἕκτον,
2028 3369 2176 3410 Κρότωνα
2194 3370 2245 3400 καὶ
2269 3369 2390 3405 ἀλλους.

1350 3414 1411 3444 Τὸν
1428 3414 1460 3445 δὲ
1477 3416 1625 3455 μυστικὸν
1642 3417 1733 3456 λόγον
1749 3416 1903 3447 Ἱππάσου
1918 3417 2010 3456 φασὶν
2022 3417 2112 3457 εἶναι,
2122 3417 2329 3458 γεγραμμένον
2341 3416 2391 3447 ἐπὶ

1354 3461 1481 3502 διαδοὶῇ
1503 3463 1703 3503 Πυθαγόρου·
1724 3463 1854 3498 πολλοὺς
1869 3463 1901 3494 δὲ
1918 3464 1970 3495 καὶ
1993 3464 2053 3495 ὑπὸ
2068 3463 2219 3499 Ἄστωνος
2236 3466 2291 3495 τοῦ
2311 3465 2393 3505 Κρο-
