2638 3840
728 216 957 265 EJUSQUE
984 215 1269 257 DISCIPULIS
1295 217 1361 256 ΕΤ
1389 212 1807 256 SUCCESSORIBUS.

199 319 403 348 numerum
417 317 511 344 vero
526 318 636 343 error
649 317 727 342 non
748 305 850 343 cadit
864 333 874 351 ,
890 306 1072 355 quoniam
1088 314 1234 343 naturae

197 365 282 418 ejus
312 372 512 416 repugnat.
530 363 683 402 Veritas
711 371 837 402 autem
858 363 1020 415 propria
1046 373 1102 402 est
1122 371 1236 414 atque

191 423 316 465 insita
353 433 606 461 numerorum
640 424 786 472 generi.
823 422 954 468 Quid?
989 420 1095 474 (151)
1131 422 1235 473 quod

195 494 315 520 unum
339 481 423 520 sive
441 482 627 520 unitatem
650 493 780 535 rerum
801 481 976 520 omnium
997 481 1234 533 principium

196 541 383 579 nominat.
406 539 510 578 ldem
529 539 633 592 (152)
652 547 780 578 tamen
800 548 1024 579 cunctorum
1039 540 1175 579 ducem
1196 543 1237 579 et

193 599 477 638 moderatorem
496 598 610 636 deum
633 598 766 636 statuit
784 599 851 650 qui
869 611 971 636 unus
988 611 1141 650 semper
1164 598 1234 647 sit,

194 658 361 706 stabilis,
390 658 595 703 immotus,
617 657 701 709 ipse
734 657 794 695 sui
827 657 987 704 similis,
1008 657 1187 696 diversus
1215 669 1237 694 a

194 717 372 769 reliquis.
393 717 498 767 Quin
519 716 624 769 (153)
647 716 762 754 etiam
782 729 911 755 rerum
940 717 1235 755 universitatem

194 790 217 815 a
235 777 395 815 numine
411 784 594 827 tanquam
611 775 789 814 custodia
805 785 950 828 septam
967 777 1087 815 teneri
1104 777 1238 815 dicens

192 835 306 874 deum
323 847 444 873 unum
458 846 542 872 esse
559 842 596 872 et
615 834 778 872 materia
791 835 1032 886 superiorem
1048 835 1232 875 ostendit.

191 893 325 945 Neque
344 905 437 931 vero
456 892 524 932 ille
542 893 661 932 unius
680 893 743 931 dei
761 894 1005 945 principatus
1035 893 1234 942 obstabat,

193 952 404 1004 quominus
417 951 619 991 Philolaus
637 953 678 991 in
695 952 906 1005 aperienda
919 953 1130 992 formarum
1147 967 1237 1004 geo-

193 1011 441 1051 metr-icarum
476 1011 517 1050 vi
549 1024 592 1050 ac
623 1020 763 1050 natura
792 1011 840 1051 de
859 1013 947 1051 aliis
975 1026 1131 1064 quoque
1158 1012 1235 1052 diis

192 1070 409 1123 symbolice
445 1071 672 1122 loqueretur
694 1070 817 1124 (154).
846 1071 995 1110 Etenim
1026 1072 1129 1124 apud
1156 1071 1236 1123 Py-

194 1128 398 1179 thagoreos
437 1129 657 1180 reperimus
698 1129 798 1167 alios
839 1129 1001 1179 angulos
1038 1130 1125 1168 aliis
1159 1129 1237 1168 diis

194 1195 452 1227 consecratos.
467 1187 660 1234 Quocirca
680 1188 853 1238 magistri
870 1197 908 1226 et
926 1188 1117 1227 sodalium
1146 1202 1237 1227 suo-

192 1260 281 1287 rum
310 1247 491 1299 exemplo
519 1246 582 1285 his
613 1247 769 1298 quidem
807 1247 883 1286 diis
915 1249 1122 1298 trianguli,
1157 1248 1238 1287 illis

192 1318 292 1345 vero
309 1304 489 1357 quadrati
508 1306 692 1355 angulum
712 1314 750 1343 et
769 1306 866 1344 alios
885 1305 974 1345 aliis
993 1306 1236 1359 eundemque

190 1362 375 1417 pluribus
393 1363 472 1402 diis
487 1363 644 1403 dicavit.

246 1422 350 1469 Quid
369 1422 418 1461 de
440 1423 605 1472 singulis
626 1423 799 1462 numeris
815 1424 978 1463 senserit
999 1424 1063 1462 vir
1079 1425 1236 1475 sapien-

190 1483 255 1521 tiae
287 1481 419 1521 studio
462 1481 637 1530 deditus,
676 1482 836 1532 longum
881 1492 939 1522 est
985 1483 1129 1524 dicere.
1162 1483 1237 1522 Ve-

195 1553 283 1579 rum
322 1539 431 1593 (155)
461 1548 550 1592 post
601 1541 908 1591 magnitudinem
958 1541 1238 1580 mathematicae

190 1600 391 1652 propriam
411 1611 575 1650 eamque
591 1600 799 1652 tripliciter
817 1601 859 1639 in
884 1602 1134 1652 quaternario
1165 1615 1236 1641 nu-

189 1670 299 1698 mero
332 1666 577 1710 porrectam,
594 1659 819 1710 qualitatem
847 1668 885 1697 et
914 1659 1122 1698 coloratam
1151 1674 1237 1712 spe-

190 1716 286 1755 ciem
313 1729 393 1768 prae
411 1729 454 1754 se
470 1715 617 1755 serente
638 1724 778 1755 natura
793 1717 836 1755 in
859 1718 1067 1769 quinario,
1090 1719 1237 1757 anima-

190 1776 338 1815 tionem
357 1775 399 1814 in
419 1775 594 1823 senario,
614 1784 781 1814 mentem
800 1784 838 1814 et
856 1777 1058 1815 sanitatem
1078 1786 1115 1815 et
1133 1778 1237 1828 quod

193 1834 242 1873 ab
261 1846 309 1873 eo
327 1834 473 1872 dicitur
490 1834 622 1873 lumen
640 1835 683 1872 in
697 1836 944 1887 septenario,
967 1845 1058 1888 post
1084 1837 1165 1875 haec
1185 1838 1238 1876 ait

192 1903 364 1931 amorem
392 1899 431 1929 et
455 1891 665 1930 amicitiam
684 1901 722 1931 et
752 1893 999 1945 prudentiam
1030 1903 1069 1933 et
1098 1895 1237 1934 soller-

195 1953 287 1991 tiam
322 1951 364 1990 in
403 1951 604 1989 octonario
637 1964 800 1990 numero
844 1952 961 1992 rebus
997 1955 1235 2005 contingere.

191 2011 319 2057 Quum
340 2018 466 2048 autem
487 2022 662 2060 magnam
683 2012 921 2062 quaternarii
952 2014 1103 2052 numeri
1133 2027 1237 2065 prae-

191 2070 370 2108 stantiam
385 2081 469 2107 esse
479 2069 744 2116 contenderet,
756 2069 841 2120 ejus
856 2072 1037 2110 virtutem
1053 2072 1094 2110 in
1106 2073 1238 2119 multis

192 2127 310 2168 rebus
329 2128 436 2166 cerni
454 2140 536 2178 prae
554 2140 595 2166 se
616 2127 762 2166 ferebat
779 2128 904 2180 (156).
926 2129 1012 2176 Quo
1040 2131 1080 2169 in
1100 2144 1239 2181 genere

192 2195 375 2239 quattuor
392 2185 429 2224 ei
457 2185 641 2223 videntur
668 2186 876 2225 animantis
909 2188 1059 2226 ratione
1086 2189 1239 2240 praediti

191 2245 389 2298 principia
401 2274 413 2292 ,
433 2243 636 2283 cerebrum
647 2273 659 2295 ,
673 2258 753 2292 cor,
771 2244 981 2284 umbilicus
991 2275 1002 2294 ,
1017 2257 1212 2286 veretrum
1225 2263 1236 2296 ;

193 2313 310 2358 caput
328 2303 485 2356 quidem
508 2303 670 2351 mentis,
692 2317 762 2342 cor
782 2313 908 2343 autem
935 2306 1074 2344 animae
1091 2315 1128 2344 et
1147 2319 1236 2345 sen-

193 2378 283 2411 sus,
305 2362 516 2403 umbilicus
546 2375 641 2401 vero
670 2362 844 2401 radicum
873 2373 1041 2403 actarum
1069 2374 1106 2403 et
1126 2378 1239 2416 gene—

194 2432 287 2463 ratae
316 2423 455 2475 primae
485 2421 631 2474 partis,
652 2430 846 2461 veretrum
879 2423 1048 2476 denique
1079 2426 1240 2464 seminis

194 2483 326 2522 emissi
359 2490 397 2521 et
426 2482 722 2534 procreationis.
757 2482 813 2521 De
844 2483 997 2535 reliquo
1035 2485 1237 2524 cerebrum

195 2542 389 2592 hominis,
407 2555 475 2580 cor
493 2542 722 2593 animantis,
751 2541 961 2582 umbilicus
991 2544 1131 2595 plantae
1145 2575 1155 2592 ‚
1175 2558 1240 2583 ve-

195 2609 341 2640 retrum
375 2600 549 2638 omnium
573 2600 689 2639 simul
721 2602 960 2654 principium
990 2603 1171 2642 ostendit.
1192 2605 1241 2642 At

195 2658 381 2710 genitalia
413 2671 580 2711 corpora
613 2660 717 2711 (157)
756 2660 841 2699 sive
876 2674 1005 2699 rerum
1054 2663 1241 2700 elementa

196 2718 372 2769 quinque
399 2729 484 2756 esse
514 2716 743 2765 arbitratur,
760 2731 783 2757 e
812 2717 957 2770 quibus
976 2718 1098 2770 ignis,
1119 2734 1239 2772 aqua,

197 2788 264 2815 aer
283 2785 320 2814 et
349 2784 451 2814 terra
482 2776 522 2814 in
542 2776 690 2828 sphaera
707 2777 968 2827 inveniantur,
989 2778 1107 2817 aether
1134 2788 1242 2817 extra

198 2834 388 2887 sphaeram
409 2834 506 2874 situs
532 2834 677 2874 ambiat
694 2848 779 2874 eam
802 2845 839 2875 et
858 2838 966 2889 quasi
1000 2838 1138 2877 trahat.
1160 2838 1242 2877 Cae—

198 2894 351 2945 teroqui
379 2902 493 2944 negat
509 2893 711 2934 Philolaus
732 2895 894 2935 interire
914 2896 1100 2934 mundum
1121 2897 1239 2949 (158).

183 2950 264 2991 ‘Sic
294 2952 399 2990 enim
433 2952 490 2991 ait
520 2952 561 2991 in
583 2952 687 2992 libro
711 2954 769 2993 De
804 2956 933 2993 anima
964 2969 973 2992 ε
1006 2965 1243 3007 quapropter

197 3011 312 3049 etiam
332 3010 514 3050 interitus
533 3025 675 3065 expers
694 3013 879 3065 nulloque
896 3014 1028 3052 labore
1045 3014 1243 3054 confectus

199 3078 388 3122 perpetuo
405 3070 539 3117 durat,
555 3071 748 3123 siquidem
770 3085 841 3111 nec
860 3074 962 3111 intra
982 3073 1109 3124 ipsum
1129 3086 1244 3112 causa

198 3128 396 3180 potentior
428 3142 543 3180 quam
573 3130 641 3169 illa
676 3127 834 3186 [anima]
864 3133 1093 3183 reperietur,
1120 3145 1244 3183 neque

199 3195 310 3226 extra
334 3188 545 3240 quidquam
575 3189 680 3241 quod
705 3203 792 3229 eum
821 3191 981 3243 perdere
1009 3190 1155 3242 possit,
1176 3191 1243 3231 sed

245 3346 331 3387 (151)
355 3346 430 3379 vid.
455 3346 566 3387 [ragin.
585 3348 785 3390 u.-(152)
813 3348 885 3381 vid.
911 3347 1022 3389 fragm.
1043 3350 1244 3391 15.—(15³)

202 3392 278 3426 vm.
296 3394 405 3434 fram.
422 3394 695 3435 16.-(154)ν1ἀ.
711 3396 824 3435 fragm.
842 3396 1115 3437 17.-(1.’»5)ν111.
1132 3396 1242 3439 fragm.

209 3443 257 3474 18.
273 3440 359 3483 (156)
376 3441 449 3475 vtd.
466 3442 579 3484 tragm.
596 3446 643 3476 1⁹.
660 3459 700 3468 -
716 3443 890 3485 (157)ν111,
908 3443 1019 3484 [tamn.
1035 3447 1087 3477 2ο.
1102 3461 1144 3469 -
1157 3444 1244 3486 (tas)

2226 222 2337 250 xxtu

1299 306 1370 343 suit
1399 305 1464 343 hic
1492 303 1661 342 mundus
1691 314 1740 340 ex
1769 309 1912 338 aeterno
1945 308 2118 350 tempore
2151 308 2266 350 atque
2298 300 2339 337 in

1298 373 1480 402 aeternum
1496 369 1711 414 permanet,
1731 372 1833 398 unus
1852 358 1901 396 ab
1921 371 2000 396 uno
2017 366 2180 407 cognato
2194 367 2232 396 et
2246 372 2340 407 prze-

1297 424 1535 461 stantissimo
1550 430 1587 460 et
1597 418 1904 472 inexsuperabili
1916 418 2204 468 gubernandus.
2218 418 2342 456 Habet

1299 490 1424 519 motus
1444 493 1601 532 quoque
1616 493 1661 519 ac
1677 477 1903 518 mutationis
1923 477 2162 529 principium
2183 490 2285 515 unus
2306 486 2342 514 et

1299 542 1506 578 continuus
1525 539 1711 587 mundus,
1730 546 1878 576 naturae
1895 535 2086 574 beneficio
2103 535 2286 586 perflatus
2305 543 2342 572 et

1298 611 1345 635 ex
1366 598 1472 636 omni
1490 598 1701 636 aeternitate
1719 597 1989 635 circumactus.
2011 594 2138 645 Atque
2159 607 2236 632 una
2255 595 2341 645 qui-

1298 657 1383 694 dem
1407 670 1498 708 pars
1516 656 1601 707 ejus
1619 654 1876 695 immutabilis
1895 662 1971 700 est,
1987 653 2109 691 altera
2127 652 2339 700 mutabilis,

1297 727 1319 751 e
1351 714 1494 766 quibus
1526 715 1637 766 prior
1661 714 1710 753 ab
1730 714 1860 753 anima
1887 726 2017 751 rerum
2048 712 2341 750 universitatem

1298 774 1476 823 cingente
1506 787 1629 824 usque
1660 773 1708 812 ad
1739 773 1870 811 lunam
1894 772 2080 824 pertinet,
2106 772 2301 824 posterior
2322 785 2344 809 a

1299 832 1393 870 luna
1423 845 1545 882 usque
1577 832 1624 870 ad
1654 841 1811 871 terram.
1837 831 1881 869 Et
1899 831 2083 883 quoniam
2103 844 2165 869 res
2182 844 2343 869 movens

1298 891 1451 942 quidem
1473 904 1522 929 ex
1540 900 1681 930 aeterno
1703 900 1878 943 tempore
1892 892 1933 929 in
1953 899 2136 928 aeternum
2161 890 2265 928 ultro
2289 890 2345 928 ci-

1299 958 1437 1002 troque
1451 959 1652 996 commeat,
1672 964 1734 990 res
1747 959 1851 989 mota
1869 958 1995 988 autem
2010 950 2065 988 ita
2078 949 2247 988 afficitur
2260 957 2302 986 ut
2322 962 2343 986 a

1299 1018 1479 1048 movente
1486 1011 1659 1048 aufertur
1672 1023 1681 1049 :
1696 1023 1850 1048 necesse
1860 1017 1917 1047 est
1930 1009 2086 1047 alteram
2100 1021 2253 1060 semper
2264 1022 2346 1046 mo-

1300 1067 1438 1116 bilem,
1447 1069 1605 1107 alteram
1619 1081 1772 1120 semper
1790 1068 1991 1121 patibilem
2003 1081 2101 1115 esse,
2113 1076 2227 1118 atque
2236 1067 2342 1104 illam

1301 1128 1458 1180 quidem
1472 1136 1589 1166 totam
1605 1128 1745 1165 mentis
1755 1136 1794 1165 et
1803 1127 1958 1174 animae,
1971 1127 2071 1164 hanc
2083 1126 2344 1177 generationis

1298 1196 1337 1227 et
1365 1188 1592 1226 mutationis
1612 1200 1696 1226 esse
1715 1186 1842 1225 sedem
1858 1215 1868 1234 ‚
1887 1186 2073 1236 illamque
2100 1186 2141 1223 vi
2171 1185 2344 1236 priorem

1298 1256 1336 1286 et
1356 1246 1595 1298 superiorem
1611 1275 1622 1296 ,
1642 1245 1743 1283 hanc
1769 1247 2022 1297 posteriorem
2043 1253 2080 1282 et
2099 1244 2343 1284 inferiorem.

1301 1305 1357 1344 Ex
1387 1314 1551 1356 utraque
1582 1317 1679 1343 vero
1710 1304 1915 1356 portione,
1938 1304 2058 1341 altera
2089 1302 2224 1340 divina
2260 1316 2346 1354 quae

1299 1377 1451 1416 semper
1471 1363 1615 1410 currit,
1633 1363 1754 1402 altera
1771 1358 1953 1413 generata
1971 1375 2057 1413 quae
2085 1374 2237 1412 semper
2262 1375 2346 1400 mu-

1300 1431 1416 1471 tatur,
1451 1423 1619 1461 mundus
1653 1423 1891 1474 compositus
1923 1429 1994 1460 est.
2017 1420 2210 1466 Quocirca
2244 1430 2347 1459 recte

1298 1482 1443 1521 dixerit
1465 1482 1608 1533 aliquis
1628 1481 1816 1520 mundum
1838 1493 1922 1518 esse
1941 1488 2121 1518 aeternam
2142 1479 2204 1517 dei
2222 1488 2259 1518 et
2281 1493 2347 1530 ge-

1300 1541 1512 1579 nerationis
1531 1541 1741 1579 efficaciam
1759 1539 1940 1578 mutabili
1961 1546 2109 1576 naturae
2131 1551 2347 1587 congruen-

1299 1610 1389 1639 tem.
1411 1602 1537 1651 Atque
1556 1599 1624 1638 ille
1643 1598 1801 1651 quidem
1819 1598 1954 1637 eodem
1984 1597 2071 1636 loco
2093 1609 2252 1634 manens
2283 1609 2348 1635 eo-

1299 1659 1386 1706 dem
1411 1672 1564 1711 semper
1584 1667 1697 1711 pacto
1727 1671 1768 1697 se
1795 1657 1934 1705 habet,
1956 1656 2038 1694 haec
2063 1664 2189 1694 autem
2219 1669 2346 1694 rerum

1299 1718 1507 1756 multitudo
1526 1718 1643 1756 modo
1662 1718 1788 1756 oritur
1804 1716 1921 1754 modo
1942 1715 2085 1754 occidit
2119 1730 2127 1752 :
2162 1714 2228 1753 sed
2263 1728 2349 1766 quae

1299 1778 1516 1824 intereunt,
1534 1790 1669 1815 eorum
1702 1785 1831 1815 tamen
1857 1783 2006 1813 naturae
2035 1774 2247 1825 formaeque
2266 1786 2349 1811 ser-

1298 1846 1452 1885 vantur,
1493 1836 1650 1888 quando
1686 1835 1823 1875 sobole
1859 1834 1995 1873 relicta
2041 1833 2208 1872 similem
2246 1834 2347 1885 patri

1299 1906 1413 1948 atque
1433 1897 1582 1935 auctori
1605 1895 1767 1934 sormam
1786 1895 2009 1934 restituunt.

1352 1957 1409 1994 De
1442 1956 1571 1994 anima
1611 1954 1748 1994 mundi
1785 1954 2108 2005 singulorumque
2144 1952 2347 1991 hominum

1299 2017 1440 2055 animis
1461 2016 1600 2069 procul
1614 2015 1737 2055 dubio
1759 2014 1959 2054 uberrime
1972 2013 2189 2066 disputavit
2202 2012 2347 2064 Pytha-

1300 2077 1456 2128 goricus
1478 2086 1626 2115 naturae
1644 2077 1836 2128 interpres
1851 2072 1976 2128 (159).
1998 2073 2126 2120 Quum
2144 2085 2242 2111 vero
2261 2072 2349 2111 Pla-

1300 2137 1383 2175 toni
1399 2137 1483 2175 visa
1495 2136 1547 2176 sit
1560 2136 1688 2174 anima
1702 2135 1869 2174 essentia
1882 2147 1923 2173 se
1940 2146 2101 2172 movens
2115 2162 2126 2180 ,
2141 2131 2349 2171 Xenocrati

1300 2209 1485 2235 numerus
1517 2208 1558 2234 se
1586 2207 1773 2243 movens,
1801 2193 2001 2233 Aristoteli
2033 2191 2251 2245 ἐντελέχεια,
2271 2191 2348 2243 Py-

1301 2254 1480 2305 thagoras
1498 2266 1582 2292 eam
1599 2263 1637 2292 et
1655 2253 1856 2292 Philolaus
1876 2252 2118 2291 harmoniam
2148 2252 2347 2293 dixerunt.

1300 2313 1493 2359 Quocirca
1522 2311 1702 2350 Philolao
1731 2311 1865 2363 judice
1897 2311 2008 2362 (160)
2038 2311 2168 2349 anima
2198 2309 2350 2349 inditur

1301 2372 1460 2424 corpori
1477 2384 1547 2423 per
1559 2383 1765 2409 numerum
1782 2378 1820 2408 et
1836 2369 2092 2407 immortalem
2109 2369 2349 2421 eandemque

1301 2432 1572 2483 incorpoream
1585 2429 1895 2469 convenientiam
1903 2458 1913 2476 ‚
1926 2441 1969 2466 ac
1977 2435 2162 2479 praeterea
2171 2427 2350 2478 diligitur

1302 2502 1445 2540 corpus
1476 2489 1525 2527 ab
1556 2488 1705 2535 anima,
1725 2487 1818 2538 quia
1848 2488 1933 2525 siue
1962 2499 2008 2524 eo
2037 2499 2115 2524 non
2146 2495 2273 2538 potest
2292 2488 2347 2525 uti

1302 2548 1482 2587 sensibus
1511 2562 1520 2588 :
1550 2561 1572 2586 a
1591 2561 1669 2599 quo
1687 2555 1892 2599 postquam
1926 2553 2049 2583 morte
2079 2544 2243 2584 deducta
2272 2554 2347 2592 est,

1302 2609 1570 2660 incorpoream
1604 2608 1646 2646 in
1674 2607 1820 2645 mundo
1851 2606 1970 2644 vitam
2007 2605 2099 2654 agit.
2133 2604 2209 2643 Sed
2243 2605 2349 2644 nefas

1302 2681 1385 2705 esse
1408 2668 1462 2706 ait
1481 2666 1743 2718 Pythagoreus
1762 2665 1870 2717 (161)
1893 2672 2055 2703 mortem
2088 2662 2166 2702 sibi
2197 2665 2349 2702 consci-

1302 2738 1411 2763 scere
1430 2725 1551 2778 (162).
1571 2724 1736 2771 Quando
1754 2724 1858 2763 enim
1878 2730 2050 2762 veterum
2079 2721 2347 2771 theologorum

1303 2793 1339 2822 et
1373 2792 1503 2822 vatum
1534 2783 1799 2823 auctoritatem
1823 2790 1976 2821 secutus
2008 2780 2192 2832 supplicii
2227 2782 2349 2829 gratia

1304 2845 1471 2883 animam
1491 2857 1578 2883 cum
1596 2855 1762 2896 corpore
1782 2842 2029 2894 conjunctam
2042 2871 2053 2889 ,
2073 2840 2148 2878 hoc
2167 2849 2347 2892 tanquam

1304 2903 1483 2956 sepulcro
1502 2902 1696 2942 conditam
1714 2914 1797 2941 csse
1816 2901 1999 2953 opinatus
2018 2908 2096 2948 cst,
2114 2900 2239 2938 noluit
2266 2912 2348 2937 eam

1305 2975 1326 3000 e
1347 2962 1523 3014 corporis
1555 2962 1730 3001 custodia
1763 2960 1915 3012 injussu
1940 2960 2002 2998 dei
2024 2973 2045 2998 a
2066 2973 2143 3010 quo
2163 2960 2251 2997 data
2275 2973 2347 2996 no-

1305 3020 1367 3060 bis
1385 3029 1442 3059 est
1468 3020 1653 3068 liberari,
1681 3035 1728 3060 ne
1748 3019 1963 3071 majoribus
1986 3020 2099 3057 etiam
2130 3027 2167 3057 et
2191 3018 2348 3067 gravio-

1306 3081 1415 3120 ribus
1435 3081 1718 3120 calamitatibus
1736 3081 1954 3119 alliceretur
1975 3079 2102 3130 (163).

1359 3139 1492 3179 Fuisse
1510 3140 1730 3179 philolaum
1749 3139 1953 3191 physicum
1985 3138 2107 3186 magis
2136 3150 2249 3186 quam
2270 3136 2350 3173 vir-

1305 3199 1397 3239 tutis
1423 3200 1670 3250 magistrum,
1689 3208 1763 3238 tam
1792 3212 1814 3236 e
1841 3197 2063 3247 fragmentis
2089 3196 2175 3247 ejus
2205 3194 2347 3233 inu-ni-

1305 3350 1381 3385 vm.
1400 3352 1511 3393 fragm.
1529 3355 1580 3386 21.
1596 3372 1633 3380 -
1651 3350 1736 3394 (159)
1754 3351 1936 3385 Macrobius
1950 3350 1980 3382 in
1995 3358 2098 3381 somn.
2114 3348 2197 3388 scip.
2216 3348 2241 3385 Ι,
2259 3349 2348 3380 ¹⁴...

1306 3399 1394 3440 (¹60)
1407 3399 1606 3432 Claudianus
1622 3400 1799 3432 Matnertus
1823 3400 1868 3431 De
1884 3400 1967 3430 statu
1981 3397 2095 3428 anitum
2108 3397 2151 3434 11,
2166 3395 2196 3426 7.
2211 3412 2248 3420 -—
2262 3395 2350 3432 (16¹)

1306 3445 1379 3479 Vld.
1394 3444 1506 3487 fragm.
1524 3449 1575 3479 22.
1591 3464 1628 3471 -—
1641 3446 1727 3487 (162)
1739 3446 1811 3479 vm.
1829 3447 1939 3485 fragm.
1957 3448 2056 3477 23.-
2069 3444 2154 3483 (163)
2173 3441 2350 3474 Euxitlneus
