2638 3840
726 269 952 318 EJUSQUE
981 267 1267 308 DISCIPULlS
1296 268 1361 307 ΕΤ
1380 266 1799 308 SUCCESSORIBUS.

150 356 155 360 ”
182 356 316 395 diendi
332 366 423 395 sunt
434 356 672 396 lamblichus
686 357 720 408 (ι
731 358 811 408 16),
824 356 1032 408 Synesius,
1045 356 1222 404 Proclus,

180 414 320 454 Timaei
336 415 450 454 Locri
471 415 647 455 libellum
672 429 695 454 a
719 415 880 454 Platone
899 416 1038 466 grandi
1058 415 1223 467 pecunia

179 483 324 513 emtum
343 487 426 514 esse
443 476 542 523 rati,
573 483 616 514 ut
636 474 826 514 Timaeum
847 475 1042 527 dialogum
1063 474 1220 512 concin-

179 542 303 572 naret.-
323 532 475 572 Etenim
490 534 634 573 librum
648 562 660 582 ,
677 546 791 586 quem
813 547 927 572 nemo
942 541 1031 573 ante
1045 533 1221 571 Clemen-

180 598 254 630 tem
281 592 587 632 Alexandrinum
615 601 822 641 memorat,
842 594 965 632 veteri
986 592 1047 632 illi
1070 591 1220 630 Timaeo

178 648 303 690 Locro
322 652 568 703 suppositum
581 664 666 692 esse
674 651 755 703 jam
772 665 892 704 supra
904 652 1088 691 adnotavi
1102 652 1135 700 (ι
1147 665 1162 688 1
1173 652 1221 700 7).

176 708 291 755 Quod
311 710 507 762 reliquum
538 719 617 758 est,
653 711 982 750 narratiunculam
1010 710 1147 756 istam,
1179 709 1220 747 in

178 778 257 817 qua
285 768 510 807 exornanda
539 768 653 807 multi
685 771 894 821 scriptores
924 769 1102 821 occupati
1131 768 1220 806 sue-

177 831 267 862 runt
277 853 289 872 ,
307 839 386 864 non
401 840 561 879 prorsus
571 827 774 866 confictam
789 836 989 879 putamus,
1004 827 1072 866 sed
1085 839 1221 864 revera

176 879 375 923 Platonem
395 882 562 924 Philolai
589 898 688 936 opus
707 897 846 935 magno
864 886 993 938 pretio
1014 883 1091 924 sibi
1115 897 1219 923 com·

176 952 332 992 parasse
350 944 568 982 statuimus.
590 942 757 988 Tantum
774 957 869 983 vero
888 943 997 983 abest
1020 952 1063 982 ut
1084 942 1217 982 Socra-

176 1000 227 1038 tis
256 1000 492 1054 discipulum
514 1002 643 1041 aliena
666 1003 814 1041 scrinia
835 1003 1066 1055 compilasse
1090 1001 1220 1040 credi-

174 1057 257 1097 bile
268 1060 321 1098 sit
331 1089 344 1109 ,
357 1069 400 1098 ut
412 1061 526 1099 talem
539 1061 656 1101 simul
673 1062 916 1113 intelligendi
930 1063 1047 1102 simul
1061 1061 1217 1101 dicendi

175 1125 372 1157 auctorem
399 1119 499 1159 nihil
526 1129 665 1172 praeter
694 1134 819 1172 pauca
845 1121 1016 1160 Philolai
1040 1121 1155 1160 effata
1177 1121 1218 1159 in

177 1191 260 1217 rem
283 1191 392 1218 suam
422 1181 663 1219 convertisse
689 1174 941 1235 arbitremur.
971 1181 1106 1220 Testes
1127 1189 1217 1220 sunt

175 1236 278 1276 inter
309 1237 486 1290 dialogos
513 1238 737 1279 Platonicos
767 1239 955 1279 Pbaedrus
968 1269 979 1288 ,
1011 1239 1214 1291 Cratylus‚

174 1293 375 1344 Philebus,
391 1296 573 1345 Timaeus,
593 1297 773 1348 Gorgias,
790 1299 831 1336 in
851 1297 996 1350 quibus
1012 1311 1099 1337 cum
1121 1300 1217 1338 alio·

174 1366 261 1392 rum
274 1354 608 1406 Pythagoreorum
626 1365 707 1395 tum
721 1356 890 1396 Philolai
903 1357 1091 1396 doctrinae
1104 1358 1219 1396 vesti-

173 1413 238 1463 gia
256 1413 402 1466 passim
429 1424 633 1467 apparent.
651 1415 750 1455 Belli
769 1416 906 1455 ducem
926 1417 1047 1456 fuisse
1077 1417 1215 1456 Philo-

172 1469 277 1511 laum
296 1471 435 1512 scribit
462 1472 650 1525 Synesius
671 1475 775 1526 (118)
802 1475 860 1513 De
887 1474 992 1513 dono
1024 1475 1213 1515 astrolab.

172 1541 212 1581 p.
236 1530 309 1578 307
339 1530 401 1570 ed.
433 1531 566 1573 Petav.
595 1532 691 1571 Eum
717 1542 854 1572 exusto
879 1533 1214 1585 Pythagoreorum

172 1587 368 1628 auditorio
382 1603 433 1628 ex
443 1589 556 1630 ltalia
570 1591 724 1630 Thebas
737 1592 952 1644 profectum
963 1591 1099 1643 Lysidi
1113 1606 1212 1644 prae-

171 1648 321 1699 ceptori
340 1657 496 1688 mortuo
511 1650 671 1690 inferias
687 1651 882 1699 attulisse,
904 1651 946 1689 in
966 1651 1216 1692 instituendis

170 1715 296 1746 autem
312 1707 518 1760 discipulis
531 1710 724 1749 sermonis
739 1709 1015 1749 obscuritatem
1031 1718 1071 1749 et
1085 1711 1214 1750 amba-

171 1777 237 1815 ges
251 1765 369 1818 hujus
387 1776 500 1806 sectae
515 1769 698 1820 proprias
716 1767 941 1807 adhibuisse
966 1769 1021 1807 ait
1042 1769 1216 1810 Platonis

172 1822 365 1877 interpres
394 1824 519 1879 (119).
549 1827 643 1873 Quae
670 1827 812 1879 partim
848 1827 997 1867 incerta
1030 1828 1216 1869 videntur

171 1883 313 1934 partim
333 1885 465 1935 exigui
484 1887 671 1925 momenti
686 1900 731 1926 ac
746 1887 816 1925 vix
840 1886 959 1938 digna
983 1897 1212 1927 memoratu.

170 1939 266 1980 Plus
279 1941 415 1992 gloriae
429 1942 614 1995 Gorgiam
631 1954 668 1984 et
685 1946 938 1996 Protagoram
953 1960 1069 1998 quam
1083 1947 1216 1987 Philo-

171 2000 273 2040 laum
302 2010 340 2040 et
360 2001 625 2042 Democritum
643 2004 802 2056 adeptos
818 2018 923 2056 esse,
943 2005 1035 2045 licet
1053 2006 1113 2046 illi
1127 2021 1213 2046 cum

171 2058 308 2099 horum
330 2061 506 2100 virorum
533 2062 725 2115 sapientia
751 2064 881 2103 collati
900 2077 972 2116 pro
992 2065 1126 2117 pueris
1142 2064 1213 2103 ha-

169 2173 210 2206 38
221 2179 312 2213 seqq.
329 2191 370 2202 --
386 2173 479 2215 (11⁶)
496 2174 613 2207 Timon
626 2175 711 2217 apud
727 2176 867 2210 Gellium
887 2178 980 2210 Noct.
996 2180 1062 2210 Att.
1079 2179 1139 2218 111,
1154 2181 1190 2213 17
1205 2191 1213 2211 =

169 2218 232 2251 Rea
247 2218 288 2251 σὺ
304 2218 438 2252 Πλάτων
448 2227 457 2237 ·
471 2222 525 2253 καὶ
539 2220 600 2264 γάρ
618 2233 655 2255 σι
672 2222 839 2263 μαθητείης
857 2224 952 2261 πόθος
971 2225 1047 2267 lq:
1059 2235 1068 2244 ·
1083 2226 1208 2259 πολλῶν

169 2264 198 2299 δ’
211 2264 367 2308 ἀργυρίων
391 2266 499 2307 ὀλίγην
520 2268 656 2307 ἠλλάξαο
673 2270 781 2311 βίδλον
792 2294 803 2310 ,
822 2271 905 2304 ἔνθτν
926 2271 1141 2314 ἀπαρχόμενος
1156 2274 1214 2306 Τι-

170 2316 370 2355 μαιογραφιΐν
393 2314 566 2358 &Bizone-
589 2317 664 2349 Vid.
692 2317 810 2351 Philon.
831 2320 958 2360 Fragm.
976 2320 1041 2352 vol.
1064 2321 1093 2360 1,
1120 2329 1153 2361 p.
1172 2323 1214 2357 89

168 2366 237 2399 seq,
258 2360 394 2393 Proclus
406 2360 439 2394 iu
457 2362 600 2396 Platonis
617 2363 778 2397 Timaeum
794 2365 863 2398 init.
882 2378 891 2399 :
909 2368 970 2399 Καὶ
987 2368 1047 2409 γὰρ
1064 2369 1116 2400 καὶ
1138 2368 1214 2401 αὐτὸ

169 2405 208 2438 τὸ
223 2409 280 2439 τοῦ
294 2408 512 2450 Πυθαγορικοῦ
524 2410 660 2452 Τιμαίου
674 2410 804 2454 γράμμα
818 2413 888 2455 πιρὶ
904 2414 1024 2453 vocum<
1036 2415 1090 2447 τὸν
1106 2416 1214 2448 Πυθα-

168 2452 294 2494 γορικὸν
320 2453 436 2496 τρόπον
466 2456 686 2498 διατάττεται,
706 2459 790 2493 ivon
824 2459 1009 2503 άφορμηθιὶς
1035 2463 1053 2495 ό
1081 2462 1214 2496 Πλάτων

168 2503 402 2541 τιμαιογραριῖν
414 2501 565 2546 ίπιχιιριῖ
572 2505 654 2537 κατὰ
665 2505 719 2538 τὸν
728 2507 944 2549 σιλλογράφον.
960 2508 1069 2541 Schol.
1086 2509 1211 2542 Platon.

169 2553 203 2586 Ρ.
226 2547 288 2579 2⁰0
301 2546 352 2579 ed.
370 2548 511 2582 nahah:
539 2551 671 2592 Τίμαιος
686 2552 724 2585 ἐκ
742 2555 873 2596 Δοιρῶν
888 2557 951 2588 τῶν
977 2555 1212 2599 Ἐπιζεφυρίων,

167 2595 222 2631 τῆς
234 2591 268 2625 ἰν
281 2592 398 2637 Ἰταλίᾳ
407 2596 526 2635 πόλεως
536 2621 546 2637 n
558 2598 722 2641 φιλόσοφος
737 2601 949 2644 Πυθαγόριιος
958 2625 968 2640 .
983 2603 1099 2646 ἔγραψα
1115 2606 1213 2646 μαθη·

169 2638 286 2679 panzi
306 2649 340 2672 τι
359 2642 412 2674 καὶ
437 2645 507 2685 πιρὶ
533 2645 655 2684 φύσεως
678 2647 887 2689 σύγγραμμα.
913 2650 968 2682 τὸν
995 2651 1211 2694 Πυθαγορικὸν

166 2683 283 2726 τρόπον
292 2692 301 2702 ·
322 2685 405 2720 Μῦν
424 2689 443 2721 ό
458 2689 592 2724 Πλάτων
605 2693 660 2725 καί
675 2693 730 2726 τὸν
744 2693 890 2735 διάλογον
907 2696 951 2733 τίς
965 2696 1060 2730 αὐτὸν
1082 2697 1209 2739 ἔγραψε,

168 2732 250 2765 καθὰ
261 2732 315 2765 καὶ
333 2734 352 2766 ό
366 2736 569 2779 σιλλογράρος
580 2740 656 2781 φησί
672 2741 741 2784 περὶ
753 2742 861 2775 αὐτοῦ·
872 2744 1004 2777 Πολλῶν
1015 2744 1043 2777 δ’
1056 2745 1210 2788 ἀργυρίων

168 2777 275 2820 ὀλίγην
304 2779 461 2820 ἠλλάξατο
490 2785 617 2827 βίδλον,
652 2787 737 2821 Mn
763 2788 948 2832 αφορμηθιὶς
974 2798 1210 2835 τιμαιογραριῖν

167 2824 332 2868 ᾱπιχιίριι.
351 2829 443 2863 coac.
459 2831 672 2867 Iambllchum
692 2834 726 2868 ln
742 2836 927 2871 Nicomach.
947 2840 1076 2872 arithm.
1095 2850 1126 2882 p.
1152 2844 1209 2875 148

166 2871 417 2956 &lamanai-tt
433 2878 603 2919 synesium
615 2881 756 2916 Dedono
769 2884 918 2918 astrolab.
934 2894 967 2927 p.
982 2889 1054 2920 307.
1070 2889 1145 2927 -(ι
1157 2890 1209 2929 17)

207 2968 297 3008 (118)
310 2969 463 3010 synesius
475 2973 524 3007 De
540 2972 625 3008 dono
638 2975 788 3010 astrolab.
804 2986 835 3019 p.
852 2980 912 3012 3⁰7
926 2979 979 3011 cd.
993 2980 1102 3012 petav.
1117 2981 1208 3015 simi·

169 3011 241 3047 liter
256 3014 520 3059 'theophylactus
535 3021 712 3057 simocatta
728 3024 820 3066 eolat.
842 3026 879 3059 71
898 3039 906 3059 2
923 3027 998 3064 Πῶς
1017 3028 1045 3059 ὀ·
1060 3029 1098 3060 ἀν
1114 3040 1209 3071 στρα·

168 3060 316 3100 mmm
332 3062 385 3095 καί
404 3068 677 3110 ympnus-hwa<
698 3070 796 3103 ταὺτὸ
819 3072 977 3113 συνήγαγε
999 3074 1052 3105 καὶ
1071 3077 1208 3118 συνῆψι,

166 3105 207 3137 τὰ
231 3110 361 3161 μακροῖς
386 3110 534 3153 θριγγίοις
562 3114 696 3149 ἔκπαλαι
714 3117 927 3160 διειργόμενα,
949 3121 1016 3160 μετ’
1044 3118 1208 3165 Ἀρχύταν,

167 3152 245 3185 ακτὰ
262 3154 418 3189 othum
428 3181 439 3199 ,
454 3161 532 3199 μοι-ἁ
545 3161 599 3194 τὸν
610 3163 716 3197 Δὶλιον
731 3163 884 3208 Ἆόριανόν
896 3189 906 3206 ,
927 3167 1003 3207 μετὰ
1018 3167 1070 3199 τὸν
1086 3168 1208 3202 lxx-rm·

165 3208 220 3232 τον
235 3200 309 3241 ἡμῖν
333 3201 511 3239 Ἰουλιανόν.
532 3226 573 3236 -
589 3209 679 3252 (119)
694 3211 802 3245 schol.
820 3212 860 3245 ad
874 3213 954 3246 Plat.
972 3213 1082 3246 Plnoed.
1100 3224 1170 3257 pag.
1189 3220 1207 3252 7

76 3252 79 3260 ¹
96 3263 113 3271 ψ
167 3242 222 3278 ed.
237 3246 384 3283 Ruhnkz
402 3250 501 3291 Οὗτος
518 3254 536 3287 6
547 3256 702 3296 Φιλόλαος
715 3260 923 3303 Πυθαγόρειος
949 3259 1005 3300 ἦν,
1027 3262 1057 3298 ἐξ
1078 3260 1208 3302 Ἰταλίας

164 3295 324 3335 uoq-wo<
343 3296 396 3330 aa
406 3298 461 3332 τὸν
481 3300 666 3345 tumui»,
676 3306 729 3339 τὸν
745 3306 815 3339 τὰς.
829 3308 890 3340 ‹mc›
909 3307 1046 3345 roiano<
1059 3310 1209 3349 γεγονότα

165 3338 266 3373 διὰτὸ
286 3340 497 3383 ἀνεπιτήδειον
514 3348 607 3383 αὐτὸν
625 3352 701 3394 πρὸς
722 3353 903 3395 φιλοσοφίαν
924 3354 998 3387 ὄντα
1018 3355 1207 3398 ἀπελαθῆναι

164 3389 221 3420 τοῦ
233 3387 399 3445 ἡρωίου.
415 3393 474 3432 ὀς
490 3396 544 3428 ωε
560 3395 599 3429 δι’
616 3398 808 3442 annnam
823 3402 987 3441 mauu,
1010 3404 1149 3449 ιαοᾱιηρ
1167 3406 1207 3447 ἦν

166 3431 237 3470 1οκ
251 3440 367 3494 αντοῖς.
385 3438 500 3475 Ἦλθον
516 3441 572 3476 οὗν
587 3444 679 3484 em
700 3447 743 3481 sle
755 3449 862 3487 θήὀαι
875 3472 885 3489 ,
900 3450 1041 3483 τιθνιῶτι
1061 3455 1109 3493 τῷ
1120 3453 1206 3488 &b

166 3479 274 3524 πίλῳ
288 3484 400 3520 Auci&
418 3488 498 3530 χοὰς
509 3490 651 3530 ποιήσων
661 3516 672 3534 ,
687 3493 753 3527 ἐκεῖ
771 3495 966 3537 τιθαμμίνφ.
982 3496 1156 3541 Ἰπκῦρκθς
1172 3501 1206 3535 δὲ

2253 286 2332 312 xlx

1284 355 1402 395 bendi
1424 356 1583 404 fuerint,
1604 355 1754 408 injuria
1771 355 1943 395 defendit
1955 357 2091 395 AElian.
2116 358 2220 411 (120)
2235 359 2324 400 var.

1282 415 1373 454 hist.
1390 415 1423 464 1,
1447 417 1513 456 23.
1535 415 1668 468 Neque
1701 415 1806 454 enim
1826 416 1889 454 vel
1918 415 2111 455 minorem
2138 417 2326 457 honorem

1282 474 1343 512 his
1359 488 1475 526 quam
1494 475 1576 514 illis
1590 475 1694 527 apud
1711 475 1880 527 aequales
1897 475 2028 523 fuisse,
2044 476 2107 514 vel
2123 478 2326 527 angustio-

1282 532 1393 571 ribus
1408 533 1585 572 terminis
1598 533 1739 572 horum
1757 546 1872 585 quam
1892 533 2050 572 illorum
2070 533 2208 572 samam
2223 536 2326 586 apud

1282 599 1457 641 posteros
1483 591 1649 639 includi,
1671 605 1732 631 res
1755 601 1814 631 est
1843 592 2071 632 certissima.
2102 592 2280 644 Denique
2305 607 2328 632 a

1280 648 1356 686 fide
1373 648 1555 688 abhorret
1568 650 1675 701 quod
1694 650 1889 701 Diogenes
1904 650 2082 690 Laertius
2099 652 2230 690 nescio
2247 666 2325 703 quo

1282 716 1437 747 auctore
1466 709 1587 747 tradit
1614 709 1836 748 Philolaum
1872 709 2118 761 tyrannidem
2145 711 2327 750 affectare

1280 766 1469 804 creditum
1495 780 1518 804 a
1538 766 1775 807 Crotoniatis
1790 768 2034 807 interfectum
2054 782 2138 808 esse
2151 769 2271 822 (121).

1279 823 1393 870 Quod
1411 837 1506 863 vero
1517 838 1636 876 supra
1652 826 1734 864 dixi
1751 826 1920 865 Philolai
1938 840 2038 879 opus
2053 827 2095 865 in
2112 835 2190 867 tres
2202 828 2326 868 libros

1279 882 1451 922 divisum
1472 883 1590 922 fuisse
1603 913 1614 932 ,
1634 884 1674 923 id
1695 884 1955 936 probabiliter
1976 886 2137 936 colligas
2151 899 2173 925 e
2195 887 2326 926 libro-

1280 955 1367 981 rum
1405 943 1565 981 illorum
1614 944 1944 996 inscriptionibus
1983 944 2105 998 (ηπ).
2153 946 2329 999 Apparet

1279 1002 1383 1040 enim
1411 1002 1583 1054 primum
1611 1002 1758 1041 librum
1778 1005 1827 1042 de
1847 1004 1993 1043 mundo
2020 1004 2118 1057 (περὶ
2146 1005 2322 1059 κόσμου),

1279 1061 1491 1100 secundum
1505 1061 1553 1100 de
1565 1074 1694 1100 rerum
1711 1071 1849 1101 natura
1863 1062 1963 1115 (περὶ
1976 1062 2129 1116 φύσεως)
2143 1064 2326 1116 adjuncta

1279 1119 1536 1159 subtilissima
1553 1120 1600 1159 de
1616 1121 1789 1160 numeris
1807 1121 2071 1173 disputatione
2083 1151 2093 1170 ,
2111 1132 2155 1162 ut
2175 1125 2216 1162 in
2237 1124 2326 1164 Pla·

1278 1178 1382 1216 tonis
1412 1178 1584 1228 Timaeo,
1616 1182 1771 1218 tertium
1805 1180 1854 1218 de
1886 1182 2019 1219 anima
2053 1182 2157 1236 (περὶ
2188 1184 2324 1236 ψυχῆς)

1279 1237 1536 1287 compositum
1574 1237 1707 1277 fuisse.
1734 1238 1820 1284 Qua
1858 1239 1900 1277 in
1921 1252 1964 1277 re
1985 1239 2097 1278 nobis
2127 1254 2206 1278 non
2236 1252 2326 1281 sunt

1278 1295 1510 1345 negligenda
1534 1310 1620 1347 quae
1645 1297 1882 1336 Claudianus
1914 1297 2122 1337 Mamertus
2147 1300 2204 1339 De
2226 1310 2326 1339 statu

1278 1354 1418 1392 animae
1437 1354 1510 1395 lib.
1540 1354 1592 1402 11,
1621 1369 1706 1407 cap.
1731 1358 1752 1394 3
1786 1369 1834 1395 ex
1867 1356 1955 1408 ipso
1982 1357 2184 1396 volumine
2206 1361 2327 1411 petita

1278 1414 1499 1452 summatim
1524 1415 1771 1467 perscripsit.
1805 1432 1820 1450 κ
1853 1415 2087 1467 Pythagorae
2106 1417 2236 1467 igitur,
2265 1420 2325 1457 in-

1277 1472 1385 1522 quit,
1408 1472 1501 1523 quia
1535 1473 1634 1511 nihil
1664 1474 1748 1525 ipse
1767 1474 2078 1526 scriptitaverat‚
2107 1490 2130 1514 a
2158 1481 2325 1529 posteris

1277 1531 1485 1581 quaerenda
1515 1533 1707 1571 sententia
1734 1541 1820 1572 est:
1843 1533 1886 1572 in
1911 1533 2056 1585 quibus
2085 1537 2146 1574 vel
2174 1539 2326 1589 potissi-

1277 1602 1383 1628 mum
1411 1589 1594 1629 floruisse
1617 1590 1840 1630 Philolaum
1869 1593 2024 1644 reperio
2044 1593 2322 1647 Tarentinum,

1276 1648 1344 1699 qui
1365 1648 1498 1687 multis
1517 1648 1789 1689 voluminibus
1805 1650 1853 1689 de
1872 1651 2137 1702 intelligendis
2152 1654 2269 1695 rebus
2288 1667 2326 1696 ct

1275 1707 1372 1758 quid
1387 1721 1551 1759 quaeque
1567 1708 1809 1759 significent,
1828 1710 1977 1762 oppido
1995 1711 2161 1752 obscure
2181 1715 2325 1755 disser-

1276 1774 1383 1815 tans,
1401 1767 1630 1820 priusquam
1649 1767 1698 1807 de
1721 1770 1862 1807 animae
1888 1769 2103 1809 substantia
2121 1771 2322 1825 decernat,

1275 1824 1324 1862 de
1347 1826 1543 1865 mensuris
1556 1856 1568 1877 ,
1587 1826 1831 1878 ponderibus
1848 1836 1888 1867 et
1912 1829 2085 1868 numeris
2099 1829 2213 1881 juxta
2234 1846 2323 1882 geo-

1275 1885 1473 1923 metricam
1486 1914 1498 1936 ,
1515 1885 1702 1924 musicam
1720 1885 1836 1939 ‘atque
1858 1887 2139 1927 arithmeticam
2159 1891 2323 1932 mirifice

1274 1942 1472 1995 disputat,
1499 1957 1571 1997 per
1604 1944 1688 1984 haec
1718 1947 1854 1985 omnia
1880 1946 2108 1986 universum
2129 1950 2323 1991 exstitisse

1275 2003 1525 2051 confirmans.
1547 2021 1564 2038 α
1584 2003 1691 2043 ldem
1718 2004 1893 2056 ejusdem
1923 2005 2018 2045 libri
2035 2007 2162 2060 capite
2186 2023 2206 2057 7
2234 2010 2288 2048 ait
2311 2026 2319 2049 :

1279 2078 1296 2095 α
1314 2061 1425 2101 Nunc
1441 2062 1488 2101 ad
1501 2061 1721 2102 Philolaum
1739 2063 1868 2112 redeo,
1887 2077 1910 2102 a
1926 2078 2005 2116 quo
2018 2065 2165 2104 dudum
2181 2080 2322 2119 magno

1274 2119 1484 2160 intervallo
1501 2121 1700 2172 digressus
1723 2135 1833 2171 sum,
1857 2123 1926 2174 qui
1948 2124 1989 2161 in
2019 2125 2135 2163 tertio
2154 2126 2321 2167 volumi·
2364 2146 2368 2148 -

1274 2192 1366 2217 num
1378 2208 1389 2227 ,
1408 2193 1494 2231 quae
1508 2181 1648 2233 ῥυθμῶν
1668 2180 1729 2219 καὶ
1745 2180 1880 2234 μέτρων
1901 2192 2107 2234 praenotat,
2126 2184 2174 2223 de
2193 2187 2321 2226 anima

1274 2237 1442 2277 humana
1454 2239 1511 2278 sic
1524 2239 1712 2290 loquitur.
1731 2239 1816 2279 Non
1825 2254 1898 2291 ego
1906 2255 2009 2280 nunc
2027 2244 2221 2283 rationum
2241 2255 2321 2284 tra-

1274 2296 1406 2335 mitem
1437 2305 1476 2335 et
1507 2298 1812 2337 nexuosissimas
1840 2301 2099 2351 quaestionum
2136 2305 2320 2343 minutias

1275 2355 1462 2403 revolvo,
1483 2355 1628 2407 quibus
1647 2356 1728 2395 haec
1756 2357 1999 2410 probabilia,
2019 2360 2182 2400 Platone
2213 2364 2317 2415 (123)

1274 2425 1355 2451 non
1379 2412 1613 2452 adversante
1631 2414 1836 2455 Philolaus
1851 2417 1971 2456 efficit
1988 2429 1999 2455 :
2019 2418 2059 2456 in
2074 2433 2160 2470 quae
2179 2421 2212 2459 si
2230 2423 2320 2473 quis

1272 2471 1334 2510 vel
1356 2472 1581 2511 curiositate
1614 2474 1677 2512 vel
1707 2474 1838 2514 studio
1872 2475 1972 2515 forte
2003 2476 2250 2528 flagraverit,
2271 2481 2320 2520 de

1272 2532 1358 2582 ipso
1386 2531 1535 2570 scilicet
1572 2532 1676 2572 fonte
1710 2533 1877 2577 hauriet.
1907 2553 1924 2571 υ
1963 2535 2091 2583 Quum
2119 2547 2246 2578 autem
2277 2542 2318 2581 in

1272 2587 1399 2627 tribus
1420 2588 1501 2628 illis
1520 2588 1568 2629 de
1599 2604 1729 2630 rerum
1759 2601 1898 2632 natura
1924 2597 2319 2638 commentationibus

1271 2659 1372 2699 saepc
1398 2648 1531 2699 paullo
1562 2648 1769 2691 obscurius
1806 2652 2166 2707 philosopharetur,
2203 2666 2245 2696 ut
2268 2659 2316 2697 ad

1270 2801 1323 2832 καὶ
1339 2801 1496 2840 Φιλόλαος
1511 2803 1600 2845 μόνοι
1612 2808 1666 2844 τῆς
1678 2806 1838 2848 εἰρημένης
1852 2812 2011 2852 συμφορᾶς
2023 2814 2087 2843 τῶν
2098 2812 2317 2856 Πυθαγορείων

1268 2848 1487 2887 διτσιώθησαν.
1507 2851 1591 2893 Πρὸς
1605 2852 1660 2885 τὸν
1672 2853 1773 2887 Λύσιν
1786 2854 1820 2887 ἃ
1837 2858 1947 2889 τοῦτον
1964 2857 2098 2891 Πλάτων
2116 2864 2251 2894 ποιεῖται
2263 2864 2316 2895 τὸν

1268 2894 1424 2936 διάλογον.
1441 2914 1484 2923 -
1500 2895 1590 2937 (120)
1606 2898 1751 2933 AEllanus
1764 2908 1832 2933 var.
1857 2901 1936 2936 hist.
1963 2902 2018 2935 nb.
2038 2906 2065 2946 l,
2089 2908 2129 2939 23
2148 2918 2156 2939 ε
2179 2906 2232 2940 Ἐν
2250 2915 2316 2947 τοῖς

1267 2942 1398 2980 Ἕλλησι
1412 2946 1476 2981 τοῖς
1494 2944 1591 2977 πάλαι
1606 2950 1712 2989 μακρᾷ
1729 2951 1768 2990 τῇ
1785 2948 1857 2991 δόξῃ
1876 2950 2020 2992 διέπρτπι
2040 2952 2169 2995 Γοργίας
2182 2956 2201 2987 ὀ
2217 2958 2314 2989 Διον-

1268 2993 1350 3027 τῖνος
1366 2990 1524 3024 Φιλολάου
1540 2993 1594 3025 καὶ
1620 2994 1832 3037 Πρωταγόρας
1858 2997 2078 3039 Δημοκρίτου,
2097 3003 2136 3041 τῇ
2164 3001 2196 3033 δι
2221 3005 2315 3045 σοφίᾳ

1266 3041 1420 3071 τοσοῦτον
1440 3039 1611 3081 ίλιίποντο,
1628 3040 1704 3074 ὅσον
1725 3042 1843 3085 ἀνδρῶν
1861 3044 1983 3081 παῖδας.
1994 3063 2035 3072 -
2051 3046 2139 3086 (121)
2158 3048 2317 3087 Diogenes

1268 3084 1413 3118 Laertius
1428 3084 1486 3119 ub.
1507 3087 1597 3129 vlu,
1612 3090 1650 3121 ⁸4
1673 3101 1682 3122 t
1701 3090 1865 3123 Ἐτελεύτα
1887 3091 1920 3124 at
1943 3093 2100 3133 νομισθτὶς
2124 3095 2312 3128 ἐπιτίθεσθαι

1266 3131 1429 3174 τυραννίδι.
1450 3133 1513 3166 Καὶ
1527 3135 1616 3175 ἡμῶν
1632 3134 1715 3168 ἐστιν
1733 3137 1776 3174 sl<
1789 3136 1896 3170 αὐτόν·
1912 3139 1978 3176 Τὴν
1993 3139 2144 3173 ὑπόνοιαν
2160 3144 2238 3175 πᾶσι
2255 3145 2311 3184 μα’-

1266 3178 1358 3212 λιστα
1378 3179 1461 3221 λέγω
1479 3181 1657 3223 θιραπιύιιν
1670 3193 1680 3202 ·
1704 3184 1732 3216 sl
1756 3184 1817 3225 γὰρ
1838 3185 1892 3216 καί
1917 3186 1960 3226 μὴ
1982 3186 2073 3227 δρᾶς,
2092 3187 2170 3220 ἀλλὰ
2193 3190 2311 3230 δοκεῖς,

1266 3225 1401 3268 &rvr-stc.
1424 3228 1519 3260 Οὕτω
1535 3232 1589 3260 καί
1610 3229 1766 3263 Φιλόλαον
1782 3230 1882 3264 ἀνιῖλι
1901 3231 2030 3273 Κρότων
2047 3234 2123 3266 ποτὰ
2139 3235 2256 3276 πάτρη,
2270 3238 2312 3274 ὥς

1266 3283 1318 3315 μιν
1341 3273 1425 3311 ἄδοξα
1448 3275 1545 3308 Οίλιιν
1566 3276 1659 3317 δῶμα
1686 3278 1832 3320 τύραννον
1858 3280 1950 3321 ἆχιιν.
1981 3280 2172 3312 con-feratur
2197 3282 2312 3315 suidas

1265 3325 1335 3398 Joc-
1347 3319 1480 3399 <Corvum
1493 3324 1525 3356 el
1540 3323 1712 3365 Φιλόλαοςς
1730 3325 1807 3358 ilem
1823 3326 1952 3359 Anthol.
1970 3326 2033 3359 vol.
2048 3327 2075 3366 l,
2090 3335 2160 3368 pag.
2183 3330 2243 3361 ³⁴²
2257 3329 2307 3363 ed.

1287 3374 1346 3398 ιω
1388 3390 1395 3399 .

1306 3414 1398 3454 (122)
1419 3414 1501 3448 Vide
1521 3415 1632 3450 adnot.
1650 3418 1690 3451 ad
1706 3419 1893 3460 fragmenta.
1913 3420 2054 3462 -(12³)
2075 3421 2220 3455 Platone
2241 3430 2309 3457 non

1266 3458 1477 3495 adversam
1505 3463 1620 3503 pecul,
1647 3473 1749 3506 quum
1767 3467 1799 3499 ln
1821 3466 2016 3499 membranis
2040 3466 2186 3509 legantur
2210 3477 2309 3505 voces

1266 3510 1430 3549 corrupte
1448 3508 1540 3550 thd
1554 3509 1644 3545 rom
1667 3511 1885 3546 adversante.

2170 3572 2198 3603 b.

1466 3647 1496 3667 s
