2638 3840
313 317 382 350 100
1131 302 1598 344 PYTHAGOREORUM

306 398 390 450 πρὸς
416 397 601 445 ἀλλήλους,
633 393 903 447 δημοκρατικόν.
961 391 1174 445 Συνέρχεται
1207 390 1274 444 γὰρ
1292 393 1342 445 τῷ

307 456 404 503 θήλει
423 456 462 495 τὸ
488 457 588 509 ἄῤῥεν
622 454 712 494 κατὰ
732 454 834 492 πόθον
865 450 1085 501 τεκνώσεως,
1115 449 1175 488 καὶ
1203 453 1265 497 τῆς
1283 453 1343 490 τοῦ

306 513 423 564 γένους
458 515 637 564 διαμονῆς·
673 513 827 565 ἐφίεσθαι
856 510 921 562 γὰρ
949 509 1108 561 ἑκάτερον
1135 509 1341 560 γεννήσεως.

307 573 549 611 Συνελθόντων
567 572 601 610 δὲ
623 571 681 610 καὶ
701 568 859 620 συνεργὸν
882 570 943 614 τῆς
965 566 1142 611 κοινωνίας
1158 569 1343 620 προσλαμ-

309 628 508 680 ὅανομένων
522 659 533 679 ,
557 628 624 667 εἴτε
652 628 748 680 φύσει
769 627 899 673 δοῦλον,
931 623 1098 678 (ἰσχυρὸν
1121 624 1184 675 μὲν
1203 627 1253 677 τῷ
1275 624 1343 663 σώ-

309 703 394 739 ματι
408 688 492 740 πρὸς
514 687 723 739 ὑπηρεσίαν,
742 688 833 732 νωθῆ
853 684 887 723 δὲ
907 684 966 723 καὶ
984 686 1060 722 καθ’
1079 683 1201 723 ἑαυτὸν
1215 683 1343 723 ἀδύνα-

307 762 364 785 τον
394 748 513 792 διαζῆν
533 740 561 798 ᾧ
581 746 620 785 τὸ
647 745 813 797 ἄρχεσθαι
846 743 1052 795 συμφέρει,)
1074 742 1143 781 εἴτε
1170 743 1229 782 καὶ
1247 742 1342 796 νόμῳ

307 806 444 852 δοῦλον,
464 807 502 843 ἐκ
523 808 583 851 τῆς
611 803 667 842 ἐπὶ
686 803 724 840 τὸ
744 802 827 840 αὐτὸ
852 802 995 841 συνόδου
1010 831 1019 849 ,
1040 801 1099 840 καὶ
1121 804 1182 848 τῆς
1202 802 1341 840 πάντων

307 864 392 915 πρὸς
438 863 471 901 ἓν
502 861 673 915 συμφέρον
705 860 917 913 προμηθείας
931 890 940 908 ,
972 854 1064 899 οἶκον
1101 861 1339 901 συνίστασθαι.

306 920 437 960 Τούτου
461 921 495 959 δὲ
525 920 587 966 τὴν
617 919 729 971 ἀρχὴν
750 918 842 957 κατὰ
875 918 977 972 φύσιν
1010 918 1101 971 ἔχειν
1132 918 1190 957 τὸν
1221 918 1341 971 ἄνδρα.

307 980 359 1018 Τὸ
373 979 438 1031 γὰρ
461 979 677 1030 βουλευτικὸν
699 980 733 1016 ἐν
757 977 894 1029 γυναικὶ
914 978 977 1028 μὲν
995 983 1123 1030 χεῖρον,
1141 978 1174 1015 ἓν
1194 978 1296 1015 παισὶ
1315 978 1344 1015 δ’

307 1037 461 1085 οὐδέπω,
492 1036 571 1088 περὶ
601 1036 739 1080 δούλους
764 1037 834 1074 οὐδ’
857 1034 960 1080 ὅλως·
982 1036 1045 1084 τὴν
1075 1037 1104 1074 δ’
1124 1036 1344 1086 οἰκονομικὴν

307 1094 488 1148 φρόνησιν,
516 1094 728 1142 διοικητικὴν
750 1088 857 1133 οὖσαν
891 1097 998 1133 αὐτοῦ
1031 1110 1068 1132 τε
1100 1093 1246 1132 καὶτῶν
1265 1096 1343 1133 κατ’

307 1148 420 1202 οἷκον,
440 1153 569 1191 οἰκείαν
599 1153 719 1205 ἀνδρὸς
740 1153 924 1205 ὑπάρχειν.
1002 1151 1145 1199 Ταύτης
1165 1152 1200 1190 δὲ
1221 1153 1260 1190 τὸ
1280 1152 1342 1203 μὲν

308 1206 395 1251 εἶναι
415 1213 598 1264 πατρικόν,
615 1211 653 1249 τὸ
670 1211 706 1249 δὲ
722 1211 869 1263 γαμικόν
880 1241 890 1259 ,
906 1211 945 1250 τὸ
962 1211 997 1249 δὲ
1014 1210 1232 1258 δεσποτικόν,
1250 1209 1289 1249 τὸ
1309 1210 1344 1249 δὲ

307 1270 596 1324 χρηματιστικόν.
635 1270 713 1308 Δεῖν
730 1269 812 1323 γάρ,
832 1269 952 1323 ὥσπερ
975 1263 1122 1323 στρατιᾷ
1142 1267 1204 1320 μὲν
1228 1285 1344 1323 παρα-

307 1332 442 1376 σκευῆς,
453 1328 552 1367 πόλει
570 1328 606 1366 δὲ
622 1328 812 1380 προσόδων,
828 1327 934 1381 τέχνῃ
952 1329 981 1366 δ’
1001 1327 1170 1380 ὀργάνων,
1183 1326 1272 1365 οὕτω
1286 1326 1346 1365 καὶ

307 1388 391 1441 οἴκῳ
411 1390 478 1426 τῶν
510 1386 721 1438 ἀναγκαίων.
779 1386 890 1426 Διττὰ
911 1386 946 1425 δὲ
977 1390 1109 1433 ταῦτα,
1136 1385 1221 1438 πρός
1249 1401 1284 1424 τε
1306 1387 1345 1423 τὸ

306 1446 495 1498 κοινότερον
513 1448 588 1493 ζῆν,
609 1445 669 1484 καὶ
696 1445 782 1498 πρὸς
795 1445 834 1484 τὸ
851 1438 906 1485 εὖ.
962 1445 1104 1485 Τούτων
1123 1444 1191 1496 γὰρ
1207 1446 1344 1498 πρῶτον

307 1504 397 1556 ἔχειν
431 1506 481 1543 δεῖ
511 1504 673 1557 πρόνοιαν
697 1504 758 1543 τὸν
780 1503 1014 1556 οἰκονομικόν,
1035 1504 1058 1550 ἢ
1075 1504 1137 1547 τὰς
1155 1505 1346 1556 προσόδους

308 1563 454 1609 αὔξοντα
480 1563 535 1601 διὰ
563 1565 744 1616 πορισμῶν
767 1562 1026 1617 ἐλευθερίων,ἢ
1047 1562 1092 1601 τὰ
1109 1562 1345 1613 δαπανήματα

309 1622 549 1662 συστέλλοντα·
570 1621 730 1673 μέγιστον
747 1623 814 1675 γὰρ
828 1626 930 1661 τοῦτο
946 1623 984 1662 τὸ
1003 1622 1191 1675 κεφάλαιον
1212 1625 1274 1669 τῆς
1294 1623 1346 1660 οἷ-

309 1684 509 1732 κονομικῆς.
578 1682 633 1720 Δι’
653 1680 748 1719 &mi
759 1682 899 1719 πολλῶν
915 1680 1078 1732 ἔμπειρον
1099 1674 1189 1718 εἶναι
1208 1679 1266 1718 τὸν
1286 1683 1346 1719 οἷ-

307 1739 508 1790 κονομικόν,
529 1739 721 1792 γεωργίας,
757 1739 968 1792 προὸατείας
987 1767 997 1786 ,
1032 1738 1257 1789 μεταλλείας,
1291 1738 1348 1776 ἵνα

308 1798 386 1842 τοὺς
414 1798 720 1842 λυσιτελεστάτους
752 1797 829 1849 ἅμα
854 1797 914 1836 καὶ
942 1796 1176 1841 δικαιοτάτους
1194 1797 1348 1850 καρποὺς

309 1856 557 1910 διαγιγνώσκῃ.
626 1858 700 1904 Τῆς
720 1855 759 1894 δὲ
786 1858 1067 1908 χρηματιστικῆς
1095 1856 1158 1903 τὴν
1176 1855 1239 1904 μὲν
1260 1849 1347 1894 εἶναι

309 1913 475 1967 κρείττω,
508 1914 572 1961 τὴν
613 1914 649 1953 δὲ
679 1914 800 1967 χείρω.
860 1914 1019 1964 Κρείττω
1052 1914 1116 1964 μὲν
1149 1913 1212 1960 τὴν
1245 1913 1348 1966 φύσει

307 1973 532 2024 γιγνομένην,
555 1972 664 2026 χείρω
684 1973 719 2011 δὲ
739 1972 804 2020 τὴν
832 1973 889 2012 διὰ
908 1975 1121 2020 καπηλικῆς.
1149 1972 1221 2011 Καὶ
1236 1977 1347 2011 ταῦτα

310 2031 372 2082 μὲν
392 2032 472 2083 περὶ
490 2035 550 2079 τῆς
565 2033 784 2082 οἰκονομικῆς
811 2031 977 2084 εἰρημένα
999 2031 1139 2083 ἀπόχρη
1155 2030 1223 2071 ²⁷⁰.

310 2168 406 2197 aucto
437 2165 550 2197 civitas
569 2164 682 2197 oritur.
711 2165 868 2203 Quocirca
892 2163 1165 2205 quemadmodum
1192 2172 1210 2196 e
1230 2163 1348 2196 familia

311 2222 422 2255 civitas
433 2246 443 2262 ,
455 2223 500 2255 sic
516 2223 612 2255 etiam
629 2223 806 2264 respublica
828 2223 1042 2264 proseminata
1058 2224 1121 2256 est.
1155 2222 1248 2255 Cerni
1264 2223 1349 2255 enim

311 2282 342 2313 in
376 2282 493 2314 familia
527 2283 617 2324 quasi
647 2282 925 2315 adumbrationem
962 2282 1123 2324 quandam
1152 2292 1217 2316 non
1247 2282 1349 2324 magis

312 2341 396 2381 regni
414 2350 509 2382 quam
519 2341 720 2383 optimatium
734 2341 917 2374 dominatus
931 2342 963 2374 et
977 2341 1139 2383 popularis
1150 2341 1346 2383 reipublicae.

312 2401 392 2431 Nam
410 2402 578 2441 parentum
598 2400 725 2441 quidem
740 2410 814 2433 cum
832 2400 940 2433 liberis
952 2401 1084 2434 societas
1100 2402 1188 2442 regni
1207 2402 1345 2441 speciem

313 2458 433 2498 praebet
447 2482 456 2498 ,
483 2459 673 2491 maritorum
692 2468 766 2491 cum
786 2460 943 2492 uxoribus
965 2459 1172 2501 optimatium
1191 2459 1350 2500 civitatis,

312 2516 483 2548 liberorum
497 2517 631 2557 denique
649 2518 731 2550 inter
745 2526 780 2550 se
797 2518 927 2550 rationis
945 2518 1120 2559 popularis.
1139 2518 1266 2559 Quippe
1283 2527 1350 2551 mas

314 2583 388 2605 cum
416 2575 529 2606 femina
553 2575 755 2615 congreditur
778 2578 847 2608 tum
876 2577 1050 2609 liberorum
1079 2577 1350 2618 procreandorum

314 2634 385 2663 tum
406 2633 528 2672 generis
547 2633 740 2674 propagandi
760 2642 868 2676 causa,
884 2635 1037 2675 quoniam
1055 2638 1190 2676 uterque
1203 2636 1350 2677 gignendi

318 2689 491 2729 cupiditate
514 2690 633 2730 flagrat.
691 2691 752 2729 Qui
775 2693 944 2732 postquam
972 2694 1133 2734 congressi
1160 2697 1236 2726 sunt
1255 2697 1352 2734 atque

316 2747 349 2778 in
364 2746 547 2779 societatem
566 2750 787 2781 assumserunt
803 2750 907 2782 victus
923 2751 1102 2791 quotidiani
1128 2751 1350 2783 administrum

318 2805 386 2836 sive
399 2807 511 2837 natura
527 2813 653 2837 servum
663 2829 673 2846 ,
693 2807 749 2846 (ut
757 2815 888 2847 corpore
901 2808 940 2839 ad
951 2809 1165 2841 ministerium
1180 2809 1351 2850 valentem,

319 2866 362 2897 ita
393 2867 519 2906 propter
536 2865 654 2905 ingenii
681 2866 884 2907 tarditatem,
903 2877 1003 2908 quum
1032 2877 1086 2910 per
1103 2878 1137 2902 se
1166 2870 1273 2902 vivere
1289 2878 1353 2902 non

319 2923 436 2964 possit,
455 2923 619 2955 dominum
646 2924 894 2965 requirentem,)
913 2926 982 2958 sive
999 2927 1094 2959 etiam
1116 2928 1184 2968 lege
1205 2936 1346 2968 servum,

319 2991 361 3014 cx
379 2982 441 3014 hoc
457 2983 616 3014 conventu
635 2983 843 3024 omniumque
860 2993 965 3016 rerum
994 2994 1069 3018 cura
1088 2986 1127 3018 ad
1148 2996 1352 3019 communem

320 3040 488 3078 utilitatem
517 3041 614 3072 relata
642 3041 773 3073 conflari
810 3043 906 3082 atque
923 3043 1002 3075 effici
1025 3044 1186 3077 familiam.
1247 3046 1353 3086 Hujus

320 3100 426 3130 autem
454 3098 666 3139 principatum
691 3099 866 3131 secundum
889 3102 1035 3133 naturam
1056 3102 1161 3134 virum
1186 3104 1350 3144 obtinere,

321 3157 395 3196 quia
411 3157 577 3188 consilium
597 3156 711 3189 mulier
727 3157 856 3197 quidem
883 3158 1023 3191 deterius
1041 3159 1173 3201 habeat,
1190 3162 1278 3201 pueri
1298 3171 1355 3193 au-

321 3211 384 3241 tem
396 3210 549 3249 nondum,
567 3209 651 3241 servi
673 3217 746 3241 vero
769 3219 948 3251 nequaqam
961 3235 970 3251 ,
987 3213 1019 3243 et
1036 3211 1155 3244 idcirco
1171 3214 1275 3245 omnis
1297 3215 1356 3254 pri-

323 3270 406 3299 vatoe
425 3268 500 3299 vitae
514 3267 593 3299 ratio
609 3267 736 3308 propria
753 3268 811 3300 viri
829 3268 870 3300 sit
888 3272 987 3301 semet
1006 3269 1108 3310 ipsum
1125 3273 1156 3302 et
1175 3279 1241 3302 rem
1262 3271 1355 3303 sami-

321 3325 430 3356 liarem
448 3325 578 3356 tuentis.
625 3327 702 3356 Eam
718 3334 811 3366 porro
830 3326 947 3366 partim
964 3335 1032 3358 esse
1051 3328 1225 3368 paternam,
1240 3330 1355 3368 partim

322 3383 506 3424 nuptialem,
523 3384 636 3424 partim
652 3384 782 3417 herilem
792 3408 801 3424 ,
818 3385 933 3425 partim
943 3387 1172 3427 quaestuosam.
1186 3388 1266 3419 Nam
1280 3397 1357 3428 quo-

323 3440 418 3472 modo
436 3442 591 3474 exercitus
606 3446 811 3483 apparatum,
826 3443 939 3475 civitas
960 3444 1146 3484 vectigalia,
1162 3453 1215 3477 ars
1233 3444 1353 3478 instru-

324 3499 430 3531 menta
444 3498 608 3540 desideret,
623 3500 669 3533 sic
686 3500 836 3535 familiam
857 3501 949 3535 rebus
969 3501 1154 3536 necessariis
1170 3512 1271 3545 egere,
1287 3505 1351 3537 Has

1459 390 1551 445 Περὶ
1576 392 1613 430 δὲ
1639 392 1820 439 πολιτικῆς
1839 392 1939 429 ταῦτ’
1959 390 2000 429 ἂν
2020 390 2074 439 εἴη
2094 392 2279 445 κεφάλαια’
2305 394 2443 445 πρῶτον

1406 449 1469 501 μὲν
1495 449 1548 488 ὅτι
1577 449 1790 498 συνέστησαν
1820 451 1856 488 αἱ
1880 449 1999 494 πόλεις
2020 452 2064 502 τῇ
2093 450 2157 501 μὲν
2187 449 2245 490 διὰ
2275 451 2316 491 τὸ
2343 450 2446 505 φύσει

1405 509 1601 547 κοινωνικὸν
1615 500 1704 547 εἶναι
1718 508 1776 547 τὸν
1791 508 1982 560 ἄνθρωπον,
1998 510 2041 561 τῇ
2057 508 2092 547 δὲ
2113 508 2170 547 διὰ
2189 509 2229 548 τὸ
2247 509 2438 562 συμφέρον.

1407 560 1495 606 Εἶτα
1523 566 1575 606 ὅτι
1605 570 1627 614 ἡ
1644 566 1843 613 τελειοτάτη
1863 565 2026 605 κοινωνία
2054 565 2153 611 πόλις
2183 566 2273 617 ἐστί,
2303 568 2364 607 καὶ
2390 567 2441 607 ὅτι

1406 625 1548 673 πολίτης
1569 625 1673 670 ἐστίν,
1688 618 1717 676 ᾧ
1739 623 1881 675 μέτεστι
1897 627 2078 671 πολιτικῆς
2103 626 2214 679 ἀρχῆς
2225 624 2294 666 ²⁷⁷.
2330 626 2439 666 Πόλις

1406 682 1441 723 δὲ
1468 683 1507 723 τὸ
1527 685 1566 723 ἐκ
1579 686 1647 723 τῶν
1667 683 1827 722 τοιούτων
1847 685 1977 730 πλῆθος
1993 682 2111 722 ἱκανὸν
2133 682 2219 735 πρὸς
2235 682 2445 737 αὗτάρκιιαν

1406 744 1508 791 ζωῆς.
1567 744 1601 782 Τ
1603 746 1641 781 οὔ
1670 741 1707 780 δὲ
1741 741 1892 788 πλήθους
1922 739 1998 792 ὅρον
2035 734 2124 779 εἶναι
2154 743 2323 792 τοιοῦτον,
2356 739 2447 781 ὥστε

1407 803 1496 853 μήτε
1531 801 1595 849 τὴν
1632 801 1734 841 πόλιν
1767 802 1960 851 ἀσυμπαθῆ
1973 829 1983 847 ,
2026 799 2109 850 μήτ’
2145 798 2446 854 εὐκαταφρόνητον

1409 861 1600 915 ὑπάρχειν,
1633 860 1918 913 παρεσκευάσθαι
1938 859 1974 898 δὲ
1993 859 2053 898 καὶ
2081 858 2125 897 τὰ
2153 859 2238 911 πρὸς
2264 859 2330 908 τὴν
2354 859 2445 908 ζωὴν

1407 921 1572 964 ἀνενδεῶς
1586 949 1596 967 ,
1615 919 1675 957 καὶ
1694 918 1738 957 τὰ
1757 917 1844 971 πρὸς
1866 918 1945 962 τοὺς
1972 917 2094 963 ἔξωθεν
2122 917 2280 963 ἐπιόντας
2302 921 2442 964 ἱκανῶς.

1408 972 1509 1018 Εἶναι
1529 978 1596 1031 γὰρ
1611 981 1673 1025 τῆς
1696 977 1895 1031 φρονήσεως
1921 976 1959 1015 τὸ
1994 976 2057 1026 μὲν
2078 977 2323 1028 οἰκονομικόν,
2349 977 2390 1016 τὸ
2408 978 2444 1017 δὲ

1406 1036 1625 1087 νομοθετικόν
1637 1066 1647 1084 ,
1665 1035 1704 1074 τὸ
1725 1035 1760 1074 δὲ
1780 1034 1970 1083 πολιτικόν,
1989 1034 2028 1074 τὸ
2049 1033 2084 1073 δὲ
2103 1035 2349 1087 στρατηγικόν.
2371 1037 2443 1076 Οἶ-

1408 1095 1593 1144 κονομικὸν
1619 1094 1696 1146 μέν,
1726 1097 1772 1139 ὡς
1791 1088 1901 1145 εἶπον,
1921 1094 1961 1133 τὸ
1982 1094 2191 1141 διοικητικὸν
2211 1096 2317 1134 αὐτοῦ
2335 1110 2372 1133 τε
2386 1094 2447 1134 καὶ

1405 1156 1473 1192 τῶν
1487 1154 1565 1206 περὶ
1582 1146 1686 1201 οἶκον,
1702 1152 1922 1203 νομοθετικὸν
1942 1152 2001 1200 δέ,
2017 1151 2057 1191 τὸ
2076 1151 2156 1205 περὶ
2171 1152 2234 1201 τὴν
2254 1153 2346 1193 θέσιν
2365 1168 2448 1192 και-

1406 1213 1472 1248 νῶν
1493 1211 1621 1260 νόμων,
1641 1210 1817 1249 πολιτικὸν
1839 1210 1898 1261 δέ,
1919 1210 1959 1249 τὸ
1980 1213 2043 1257 τῆς
2067 1210 2199 1256 πόλεως
2220 1211 2443 1260 διοικητικόν,

1408 1269 1636 1320 στρατηγικὸν
1670 1268 1730 1317 δέ,
1759 1269 1799 1307 τὸ
1826 1268 1905 1322 περὶ
1924 1267 1987 1316 τὴν
2020 1269 2166 1323 θεωρίαν
2190 1269 2250 1308 καὶ
2279 1269 2445 1319 διοίκησιν

1406 1329 1473 1364 τῶν
1509 1327 1732 1381 στρατοπέδῳ
1761 1327 2022 1381 συμφερόντων.
2107 1327 2248 1381 Ἄρχειν
2278 1329 2311 1367 δ’
2340 1330 2448 1382 ἄναγ-

1406 1388 1504 1424 καῖον
1523 1388 1592 1424 τῶν
1613 1387 1748 1425 πόλεων
1766 1385 1789 1433 ἢ
1807 1386 1867 1424 ἕνα
1883 1386 1906 1433 ἢ
1920 1386 2054 1439 ὀλίγους
2069 1385 2092 1434 ἢ
2105 1386 2249 1431 πάντας.
2304 1386 2447 1427 Τούτων

1409 1445 1443 1482 δὲ
1461 1445 1604 1484 ἕκαστον
1629 1446 1735 1498 ὀρθῶς
1748 1445 1770 1492 ἢ
1785 1445 1924 1499 φαύλως
1945 1445 2049 1498 ἔχειν.
2106 1445 2243 1499 Ὀρθῶς
2257 1447 2320 1498 μέν
2331 1476 2343 1496 ,
2360 1446 2445 1486 ὅταν

1408 1505 1438 1541 οἱ
1460 1504 1622 1556 ἄρχοντες
1643 1508 1702 1542 τοῦ
1722 1508 1819 1558 κοινῇ
1838 1506 2071 1558 συμφέροντος
2089 1505 2340 1558 στοχάζωνται·
2358 1505 2447 1559 φαύ-

1407 1562 1475 1606 λως
1494 1561 1554 1610 δέ,
1577 1562 1658 1601 ὅταν
1681 1566 1740 1601 τοῦ
1755 1563 1852 1602 ἰδίου.
1907 1563 1958 1603 Τὸ
1972 1564 2007 1602 δὲ
2021 1565 2149 1616 φαῦλον
2164 1562 2365 1616 παράὸασιν
2384 1557 2444 1602 εἶ-

1408 1636 1466 1658 ναι
1485 1624 1543 1658 τοῦ
1563 1622 1678 1673 ὀρθοῦ.
1737 1621 1925 1661 Βασιλείαν
1950 1621 2012 1673 μὲν
2029 1616 2088 1661 οῧν
2103 1621 2163 1660 καὶ
2178 1622 2446 1675 ἀριστοκρατίαν

1410 1678 1469 1718 καὶ
1484 1679 1719 1732 δημοκρατίαν
1735 1681 1888 1733 ἐφίεσθαι
1903 1684 1965 1719 τοῦ
1984 1682 2098 1733 ὀρθοῦ·
2118 1680 2306 1733 τυραννίδα
2327 1680 2364 1719 δὲ
2384 1681 2446 1719 καὶ

1408 1737 1611 1790 ὀλιγαρχίαν
1636 1739 1695 1777 καὶ
1718 1738 1948 1792 ὀχλοκρατίαν
1974 1742 2034 1778 τοῦ
2058 1740 2204 1792 φαύλου.
2261 1738 2447 1791 Γίγνεσθαι

1410 1795 1446 1834 δέ
1464 1811 1542 1835 τινα
1568 1796 1628 1835 καὶ
1654 1797 1779 1848 μικτὴν
1806 1803 1845 1836 ἐκ
1876 1799 1944 1836 τῶν
1969 1799 2076 1850 ὀρθῶν
2101 1798 2282 1836 πολιτειῶν
2313 1797 2443 1851 ἀρχήν.

1411 1855 1656 1903 Μεταὸάλλειν
1677 1854 1713 1894 δὲ
1731 1855 1794 1900 τὰς
1812 1855 1988 1900 πολιτείας
2003 1856 2171 1899 πολλάκις
2188 1855 2271 1908 πρὸς
2285 1855 2326 1895 τὸ
2344 1855 2445 1906 ἄμει·

1408 1930 1465 1953 νον
1480 1915 1540 1953 καὶ
1556 1915 1596 1954 τὸ
1611 1920 1741 1968 χεῖρον.
1768 1915 1925 1954 Καθόλου
1941 1915 1969 1954 δ’
1993 1914 2137 1967 ἀρίστην
2158 1907 2247 1952 εἶναι
2268 1913 2445 1953 πολιτείαν

1409 1973 1471 2020 τὴν
1502 1975 1580 2012 κατ’
1611 1973 1735 2026 ἀρετὴν
1761 1973 2104 2025 διακεκοσμημένην,
2127 1972 2304 2025 χειρίστην
2323 1971 2360 2011 δὲ
2383 1972 2446 2020 τὴν

1410 2032 1499 2071 κατὰ
1518 2031 1658 2073 κακίαν.

1410 2163 1543 2205 duplicis
1558 2172 1627 2196 esse
1642 2164 1764 2204 generis
1784 2172 1857 2195 cum
1883 2163 1922 2195 ad
1941 2172 2034 2204 parce
2056 2164 2127 2196 tum
2147 2163 2188 2196 ad
2218 2163 2305 2197 laute
2337 2164 2448 2198 viven-

1409 2222 1498 2254 dum.
1555 2222 1598 2254 Iis
1619 2221 1766 2254 videlicet
1787 2221 1926 2262 primum
1945 2221 2124 2262 prospicere
2141 2221 2238 2255 debet
2259 2221 2364 2254 bonus
2390 2231 2447 2263 pa-

1408 2280 1612 2320 terfamilias,
1642 2279 1694 2312 vel
1714 2279 1756 2311 ita
1772 2280 1809 2311 ut
1828 2279 1946 2312 reditus
1963 2279 2084 2312 liberali
2102 2282 2230 2320 quaestu
2250 2280 2448 2321 amplificet,

1410 2339 1461 2371 vel
1478 2340 1513 2370 ut
1523 2339 1649 2372 sumtus
1672 2337 1900 2378 circumcidat;
1923 2337 2080 2378 siquidem
2094 2337 2155 2370 hoc
2169 2339 2217 2370 est
2232 2340 2328 2380 caput
2345 2339 2448 2372 seien-

1411 2397 1465 2430 tiae
1489 2397 1690 2439 dispensandi
1716 2406 1768 2430 res
1790 2397 1992 2430 domesticas.
2045 2398 2202 2436 Quocirca
2234 2399 2360 2439 oportet
2390 2407 2444 2440 pe·

1409 2457 1507 2489 ritum
1526 2465 1636 2489 earum
1662 2456 1910 2496 dispensatorem
1927 2456 2043 2488 multas
2081 2465 2130 2489 res
2151 2456 2270 2489 habere
2296 2457 2449 2498 cognitas,
2504 2459 2508 2463 ’

1410 2515 1499 2547 verbi
1514 2515 1612 2555 gratia
1631 2513 1854 2555 agriculturam
1867 2539 1874 2553 ‚
1892 2514 2090 2555 pecuariam,
2106 2515 2306 2548 metallorum
2325 2519 2449 2548 scruta·

1410 2572 1550 2614 tionem,
1567 2573 1604 2605 ut
1622 2571 1779 2605 maximos
1799 2571 1969 2612 diligentiae
1996 2580 2065 2605 suae
2089 2572 2212 2605 fructus
2238 2572 2307 2606 siue
2337 2573 2451 2606 fraude

1413 2631 1576 2672 percipiat.
1620 2632 1769 2664 Ceterum
1783 2630 1926 2670 pecuniae
1943 2630 2126 2671 quaerendae
2146 2631 2300 2664 rationem
2317 2632 2449 2664 alteram

1411 2690 1660 2731 praestantiorem
1683 2697 1768 2729 esse,
1795 2689 1927 2722 alteram
1957 2689 2167 2730 deteriorem;
2197 2690 2450 2731 praestantiorem

1412 2757 1484 2789 quae
1510 2749 1623 2781 natura
1641 2748 1721 2780 duce
1745 2749 1952 2787 exerceatur,
1978 2747 2167 2780 deteriorem
2195 2756 2270 2789 qnae
2290 2747 2450 2781 institorio
2488 2765 2491 2767 >

1412 2805 1577 2837 innitatur.
1637 2795 1743 2846 Atque
1758 2805 1826 2838 haec
1841 2805 1969 2846 quidem
1991 2804 2031 2838 de
2056 2805 2101 2838 rei
2118 2805 2302 2839 domesticae
2315 2805 2450 2838 admini-

1413 2864 1565 2896 stratione
1581 2863 1664 2895 dicta
1677 2863 1848 2896 sufficiant.

1455 2924 1502 2954 De
1523 2922 1611 2955 civili
1623 2923 1730 2955 autem
1753 2921 1920 2963 prudentia
1935 2922 2002 2954 liaec
2022 2922 2181 2963 praecipue
2197 2922 2336 2956 notanda
2348 2925 2423 2955 sunt
2440 2935 2449 2956 :

1415 2982 1553 3022 primum
1571 2981 1700 3022 quidem
1714 2981 1859 3014 civitates
1875 2982 1945 3014 tum
1965 2981 2008 3013 ob
2024 2981 2202 3014 naturalem
2226 2981 2394 3014 hominum
2409 2981 2449 3014 ad

1415 3040 1599 3072 societatem
1615 3039 1875 3081 propensionem,
1897 3043 1966 3072 tum
1984 3040 2131 3072 utilitatis
2147 3049 2243 3072 causa
2261 3041 2450 3073 constituta?

1413 3107 1484 3131 esse
1503 3111 1510 3130 :
1529 3098 1644 3130 deinde
1660 3098 1917 3140 perfectissimam
1935 3098 2121 3131 societatem
2137 3099 2300 3132 civitatem
2319 3107 2387 3132 esse
2403 3099 2438 3131 at

1414 3166 1477 3198 qne
1494 3166 1569 3190 eum
1587 3166 1644 3198 pro
1655 3157 1725 3190 cive
1746 3157 1927 3190 habendum
1944 3157 1998 3198 qui
2015 3157 2236 3198 magistratum
2249 3159 2348 3198 gerat.
2395 3158 2452 3188 Est

1414 3223 1491 3248 vero
1506 3217 1618 3249 civitas
1633 3217 1747 3250 talium
1769 3215 1911 3248 virorum
1929 3216 1969 3247 acl
1987 3215 2087 3247 vitam
2114 3215 2281 3248 commode
2297 3215 2450 3256 agendam

1413 3274 1517 3313 justus
1535 3281 1697 3307 numerus.
1741 3266 1801 3307 Sed
1823 3263 1942 3314 justum
1960 3273 2050 3306 illum
2067 3282 2238 3306 numerum
2257 3273 2302 3306 ita
2314 3273 2450 3313 definiri,

1417 3333 1452 3364 ut
1474 3333 1585 3365 civitas
1609 3342 1714 3374 neque
1741 3332 1783 3365 ab
1809 3332 1878 3365 aliis
1908 3332 2097 3372 adjuvandis
2130 3332 2318 3372 abhorreat,
2349 3341 2452 3373 neque

1415 3391 1646 3423 contemnenda
1661 3391 1722 3431 sit,
1747 3399 1856 3424 verum
1874 3391 1949 3423 satis
1967 3391 2000 3423 et
2017 3390 2058 3422 ad
2071 3390 2150 3423 bene
2166 3390 2340 3423 vivendum
2361 3393 2394 3424 et
2411 3390 2452 3422 ad

1417 3446 1524 3480 hostes
1546 3449 1776 3490 propulsandos
1795 3449 1912 3482 valeat.
1955 3449 2011 3481 Est
2037 3447 2121 3481 enim
2145 3448 2204 3480 alia
2226 3449 2358 3489 privatae
2378 3449 2453 3481 vitoe

1418 3505 1516 3547 ratio,
1539 3507 1599 3539 alia
1621 3507 1726 3548 legum
1753 3506 1864 3541 latoris
1886 3506 2036 3548 facultas,
2058 3506 2119 3539 alia
2138 3505 2241 3540 civilis
2271 3507 2450 3548 prudentia,

1713 2030 1853 2083 Ἄρχειν
1877 2031 1912 2070 δὲ
1929 2032 1989 2071 καὶ
2015 2032 2189 2084 βουλεύειν
2207 2031 2267 2070 καὶ
2285 2030 2436 2076 δικάζειν
2454 2083 2459 2087 ¹
