2606 3828
330 309 407 343 438
1101 298 1335 338 EVEMERI
1363 298 1695 342 FRAGMENTA.

330 394 461 429 Τιτᾶνα
483 389 542 429 καὶ
570 387 724 442 Κρόνον,
756 386 943 439 θυγατέρας
976 385 1012 424 δὲ
1032 384 1139 425 Ρέαν
1158 386 1219 425 καὶ
1238 387 1361 437 Δήμη-

331 465 429 502 τραν.
454 448 586 500 Κρόνον
611 447 646 486 δὲ
665 448 868 499 βασιλεῦσαι
896 444 985 495 μετὰ
1006 443 1187 497 Οὐρανόν,
1212 444 1272 483 καὶ
1290 444 1360 497 γή-

334 523 448 557 μαντα
464 505 570 548 Ῥέαν
586 509 747 556 γεννῆσαι
767 503 833 543 Δία
851 503 910 541 καὶ
928 501 1048 554 εἨραν
1069 518 1128 541 και
1148 504 1365 544 Ποσειδῶνα.

333 566 403 605 Τὸν
438 565 474 604 δὲ
495 566 562 605 Δία
582 564 823 613 διαδεξάμενον
851 564 916 609 τὴν
949 561 1130 615 βασιλείαν
1147 566 1207 601 τοῦ
1235 562 1367 615 Κρόνου

333 628 445 676 γῆμαι
457 623 572 676 ζἭραν
595 623 653 661 καὶ
668 622 861 674 Δήμητραν
881 621 941 659 καὶ
962 620 1077 670 Θέμιν
1090 650 1101 668 ,
1123 620 1192 665 ἐξ“
1173 637 1221 659 ων
1242 621 1370 666 παῖδας

333 683 545 730 ποιήσασθαι
567 684 751 733 Κουρῆτας
772 678 836 731 μὲν
860 679 928 718 ἀπὸ
952 681 1014 726 τῆς
1036 678 1199 732 πρώτης,
1231 682 1368 736 Φερσε-

333 742 438 796 φόνην
459 741 496 781 δὲ
516 743 555 780 ἐκ
572 744 633 794 τῆς
650 738 834 791 δευτέρας,
854 738 999 786 Ἀθηνᾶν
1021 739 1056 777 δὲ
1078 738 1147 777 ἀπὸ
1160 743 1222 787 τῆς
1234 739 1366 793 τρίτης.

333 800 505 842 Ἐλθόντα
525 799 561 840 δὲ
588 802 636 843 εἷς
664 798 860 838 Βαὸυλῶνα
881 797 1128 846 ἐπιξενωθῆναι
1148 798 1280 852 Βήλῳ,
1309 799 1370 838 καὶ

334 860 422 912 μετὰ
451 863 564 900 ταῦτα
594 858 640 901 εἷς
664 856 726 904 τὴν
759 856 949 908 Πάγχαιαν
984 859 1089 904 ν’ῆσον
1109 857 1196 911 πρὸς
1223 859 1368 911 ὠκεανῷ

333 916 495 969 κειμένην
519 914 800 968 παραγενόμενον
826 915 988 968 Οὐρανοῦ
1007 918 1066 954 τοῦ
1087 916 1174 955 ἰδίου
1191 917 1372 970 προπάτο-

334 993 388 1030 ρος
420 974 538 1029 βωμὸν
569 974 793 1028 ἱδρύσασθαι.
826 974 999 1014 Κάκεῖθεν
1031 973 1088 1013 διὰ
1107 974 1240 1029 Συρίας
1262 976 1372 1014 ἐλθεῖν

331 1035 415 1089 πρὸς
432 1034 490 1073 τὸν
511 1033 587 1074 τότε
608 1032 780 1082 δυνάστην
797 1032 956 1081 Κάσιον,
974 1031 1009 1078 ἐξ
1032 1027 1072 1072 ου
1090 1033 1151 1072 καὶ
1169 1033 1208 1073 τὸ
1238 1033 1372 1074 Κάσιον

331 1093 421 1146 ὅρος.
440 1091 610 1133 Ἔλθόντα
624 1091 660 1131 δὲ
676 1093 726 1137 εἷς
741 1090 904 1132 Κιλικίαν
921 1092 1066 1146 πολέμῳ
1078 1108 1221 1141 νικησαι
1239 1092 1372 1133 Κίλικα

330 1152 527 1206 τοπάρχην.
549 1151 623 1191 Καὶ
640 1150 734 1197 ἄλλα
753 1150 791 1190 δὲ
809 1151 959 1190 πλεῖστα
974 1150 1055 1199 ἔθνη
1076 1150 1268 1191 ἐπελθόντα
1287 1152 1372 1204 παρ’

332 1210 444 1250 ἅπασι
463 1213 654 1262 τιμηθῆναι
683 1210 743 1249 καὶ
768 1210 854 1263 θεὸν
890 1211 1181 1263 ἀναγορευθῆναι.
1210 1228 1227 1245 »
1248 1212 1373 1250 Ταῦτα

332 1270 393 1308 καὶ
415 1268 459 1308 τὰ
487 1268 621 1314 τούτοις
649 1269 886 1323 παραπλήσια
915 1271 961 1314 ὡς
979 1268 1060 1323 περὶ
1087 1271 1219 1317 θνητῶν
1239 1271 1372 1323 ἀνδρῶν

332 1329 414 1381 περὶ
429 1331 499 1368 τῶν
519 1331 606 1368 θεῶν
627 1328 770 1368 διελθὼν
784 1328 940 1383 ἐπιφέρει
960 1329 1072 1381 λέγων
1094 1347 1110 1364 υ
1128 1330 1197 1370 Καὶ
1212 1330 1292 1383 περὶ
1311 1330 1374 1382 μὲν

332 1388 518 1441 Εὐημέρου
551 1394 613 1428 τοῦ
648 1387 908 1440 συνταξαμένου
943 1388 1006 1435 τὴν
1039 1388 1136 1441 ἱερὰν
1172 1389 1375 1444 ἀναγραφὴν

331 1446 616 1500 ἀρκεσθησόμεθα
634 1448 704 1493 τοῖς
724 1449 882 1501 ῥηθεῖσι,
896 1448 941 1486 τὰ
960 1447 996 1486 δὲ
1016 1448 1114 1501 παρὰ
1134 1451 1205 1492 τοῖς
1221 1446 1376 1496 “Enna

333 1506 614 1559 μυθολογούμενα
634 1507 714 1559 περὶ
734 1509 819 1546 θεῶν
842 1506 1039 1551 ἀκολούθως
1059 1507 1213 1561 Ἡσιόδῳ
1232 1507 1292 1546 καὶ
1316 1507 1378 1548 ‘0-

332 1624 424 1657 coelo
430 1624 496 1666 regi
512 1626 686 1658 Saturnum
697 1625 904 1665 successisse,
919 1625 975 1666 qui
990 1634 1091 1667 quum
1104 1625 1231 1659 Rheam
1244 1634 1377 1659 uxorem

332 1683 489 1724 duxisset,
500 1692 540 1716 ex
557 1692 594 1717 ea
606 1685 733 1724 Jovem,
751 1686 915 1717 ,Iunonem
928 1686 961 1716 et
980 1682 1167 1725 Neptunum
1186 1685 1375 1726 susceperit.

332 1744 416 1779 Tum
440 1744 556 1775 Jovem
584 1743 713 1776 Saturni
737 1744 821 1784 regis
846 1752 1063 1776 successorem
1085 1743 1291 1777 matrimonio
1315 1744 1377 1777 sibi

333 1802 512 1840 Junonem,
537 1802 687 1834 cererem
714 1810 733 1835 e
759 1802 948 1836 'themidem
974 1802 1135 1843 junxisse.
1186 1803 1334 1836 Eundem
1361 1812 1379 1836 e

334 1861 435 1903 prima
450 1861 596 1902 genuisse
617 1862 750 1894 curetes
761 1885 772 1901 ‚
789 1871 808 1894 e
822 1862 963 1894 secunda
987 1863 1233 1903 Proserpinam,
1254 1871 1272 1895 e
1287 1862 1379 1894 tertia

333 1921 524 1954 Minervam.
552 1919 689 1953 Venisse
713 1928 789 1952 eum
817 1920 1015 1961 Babylonem
1041 1920 1150 1961 ibique
1179 1929 1198 1952 a
1214 1921 1292 1953 Belo
1308 1929 1379 1954 esse

335 1979 472 2021 hospitio
502 1980 693 2022 acceptum,
720 1980 834 2021 postea
859 1988 935 2012 vero
966 1980 1159 2012 Pancbaeam
1188 1979 1327 2012 insulam
1347 1980 1379 2012 in

335 2047 454 2071 oceano
471 2037 565 2071 sitam
584 2037 721 2078 adiisse,
740 2037 797 2070 ubi
821 2037 912 2071 Goelo
924 2061 934 2079 ,
962 2047 1024 2070 avo
1043 2047 1103 2070 suo
1117 2061 1128 2079 ,
1151 2046 1239 2072 aram
1259 2038 1376 2071 consti-

335 2095 537 2129 tuerit.1nde
550 2097 714 2137 peragrata
727 2096 817 2137 Syria
833 2104 908 2128 eum
917 2096 1096 2137 profectum
1111 2105 1182 2129 esse
1194 2095 1236 2128 ad
1250 2096 1381 2129 Casium

335 2157 405 2188 tum
421 2155 491 2196 eius
516 2158 612 2188 terrae
633 2155 892 2196 procuratorem,
921 2164 939 2187 a
965 2165 1030 2197 quo
1046 2155 1142 2188 etiam
1159 2155 1255 2188 casio
1279 2155 1380 2188 monti

337 2223 456 2247 nomen
479 2213 619 2247 inditum
636 2215 697 2247 est.
716 2215 795 2246 Mox
811 2213 910 2255 petita
932 2214 1043 2246 Cilicia
1068 2214 1151 2247 bello
1167 2211 1283 2247 vicisse
1302 2214 1380 2247 cili-

337 2282 420 2314 cem,
441 2273 528 2305 illius
547 2270 685 2314 regionis
713 2273 915 2314 praefectum.
949 2274 1108 2306 Praeterea
1129 2282 1231 2315 quum
1247 2273 1282 2305 in
1313 2273 1382 2306 aliis

337 2331 484 2373 plurimis
505 2331 654 2372 gentibus
672 2333 817 2364 versatus
845 2334 943 2373 esset,
960 2332 1046 2374 apud
1064 2341 1178 2365 omnes
1191 2333 1315 2365 cultum
1331 2333 1381 2365 at-

339 2399 403 2431 que
418 2390 450 2422 in
462 2390 540 2422 deos
552 2390 688 2423 relatum
701 2398 780 2424 esse.
794 2402 812 2420 οι
826 2392 905 2424 Haec
918 2392 1016 2432 atque
1029 2392 1145 2423 borum
1162 2391 1276 2424 similia
1293 2393 1381 2433 post-

340 2457 437 2488 quam
461 2448 502 2481 de
530 2448 592 2481 diis
611 2450 766 2490 tanquam
787 2449 829 2482 de
846 2448 1037 2482 mortalibus
1051 2450 1204 2483 disseruit
1227 2450 1382 2491 scriptor,

341 2506 481 2548 subjicit:
499 2520 517 2537 ιι
538 2510 584 2541 Ac
601 2508 642 2541 de
658 2510 817 2542 Evemero
835 2510 965 2550 quidem
980 2534 991 2551 ,
1012 2511 1067 2552 qui
1085 2519 1189 2543 rerum
1219 2519 1382 2543 sacrarum

1427 387 1530 441 μήρῳ
1541 388 1602 428 καὶ
1618 388 1743 443 Ὀρφεῖ
1760 389 1999 444 πειρασόμεθα
2013 390 2191 440 συντόμως
2204 392 2427 447 ἐπιδραμεῖν.
2447 412 2466 430 ι

1483 446 1696 498 (Eusebius
1713 448 1842 500 Praep.
1858 462 1996 500 evang.
2011 449 2081 491 lib.
2099 451 2134 490 11
2150 464 2234 503 cap.
2252 465 2292 503 α,
2309 465 2349 504 p.
2374 452 2464 505 59.)

1481 518 1510 544 9.
1539 506 1798 561 Εὖήμεροςδέ,
1818 510 1836 546 ὁ
1853 508 2050 556 ἔπικληθεις
2069 508 2191 559 ἄθεος,
2219 509 2342 564 φησίν,
2354 508 2405 549 ὅτ’
2424 506 2467 560 ἦν

1430 564 1579 611 ἄτακτος
1597 565 1788 618 ἀνθρώπων
1810 565 1909 619 βίος,
1926 568 1957 605 οἱ
1974 566 2233 621 περιγενόμενοι
2257 570 2326 607 τῶν
2347 569 2467 608 ἄλλων

1430 623 1527 676 ἰσχύϊ
1545 640 1583 663 τε
1603 624 1664 663 καὶ
1683 623 1832 672 συνέσει,
1853 624 1946 664 ὥστε
1959 625 2045 679 πρὸς
2057 626 2101 665 τὰ
2118 626 2181 665 ὕπ’
2197 627 2313 666 αὔτῶν
2328 627 2470 667 κελευό·

1431 697 1519 733 μενα
1538 682 1671 727 πάντας
1688 685 1795 735 βιοῦν,
1811 683 2063 730 σπουδάζοντες
2080 685 2237 736 μείζονος
2260 689 2469 737 θαυμασμοῦ

1431 740 1490 779 καὶ
1510 740 1719 792 σεμνότητος
1740 744 1859 794 τυχεῖν
1871 773 1881 791 ,
1902 743 2104 783 ἀνέπλασαν
2124 743 2204 798 περὶ
2221 743 2348 790 αὖτοὴς
2366 746 2472 799 ὅπερ·

1433 799 1628 840 ὅάλλουσάν
1656 817 1734 840 τινα
1759 800 1820 839 καὶ
1855 802 1951 841 θείαν
1986 804 2153 855 δύναμιν,
2190 802 2284 844 ἔνθεν
2310 803 2372 843 καὶ
2400 809 2472 850 τοῖς

1431 861 1571 904 πολλοῖς
1591 859 1823 911 ἐνομίσθησαν
1842 860 1927 902 θεοί.

1485 919 1645 971 (Sextus
1665 919 1889 971 Empiricus
1908 921 1997 960 adv.
2019 921 2137 962 Math.
2161 921 2232 971 IX,
2255 936 2319 972 17,
2337 934 2376 975 p.
2394 922 2471 962 552

1432 978 1492 1016 ed.
1509 977 1660 1017 Fabric.
1683 978 1794 1030 [pag.
1818 979 1893 1030 394
1911 979 1973 1019 ed.
1992 980 2154 1019 Bekker.
2165 979 2208 1034 ])

1486 1051 1516 1075 3.
1548 1037 1698 1090 Αγνοεῖν
1731 1052 1810 1109 μοι..
1812 1038 1970 1090 δοκεῖτε,
1998 1055 2028 1077 ω
2050 1038 2170 1092 ἄνδρες
2200 1040 2400 1092 δαιταλεῖς,
2421 1040 2477 1080 ὅτι

1433 1095 1493 1135 καὶ
1514 1096 1680 1147 Κάδμος,
1708 1098 1728 1134 ὁ
1749 1099 1810 1135 τοῦ
1836 1096 2004 1137 Διονύσου
2023 1097 2196 1149 πάππος,
2216 1096 2388 1151 μάγειρος
2414 1093 2475 1147 ἦν.

1436 1155 1700 1202 Σιωπησάντων
1721 1153 1757 1193 δὲ
1774 1153 1834 1193 καὶ
1854 1156 1911 1196 ἐπὶ
1936 1156 2047 1210 τούτῳ
2075 1156 2239 1209 πάντων,
2267 1157 2476 1212 Εὐήμερος,

1434 1212 1522 1265 ἔφη,
1544 1215 1562 1251 ὁ
1582 1216 1683 1258 Κῶος
1698 1214 1734 1252 ἓν
1749 1214 1801 1266 τῷ
1823 1215 1930 1269 τρίτῳ
1957 1218 2019 1263 τῆς
2045 1217 2141 1261 ἱερᾶς
2137 1218 2366 1289 ..ἀναγραφῆς
2382 1219 2477 1258 τοῦθ’

1434 1274 1587 1325 ἱστορεῖ,
1616 1276 1663 1317 ὡς
1692 1271 1869 1314 Σιδωνίων
1900 1274 2073 1327 λεγόντων
2099 1279 2220 1323 τοῦτο,
2246 1274 2300 1314 ὅτι
2332 1275 2478 1329 Κάδμος

1437 1333 1600 1387 μάγειρος
1611 1333 1659 1372 ὢν
1675 1349 1735 1372 του
1758 1333 1928 1384 βασιλέως
1947 1334 2007 1372 καὶ
2025 1333 2247 1396 παραλαὸὼν
2262 1333 2327 1383 τὴν
2348 1333 2477 1389 Ἁρμο-

1436 1392 1536 1444 νίαν,
1573 1390 1766 1445 αὐλητρίδα
1799 1391 1858 1430 καὶ
1890 1391 1999 1441 αὐτὴν
2045 1397 2151 1432 οὖσαν
2186 1409 2248 1433 του
2280 1393 2477 1446 βασιλέως,

1438 1448 1510 1503 ἔφυ·
1509 1465 1540 1501 γε
1562 1448 1625 1489 συν
1642 1451 1744 1502 αὐτῇ.

1493 1508 1724 1559 (Athenaeus
1743 1508 1816 1550 lib.
1837 1507 1923 1548 XIV
1941 1523 1983 1560 p.
2005 1509 2096 1547 658.
2117 1521 2151 1548 e.
2170 1509 2183 1559 )

1437 1626 1683 1658 commentarios
1698 1626 1843 1668 scripsit,
1857 1627 1927 1659 baec
1946 1627 2092 1660 retulisse
2107 1627 2287 1668 suffecerim
2305 1636 2380 1670 quae
2400 1637 2489 1661 vero·

1439 1684 1523 1725 apud
1543 1686 1674 1718 Graecos
1704 1685 1850 1718 fabulose
1877 1685 1917 1717 de
1938 1685 1998 1718 diis
2015 1687 2198 1726 narrantur,
2220 1695 2259 1718 ea
2281 1687 2479 1728 Hesiodum,

1439 1745 1615 1776 Homerum
1632 1746 1664 1777 et
1681 1744 1847 1786 Orpheum
1865 1744 1966 1777 secuti
1985 1744 2124 1777 breviter
2143 1753 2379 1785 percurremus.
2398 1759 2415 1775 »ι

1481 1807 1512 1836 2.
1539 1805 1735 1843 Emmaus,

1439 1860 1520 1901 quit,
1541 1860 1661 1892 inculta
1676 1863 1744 1893 erat
1770 1860 1957 1894 mortalium
1979 1860 2061 1903 vita,
2088 1861 2233 1894 homines
2249 1862 2364 1895 ceteris
2388 1863 2484 1896 simul

1441 1919 1585 1959 corporis
1612 1917 1764 1951 firmitate
1779 1919 1874 1952 simul
1900 1919 2070 1961 prudentia
2097 1921 2142 1952 ita
2170 1921 2372 1962 proestanres,
2390 1923 2428 1954 ut
2451 1922 2485 1961 hi

1439 1986 1551 2010 omnes
1567 1986 1607 2010 ex
1627 1977 1754 2010 illorum
1770 1978 1943 2020 praeceptis
1960 1978 2064 2011 vitam
2080 1981 2223 2021 agerent,
2249 1978 2362 2021 quum'
2377 1980 2485 2022 majo-

1440 2046 1508 2070 rem
1529 2038 1562 2070 et
1589 2036 1836 2070 admirationem
1861 2039 1894 2070 et
1919 2037 2105 2078 dignitatem
2123 2039 2276 2079 consequi
2292 2039 2484 2080 niterentur,

1441 2097 1625 2130 inusitatam
1652 2097 1815 2139 quandam
1838 2107 1882 2131 ac
1903 2098 2047 2131 divinam
2072 2100 2138 2132 vim
2167 2099 2381 2142 simularunt,
2400 2101 2486 2135 uude

1441 2157 1537 2189 etiam
1555 2156 1597 2190 ab
1614 2157 1764 2198 imperita
1776 2156 1983 2190 multitudine
1995 2157 2040 2191 dii
2061 2158 2163 2191 habiti
2179 2159 2266 2191 sunt.

1484 2221 1515 2249 3.
1539 2220 1688 2256 ignorare
1701 2216 1780 2248 mibi
1797 2216 1970 2259 videmini,
1984 2226 2005 2249 o
2024 2217 2182 2258 convivae,
2199 2217 2360 2252 cadmum
2374 2219 2485 2261 etiam,

1442 2275 1557 2307 Bacchi
1574 2284 1684 2315 avum,
1704 2275 1800 2308 fuisse
1816 2284 1969 2316 coquum.
1988 2276 2181 2309 Tacentibus
2190 2285 2268 2310 vero
2284 2277 2317 2310 in
2332 2276 2393 2310 hac
2404 2287 2486 2320 quo-

1442 2342 1504 2375 que
1521 2343 1555 2367 re
1573 2334 1743 2374 omnibus,
1771 2337 1947 2367 Evemerus
1962 2336 2071 2378 cous,
2088 2336 2209 2376 inquit,
2226 2335 2321 2368 tertio
2342 2336 2484 2370 historiar

1441 2401 1541 2425 sacrm
1559 2393 1640 2425 libro
1657 2393 1797 2426 Sidoniis
1812 2393 1934 2426 scilicet
1948 2394 2085 2426 testibus
2099 2402 2178 2426 usus
2194 2393 2292 2426 tradit
2307 2393 2485 2437 cadmum,

1443 2452 1525 2492 regis
1546 2461 1685 2493 coquum
1698 2476 1708 2492 ,
1731 2452 1902 2485 Harmonia
1911 2452 2044 2485 tibicina
2054 2477 2064 2493 ,
2077 2462 2152 2494 quae
2168 2454 2200 2485 et
2218 2453 2289 2494 ipsa
2305 2453 2388 2494 regis
2401 2456 2483 2495 erat,

1449 2510 1573 2543 itineris
1593 2511 1679 2542 socia
1696 2513 1840 2544 assumta
1855 2511 2031 2551 aufugisse.

1763 1804 1975 1843 cognomento
1991 1803 2107 1836 albens
2128 1813 2136 1835 :
2162 1804 2235 1842 Quo
2251 1805 2409 1846 tempore,
2431 1805 2491 1838 iri-⁴

2601 506 2606 554 j

2599 595 2606 632 '5

2603 1040 2606 1054 -,
2602 1006 2606 1018 .,
2598 734 2606 989 ...ψ’---Α-.-μᾼᾳ
2601 686 2606 716 ...Α
2604 656 2606 664 -
2604 634 2606 639 .
2602 564 2606 592 „-

2592 1346 2606 1443 ἰ-..Μ
