2638 3840
254 286 284 312 ι)
1126 269 1193 308 DE
1223 266 1540 308 PYTHAGORA

257 364 356 403 diem
377 363 533 402 obiisse.
554 361 696 399 Eadem
720 370 776 400 cst
801 361 1000 399 Ciceronis
1035 358 1084 410 (7)
1107 359 1298 397 sententia

255 421 323 471 qui
348 434 357 459 ε
377 424 568 467 Morietur,
598 421 738 470 inquit,
759 423 941 470 Epicurus
968 433 1049 455 cum
1075 420 1149 455 duo
1173 427 1210 454 et
1236 432 1297 455 se-

249 485 451 530 ptuaginta
468 495 586 517 armos
600 483 746 523 vixerit,
766 479 952 516 Art-houm
967 477 1188 524 Pytharato.
1204 476 1298 514 Nam

254 539 302 576 de
321 539 490 577 secundo
511 539 755 590 Olympiadis
792 552 861 584 ¹27
885 550 1002 583 anno,
1027 549 1105 586 quo
1126 544 1300 574 mortuus

254 597 399 636 dicitur
423 597 624 649 Epicurus,
646 597 820 634 deductis
837 595 948 633 annis
971 595 1044 631 312
1066 594 1135 644 qui
1164 607 1299 632 secun-

255 656 345 693 dum
378 657 625 695 Antilochum
660 670 682 693 a
715 656 823 693 virili
857 653 1086 704 Pythagorae
1113 661 1222 690 aetate
1253 653 1300 690 ad

256 715 465 765 Epicurum
487 729 558 754 suo
579 716 656 753 sato
676 715 906 752 exstinctum
928 712 1222 763 praeterierunt,
1240 712 1302 750 in-

256 775 411 812 venitur
430 773 582 827 pri-nus
602 773 845 824 Olympiadis
862 777 910 822 49
928 783 1052 808 annus
1064 770 1132 820 qui
1146 779 1203 808 est
1216 780 1303 808 ante

255 833 347 871 Chr.
375 847 413 870 n.
452 834 541 877 584.
565 833 755 870 Nimirum
776 845 821 868 eo
851 840 1024 881 tempore
1057 829 1301 880 Pythagoras

255 890 478 930 adolescens
513 891 666 929 circiter
706 891 939 939 vigesimum
973 889 1153 939 quintum
1183 889 1304 926 aetatis

255 963 397 989 annum
419 950 576 1000 agebat,
606 948 712 999 quod
738 962 824 986 cum
848 947 1114 985 Eratosthenis
1131 946 1303 984 testimo-

256 1009 323 1047 nio
340 1010 523 1051 convenit
555 1009 622 1059 qui
648 1007 908 1058 Pythagoram
937 1007 1094 1057 Olymp.
1126 1007 1174 1051 43
1202 1019 1304 1043 anno

256 1068 383 1118 primo
403 1068 484 1105 sive
514 1075 601 1104 ante
620 1066 711 1106 Chr.
735 1079 774 1103 n.
797 1067 873 1103 608
903 1066 944 1102 in
960 1065 1085 1103 lucem
1105 1064 1251 1102 editum
1269 1073 1307 1102 et

257 1135 475 1177 susceptum
495 1139 577 1164 esse
597 1125 766 1176 scripsit.
789 1124 865 1162 Sed
883 1124 964 1162 haec
981 1124 1180 1162 haetenus.

311 1186 460 1223 Fratres
488 1185 538 1238 (8)
561 1184 698 1222 habuit
723 1184 964 1234 Pythagoras
984 1184 1082 1222 duos
1101 1193 1193 1222 natu
1222 1198 1304 1222 ma-

253 1259 384 1296 Jorcs,
413 1245 655 1291 Eunomum,
688 1257 802 1294 quem
824 1244 892 1281 alii
925 1244 1144 1282 Eunostum
1179 1243 1306 1280 nomi-

258 1312 363 1349 nant,
395 1312 432 1342 ct
453 1302 716 1354 Tyrrhenum.
747 1301 846 1339 Sunt
867 1302 936 1352 qui
962 1301 1168 1339 Zamolxin
1201 1301 1305 1338 Sarni

257 1361 485 1411 Pythagora:
542 1361 724 1399 serviisse
769 1368 979 1410 posteaque
1010 1358 1303 1397 ‘manumissum

258 1421 361 1471 apud
391 1420 509 1459 Getas
547 1420 701 1458 divinos
732 1419 902 1457 honores
934 1427 1182 1457 consecutum
1220 1431 1304 1456 esse

258 1480 436 1530 prodant.
465 1479 578 1525 Quod
597 1492 667 1529 ego
682 1508 692 1526 ,
714 1487 757 1516 ut
787 1479 1093 1530 incompertum,
1116 1478 1159 1516 in
1179 1477 1307 1515 medio

259 1539 500 1589 relinquam,
541 1538 767 1590 praesertim
789 1551 909 1588 quum
954 1537 1171 1575 Herodotus
1218 1549 1305 1573 eum

259 1598 390 1635 inultis
411 1607 498 1635 ante
514 1597 774 1648 Pythagoram
792 1597 904 1634 annis
920 1597 1115 1634 exstitisse
1141 1594 1306 1633 arbitre-

258 1708 308 1740 ἐπὶ
322 1708 503 1750 Πυθαράτου
515 1732 524 1748 ,
542 1708 594 1746 ἔτη
611 1708 769 1750 βιώσαντα
786 1707 840 1738 δύο
856 1707 930 1748 πρὸς
948 1709 1011 1742 τοῖς
1026 1705 1248 1745 ἐὸδομήκοντα.
1266 1721 1307 1726 ‹—

260 1757 304 1796 (7)
317 1756 429 1789 Cicero
439 1756 478 1788 de
495 1756 559 1787 fato
574 1764 644 1796 cap.
659 1759 690 1788 9.
703 1775 743 1782 -
758 1754 803 1795 (8)
819 1754 973 1794 Diogenes
986 1752 1134 1784 Laertius
1145 1752 1200 1784 lib.
1219 1752 1307 1790 VIII,

258 1808 276 1836 2
299 1816 307 1835 ι
333 1803 407 1845 ἔσχε
432 1804 464 1835 δὲ
487 1803 637 1845 ἀδελφοὺς
659 1803 865 1844 πρεσὸύτερον
890 1801 943 1841 μὲν
965 1800 1126 1841 Εὔνομον,
1153 1799 1247 1838 μέσον
1275 1798 1307 1829 δὲ

257 1850 412 1892 Τυῤῥηνόν
421 1874 432 1890 ,
449 1851 502 1882 καὶ
518 1851 626 1882 δοῦλον
641 1850 790 1890 Ζάμολξιν
805 1874 814 1888 ,
832 1849 858 1889 ᾧ
873 1849 963 1881 Γέται
979 1848 1106 1885 θύουσι,
1125 1846 1241 1886 Κρόνον
1258 1854 1306 1877 νο-

259 1898 414 1938 μίζοντες,
429 1898 470 1934 ὥς
487 1909 580 1938 φησιν
597 1897 774 1939 Ἡρόδοτος.
791 1895 989 1936 Porphyrius
1006 1896 1062 1926 vil.
1078 1893 1202 1933 Pythag
1221 1901 1228 1920 τ
1247 1903 1306 1923 κα-

257 1943 378 1983 ταλέγει
395 1943 420 1975 δ’
437 1944 531 1976 αὐτοῦ
551 1945 604 1976 καὶ
624 1945 770 1985 ἀδελφοὺς
789 1944 863 1983 δύο,
887 1942 1042 1974 Εὔνοστον
1059 1942 1112 1973 καὶ
1135 1938 1306 1982 Τυῤῥηνόν,

258 1991 491 2032 πρεσὸυτέρους.
516 1991 672 2023 Herodot.
702 1991 757 2022 lib.
776 1992 830 2027 IV,
848 1991 887 2022 94
904 2002 912 2022 ε
936 1990 1152 2025 ἀθανατίζουσι
1170 1988 1202 2019 δὲ
1221 1986 1307 2017 τόνδε

258 2039 311 2070 τὸν
331 2038 458 2079 τρόπον·
485 2038 557 2070 οὔτε
580 2038 788 2075 ἀποθνήσκειν
813 2036 947 2072 ἑωυτοὺς
977 2037 1151 2075 νομίζουσι,
1172 2035 1248 2066 ἰέναι
1275 2043 1308 2064 τε

258 2086 311 2117 τὸν
334 2085 543 2125 ἀπολλύμενον
561 2086 647 2126 παρὰ
674 2086 823 2126 Ζάμολξιν
840 2084 986 2125 δαίμονα.
1011 2083 1057 2115 ld.
1088 2083 1143 2114 lib.
1166 2083 1221 2119 IV,
1251 2083 1305 2119 95,

259 2138 299 2165 96
318 2146 325 2164 :
342 2135 383 2169 ὡς
401 2133 432 2164 δὲ
449 2133 512 2172 ἐγὼ
531 2133 722 2173 πυνθάνομαι
738 2136 800 2164 τῶν
813 2132 866 2163 τὸν
888 2132 1119 2169 Ἑλλήσποντον
1138 2128 1307 2161 οἰκεόντων

259 2181 415 2217 Ἑλλήνων
429 2181 482 2211 καὶ
498 2180 618 2213 Πόντον
629 2204 637 2219 ,
661 2180 713 2211 τὸν
733 2179 884 2221 Ζάμολξιν
910 2182 1020 2210 τοῦτον
1038 2178 1129 2209 ἐόντα
1145 2176 1307 2217 ἄνθρωπον

259 2228 421 2259 δουλεῦσαι
438 2227 469 2258 ἐν
486 2227 593 2268 Σάμῳ·
618 2228 782 2259 δουλεῦσαι
799 2229 831 2259 δὲ
851 2225 1021 2267 Πυθαγόρῃ
1037 2228 1082 2266 τῷ
1102 2224 1305 2264 Μνησάρχου·

260 2275 394 2306 ἐνθεῦτεν
420 2274 451 2306 δὲ
477 2274 571 2306 αὐτὸν
592 2273 756 2315 γενόμενον
782 2275 936 2315 ἐλεύθερον
966 2273 1112 2314 χρήματα
1134 2271 1307 2308 κτήσασθαι

261 2322 372 2362 συχνά·
388 2321 582 2362 κτησάμενον
593 2321 619 2352 δ’
639 2322 779 2353 ἀπελθεῖν
802 2322 832 2358 ἐς
859 2322 914 2360 τὴν
937 2322 1067 2352 ἑωυτοῦ·
1085 2319 1139 2350 ἅτε
1165 2320 1197 2351 δὲ
1212 2329 1308 2349 κακο-

261 2370 337 2401 Είων
355 2381 389 2400 τε
413 2369 525 2400 ἐόντων
539 2370 602 2401 τῶν
624 2369 769 2410 Θρηίκων
793 2370 846 2401 καὶ
863 2367 1149 2410 ὑπαφρονεστέρων,
1175 2366 1227 2397 τὸν
1248 2363 1307 2396 Ζά-

262 2418 363 2456 μολξιν
377 2419 485 2448 τοῦτον
499 2417 700 2458 ἐπιστάμενον
714 2417 831 2448 δίαιτάν
844 2428 878 2448 τε
897 2416 982 2448 Ἰάδα
997 2415 1049 2446 καὶ
1069 2414 1145 2452 ἤθεα
1159 2413 1309 2454 βαθύτερα

262 2465 280 2501 ἢ
303 2464 383 2495 κατὰ
401 2464 556 2504 Θρήϊκας,
577 2464 630 2495 οἶα
651 2464 783 2502 Ἕλλησί
800 2475 834 2496 τε
847 2464 1062 2503 ὁμιλήσαντα,
1080 2462 1132 2492 καὶ
1152 2461 1308 2498 Ἑλλήνων

263 2511 299 2541 οὐ
322 2514 367 2550 τῷ
397 2511 613 2551 ἀσθενεστάτῳ
641 2515 773 2552 σοφιστῇ
795 2510 982 2551 Πυθαγόρῃ,
1012 2508 1309 2540 κατασκευάσασθαι

263 2556 418 2597 ἀνδρεῶνα
428 2581 436 2596 ,
453 2557 482 2592 ἐς
494 2557 546 2588 τὸν
559 2558 790 2590 πανδοκεύοντα
802 2562 863 2589 τῶν
881 2558 985 2589 ἀστῶν
999 2557 1069 2592 τοὺς
1082 2557 1236 2597 πρώτους,
1255 2558 1311 2590 κάὶ

263 2604 450 2643 εὐωχέοντα,
469 2604 682 2635 ἀναδιδάσκειν
708 2607 750 2641 ὡς
775 2605 846 2636 οὔτε
874 2604 987 2641 αὐτός,
1004 2604 1075 2634 οὔτε
1100 2605 1129 2634 οἱ
1151 2604 1309 2644 συμπόται

263 2651 359 2681 αὐτοῦ
370 2675 378 2689 ,
398 2650 468 2681 οὔτε
486 2652 514 2682 οἱ
531 2651 566 2681 ἐκ
582 2652 717 2682 τουτέων
738 2652 798 2682 αἰεὶ
812 2651 967 2691 γινόμενοι
987 2649 1221 2690 ἀποθανέονται,
1244 2651 1309 2683 ἀλλ’

264 2698 372 2735 ἥξουσι
387 2697 416 2733 ἐς
433 2700 534 2737 χῶρον
554 2701 677 2737 τοῦτον,
691 2698 744 2729 ἳνα
756 2698 815 2729 αἰεἰ
833 2698 1004 2738 περιεόντες
1028 2697 1129 2732 ἕξουσι
1151 2697 1190 2728 τὰ
1211 2698 1311 2730 πάντα

266 2743 378 2783 ἀγαθά.
397 2743 448 2774 Ἑν
465 2743 491 2783 ᾧ
505 2743 538 2774 δὲ
554 2743 656 2775 ἐποίεε
678 2745 717 2775 τὰ
741 2745 968 2785 καταλεχθέντα
982 2745 1034 2775 καὶ
1052 2743 1138 2784 ἔλεγε
1156 2748 1264 2784 ταῦτα,
1279 2747 1310 2777 ἐν

265 2790 365 2831 τούτῳ
392 2789 562 2828 κατάγαιον
582 2789 700 2830 οἴκημα
721 2791 869 2822 ἐποιέετο.
885 2791 939 2827 Ὡς
955 2791 988 2822 δέ
1007 2793 1035 2822 οἱ
1058 2792 1228 2827 παντελέως
1246 2793 1311 2833 εἶχε

265 2840 300 2869 τὸ
315 2837 444 2877 οἴκημα,
465 2837 499 2870 ἐκ
520 2837 573 2877 μὲν
596 2841 657 2869 τῶν
674 2838 818 2878 Θρηίκων
834 2837 999 2878 ἠφανίσθη·
1024 2838 1162 2874 καταὸὰς
1179 2839 1210 2870 δὲ
1224 2840 1311 2871 κάτω

266 2884 295 2920 ἐς
311 2885 347 2916 τὸ
369 2883 539 2924 κατάγαιον
568 2884 685 2924 οἴκημα
712 2886 851 2917 διαιτᾶτο
881 2884 931 2916 tiit*
952 2885 1023 2916 ἔτεα
1050 2885 1179 2927 τρία·οἱ
1207 2887 1240 2918 δέ
1260 2899 1311 2928 μιν

267 2931 394 2963 ἐπόθεόν
413 2943 446 2962 τε
460 2933 512 2965 καὶ
533 2931 673 2963 ἐπένθεον
690 2933 731 2968 ὡς
744 2934 914 2964 τεθνεῶτα·
928 2932 1064 2973 τετάρτῳ
1084 2933 1117 2963 δὲ
1139 2932 1200 2964 ἔτεϊ
1216 2933 1312 2974 ἐφάνη

266 2982 348 3010 τοῖσι
365 2978 482 3020 Θρήιξι.
508 2978 568 3009 Καὶ
589 2978 671 3009 οὕτω
693 2978 807 3010 πιθανά
831 2989 883 3018 σφι
904 2978 1024 3018 ἐγένετο
1046 2978 1085 3009 τὰ
1107 2978 1192 3019 ἔλεγε
1213 2981 1229 3011 ὁ
1253 2983 1313 3012 Ζα-

268 3026 379 3065 μολξις.
399 3024 506 3057 Ταῦτά
521 3024 595 3065 φασί
624 3036 674 3063 μιν
701 3029 846 3063 ποιῆσαι.
877 3026 960 3065 Ἐγὼ
978 3026 1011 3056 δὲ
1034 3026 1105 3066 περὶ
1127 3027 1182 3066 μὲν
1202 3028 1313 3059 τούτου

267 3072 319 3103 καὶ
333 3074 388 3103 τοῦ
404 3071 577 3111 καταγαίου
592 3071 761 3111 οἰκήματος
775 3071 848 3103 οὔτε
861 3071 1000 3103 ἀπιστέω
1009 3096 1019 3110 ,
1030 3072 1102 3103 οὔτε
1119 3073 1161 3103 ὧν
1175 3075 1313 3106 πιστεύω

268 3130 297 3151 τι
320 3119 399 3156 λίην·
432 3118 532 3149 δοκέω
557 3118 589 3149 δὲ
617 3119 760 3150 πολλοῖσι
781 3119 863 3150 ἔτεσι
897 3118 1044 3159 πρότερον
1076 3120 1130 3151 τὸν
1164 3121 1313 3160 Ζάμολξιν

269 3169 377 3197 τοῦτον
392 3165 532 3205 γενέσθαι
552 3164 755 3206 Πυθαγόρεω.
776 3168 895 3197 Auctor
909 3167 1014 3205 Etym.
1038 3168 1142 3206 Magn.
1165 3167 1314 3208 Ζάμολξις

270 3211 437 3253 Πυθαγόρᾳ
466 3211 649 3251 δουλεύσας,
673 3214 716 3248 ὡς
739 3213 906 3254 ἹῙρόδοτος
927 3213 952 3244 δ’
977 3214 1106 3252 Σκύθης·
1127 3215 1159 3251 ὃς
1187 3216 1314 3248 ἐπανελ-
1365 3220 1367 3222 “

271 3260 331 3290 θὼν
348 3259 493 3290 ἐδίδασκε
521 3260 588 3300 περὶ
605 3262 659 3290 τοῦ
681 3259 833 3291 ἀθάνατον
855 3261 932 3291 εἶναι
957 3261 1011 3298 τὴν
1029 3262 1143 3303 ψυχήν.
1171 3264 1314 3300 Μνασέας

272 3307 303 3336 δὲ
320 3307 402 3346 παρὰ
422 3307 525 3342 Γέταις
541 3308 593 3338 τὸν
617 3307 733 3349 Κρόνον
754 3308 901 3347 τιμᾶσθαι
929 3308 979 3338 καὶ
1008 3310 1172 3340 καλεῖσθαι
1189 3311 1313 3351 ,Ζάμολ-

272 3353 327 3388 ξιν.
345 3370 383 3374 -
399 3354 444 3393 (9)
463 3354 618 3393 Diogenes
640 3354 786 3386 Laertius
804 3355 858 3386 lib.
882 3356 974 3395 Vm,
992 3358 1012 3386 2
1027 3364 1034 3386 :
1052 3360 1203 3394 συστῆναι
1223 3358 1254 3388 δὲ
1273 3359 1315 3394 εἰς

272 3400 393 3431 Assem
417 3399 543 3431 ἐλθόντα
564 3403 723 3443 Φερεκύδῃ
748 3402 809 3433 ὑπὸ
833 3401 954 3433 Ζωΐλου
971 3406 1026 3433 τοῦ
1050 3403 1203 3436 (is-Coun...
1225 3404 1314 3440 οὗτος

273 3448 390 3483 ἤκουσε
405 3449 476 3487 μέν,
492 3449 573 3479 καθα
597 3449 776 3490 προείρηται
788 3472 797 3488 ,
820 3449 999 3490 Φερεκύδου
1015 3453 1070 3480 τοῦ
1085 3450 1208 3491 Συρίου·
1234 3453 1313 3491 μετὰ

274 3495 302 3525 δὲ
322 3494 374 3530 τὴν
389 3494 506 3526 ἐκείνου
519 3496 660 3534 τελευτὴν
677 3496 750 3534 ἡκεν
763 3497 804 3532 εἷς
820 3497 922 3536 Σάμον
946 3497 998 3527 καὶ
1011 3497 1144 3534 ἤκουσεν
1157 3498 1311 3539 Ἑρμοδά-

1359 367 1433 397 tur.
1467 354 1783 407 Praeccptoribus
1800 366 1892 391 usus
1905 359 1963 389 est
1978 348 2201 400 Pherecyde
2216 349 2334 400 Syrio
2348 349 2401 403 (9)

1358 426 1395 454 et
1418 424 1505 468 post
1522 415 1629 453 illius
1654 421 1813 450 mortem
1834 409 2172 455 Hei-modamante,
2192 407 2405 460 Creophyli

1360 482 1499 526 nepote
1513 503 1523 521 ,
1558 485 1726 523 quorum
1768 469 1938 521 priorem
1970 466 2107 514 Lesbi,
2150 466 2404 518 posteriorem

1359 533 1464 571 Sami
1497 530 1693 570 convenit.
1742 528 1811 564 His
1848 524 2028 564 nonnulli
2074 523 2405 564 Anaiimandrum

1360 591 1554 629 Milesium
1591 596 1628 625 et
1646 584 1913 638 Epimenidem
1946 583 2168 622 Cretensem
2199 582 2405 635 adjiciunt.

1361 650 1425 687 Sic
1450 649 1566 700 jactis
1586 648 1627 685 in
1647 645 1775 697 patria
1800 643 1988 681 doctrinae
2006 642 2268 681 fundamentis
2286 643 2409 692 majo-

1365 722 1446 747 rem
1467 708 1580 745 etiam
1616 714 1654 743 et
1673 703 1903 755 ampliorem
1927 701 2158 753 sapientiam
2187 714 2210 740 a
2226 700 2408 740 'barbaris

1363 777 1493 819 petere
1507 764 1701 810 decrevit,
1721 762 1942 812 effecitque,
1963 760 1998 798 si
2014 760 2182 811 Diogeni
2202 760 2408 810 eredimus,

1363 836 1405 864 ut
1430 835 1510 864 tum
1548 824 1775 861 Graecorum
1811 830 1890 858 tum
1923 819 2180 858 barbarorum
2214 819 2410 871 mysteriis

1364 885 1583 923 initiaretur
1607 883 1699 932 (10).
1721 879 1982 926 Quamobrem
2013 879 2056 917 in
2085 879 2291 931 AEgyptum
2318 893 2411 931 pro-

1367 945 1484 983 fectus
1504 952 1581 990 est,
1603 941 1672 980 ubi
1704 940 1938 991 templorum
1971 939 2185 990 penetralia
2211 939 2411 990 ingressus

1365 1005 1461 1041 ritus
1481 1016 1523 1040 ac
1545 1000 1787 1039 caerimonias
1801 1028 1811 1046 ,
1829 998 2094 1049 geometriam,
2113 998 2409 1047 arithmeticam,

1366 1075 1518 1099 omnem
1543 1060 1710 1109 denique
1738 1057 1980 1096 sacerdotum
2008 1057 2254 1108 disciplinam
2274 1057 2412 1109 perdi-

1365 1122 1457 1158 dicit
1479 1120 1510 1170 (1
1523 1120 1572 1170 l).
1597 1121 1721 1168 Atque
1742 1117 1818 1155 hoc
1835 1116 1992 1168 quidem
2007 1117 2083 1155 iter
2095 1117 2151 1155 ita
2172 1124 2319 1154 certum
2338 1125 2410 1166 est,

1367 1189 1410 1217 ut
1442 1179 1489 1217 de
1521 1192 1567 1216 eo
1602 1176 1798 1215 neminem
1821 1183 1996 1214 veterum
2017 1174 2215 1214 dubitasse
2241 1174 2412 1226 reperia-

1367 1252 1464 1278 mus.
1485 1238 1580 1283 Quae
1605 1245 1702 1274 vero
1729 1244 1918 1286 praeterea
1936 1243 2201 1273 memorantur
2221 1233 2363 1273 itinera
2391 1249 2414 1273 a

1366 1298 1496 1336 Samio
1516 1295 1750 1347 philosopho
1767 1294 1814 1332 ad
1826 1293 2042 1342 Chaldaeos,
2057 1294 2263 1332 Persarum
2281 1306 2414 1343 magos

1367 1367 1480 1407 atque
1500 1355 1621 1393 Indos
1649 1362 1849 1405 suscepta,
1879 1353 2020 1405 partim
2042 1352 2163 1392 dubia
2180 1351 2243 1391 vel
2272 1365 2410 1403 parum

1350 1414 1517 1465 'integra
1560 1414 1635 1452 fide
1666 1413 1834 1460 tradita,
1868 1413 2011 1465 partim
2056 1426 2079 1451 a
2126 1411 2414 1465 posterioribus

1346 1506 1349 1509 ,
1368 1475 1517 1512 Graecis
1538 1474 1703 1511 conficta
1730 1481 1834 1512 sunt.
1860 1472 1967 1511 Adiit
1989 1481 2115 1511 autem
2146 1486 2169 1511 e
2187 1471 2336 1511 Graecis
2357 1473 2413 1511 ci-

1368 1534 1555 1572 vitatibus
1592 1534 1743 1573 Cretam
1773 1541 1811 1570 et
1838 1531 2154 1571 Lacedaemonem
2189 1530 2238 1570 ad
2270 1545 2415 1582 cogno-

1369 1593 1528 1631 scendas
1544 1593 1689 1631 Minois
1708 1601 1746 1630 et
1761 1591 1934 1643 Lycurgi
1951 1591 2117 1643 inclytas
2131 1604 2177 1630 ea
2193 1600 2417 1643 tempestate

1372 1713 1484 1743 μαντος
1495 1705 1550 1734 τοῦ
1563 1702 1720 1742 ἀπογόνου
1734 1702 1912 1744 Κρεοφύλου
1922 1725 1932 1741 ,
1942 1701 2001 1740 ἤδη
2017 1702 2236 1744 πρεσὸυτέρου.
2256 1702 2416 1743 Ροτρίιγν.

1370 1749 1428 1782 vit.
1446 1749 1576 1790 Pythag.
1599 1758 1668 1790 cap.
1698 1753 1712 1780 1
1734 1757 1741 1777 :
1761 1748 1968 1781 ἐπανελθόντα
1990 1749 2033 1786 εἰς
2057 1749 2112 1787 τήν
2137 1747 2260 1781 Ἰωνίαν
2277 1747 2417 1781 ἐντεῦθεν

1370 1798 1422 1829 τὸν
1445 1797 1631 1839 Πυθαγόραν
1652 1800 1775 1838 πρῶτον
1800 1797 1857 1838 μὲν
1873 1796 2034 1839 Φερεκύδῃ
2059 1798 2106 1837 τῷ
2125 1795 2228 1837 Συρίῳ
2243 1796 2393 1836 ὁμιλῆσαι
2407 1819 2417 1836 ,

1370 1845 1509 1886 δεύτερον
1533 1844 1558 1876 δ’
1570 1844 1806 1886 Ἑρμοδάμαντι
1821 1846 1866 1885 τῷ
1888 1843 2089 1886 Κρεοφυλίῳ,
2107 1842 2138 1875 ἐν
2161 1842 2258 1883 Σάμῳ
2274 1843 2333 1881 ἤδη
2355 1853 2416 1881 γη-

1370 1893 1527 1933 ράσκοντι.
1541 1893 1622 1925 Item
1637 1901 1706 1932 cap.
1725 1896 1743 1924 2
1759 1905 1767 1923 :
1783 1892 1948 1924 διακοῦσαι
1963 1890 1992 1922 δ’
2007 1890 2044 1922 οὐ
2060 1889 2152 1931 μόνον
2169 1890 2347 1931 Φερεκύδου
2363 1891 2417 1923 καὶ

1370 1939 1637 1980 Ἑρμοδάμαντος,
1656 1939 1733 1970 ἀλλὰ
1746 1939 1799 1970 καὶ
1817 1937 2051 1980 Ἀναξιμάνδρου
2065 1937 2156 1979 φησὶν
2175 1936 2277 1974 οὗτος·
2295 1939 2327 1970 et
2343 1947 2416 1979 cap.

1372 1991 1410 2019 55
1436 1986 1641 2024 ενοσήσαντα
1670 1986 1703 2018 δὲ
1727 1986 1782 2018 τὸν
1803 1985 1981 2027 Φερεκύδην
2007 1984 2039 2016 ἐν
2064 1984 2157 2025 Δήλῳ
2178 1985 2196 2015 ὁ
2226 1984 2417 2027 Πυθαγόρας

1371 2033 1561 2074 θεραπεύσας
1591 2033 1644 2064 καὶ
1674 2033 1873 2064 ἀποθανόντα
1903 2033 2006 2073 θάψας
2018 2055 2027 2071 ,
2059 2032 2102 2068 εἰς
2133 2030 2241 2072 Σάμον
2267 2031 2419 2070 ἐπανῆλθε

1371 2082 1457 2121 πόθῳ
1480 2085 1535 2112 τοῦ
1554 2081 1758 2121 συγγενέσθαι
1773 2079 2002 2121 Ἑρμοδάμαντι
2017 2081 2063 2120 τῷ
2081 2078 2279 2120 Κρεοφυλίῳ.
2298 2078 2418 2119 Apule-

1366 2128 1420 2168 jus
1446 2129 1562 2161 Florid.
1581 2138 1613 2169 p.
1631 2131 1689 2160 130
1707 2137 1746 2156 z«
1766 2128 1850 2165 Quin
1863 2127 1961 2161 etiam
1978 2126 2195 2167 Pherecydem
2212 2128 2292 2168 Syro
2310 2135 2351 2159 ex
2368 2127 2418 2159 in-

1371 2175 1441 2207 sula
1462 2176 1633 2208 oriundum
1650 2175 1707 2216 qui
1733 2175 1855 2216 primus
1875 2182 2027 2206 versuum
2051 2182 2137 2206 nexu
2162 2172 2330 2214 repudiato
2347 2182 2420 2207 con-

1370 2223 1508 2255 scribere
1523 2232 1621 2255 ausus
1641 2225 1692 2256 est
1710 2223 1813 2263 passis
1831 2222 1955 2263 verbis,
1972 2221 2078 2254 soluto
2096 2221 2218 2260 locum,
2233 2220 2332 2255 libera
2350 2231 2420 2255 ora-

1374 2271 1474 2312 tione,
1488 2280 1561 2303 eum
1574 2279 1701 2312 quoque
1713 2270 1913 2311 Pythagoras
1928 2268 2117 2310 magistrum
2131 2269 2241 2309 coluit,
2257 2270 2290 2301 et
2299 2268 2420 2302 infandi

1373 2318 1477 2350 morbi
1495 2317 1664 2358 putredine
1677 2318 1711 2349 in
1733 2317 1931 2358 serpentium
1952 2316 2094 2348 scabiem
2110 2315 2255 2348 solutum
2275 2316 2420 2357 religiose

1371 2364 1529 2397 humavit.
1548 2367 1663 2397 Fertur
1678 2367 1710 2397 et
1725 2373 1822 2405 penes
1840 2362 2117 2397 Anaximandrum
2139 2362 2299 2396 Milesium
2323 2365 2419 2396 natu-

1373 2413 1486 2444 rabilia
1508 2414 1745 2445 commentatus
1767 2421 1828 2444 nec
1847 2420 1914 2444 non
1926 2413 1960 2444 et
1975 2412 2163 2452 cretensem
2186 2409 2420 2453 Epimenidem,

1372 2459 1530 2500 inclytum
1547 2458 1739 2499 fatiloquum
1759 2461 1790 2491 et
1814 2459 1942 2500 poetam
1961 2457 2136 2498 disciplinae
2150 2457 2250 2497 gratia
2265 2456 2421 2498 sectatus,

1373 2506 1516 2546 itemque
1531 2505 1785 2538 Leodamantem
1814 2505 1988 2546 Creophyli
2022 2503 2223 2546 discipulum·
2241 2504 2298 2545 qui
2317 2505 2419 2537 ereo-

1374 2553 1490 2594 phylus
1519 2555 1719 2586 memoratur
1747 2556 1852 2595 poetae
1881 2553 2014 2586 Homeri
2049 2552 2165 2595 hospes
2193 2552 2228 2584 et
2253 2551 2422 2584 aemulator

1373 2600 1507 2633 cauendi
1553 2601 1663 2633 fuisse.
1695 2613 1712 2629 »
1748 2601 1966 2642 Pherecydem
2007 2600 2199 2640 Pythagorae
2233 2598 2421 2640 magistrum

1373 2647 1543 2680 nominant
1556 2647 1623 2679 Cic.
1641 2650 1736 2680 Tusc.
1757 2650 1783 2688 Ι,
1812 2653 1848 2681 16
1867 2651 1899 2680 et
1920 2648 1993 2680 DiV.
2017 2648 2045 2685 1,
2067 2651 2118 2679 50.
2143 2645 2224 2678 Plin.
2245 2645 2322 2678 hist.
2345 2648 2416 2678 nat.

1374 2695 1428 2727 lib.
1450 2697 1494 2736 ΙΙ,
1520 2698 1573 2728 79.
1593 2695 1694 2727 Clem.
1722 2696 1812 2728 Alex.
1840 2696 1897 2728 lib.
1927 2697 1944 2728 Ι
1964 2705 1996 2736 p.
2018 2697 2091 2727 300.
2114 2695 2151 2726 G.
2183 2693 2309 2726 Tatian.
2339 2695 2421 2726 orat.

1374 2742 1450 2774 adv.
1468 2744 1571 2775 Graec.
1591 2750 1666 2782 pag.
1694 2744 1754 2775 246
1774 2743 1827 2774 ed.
1852 2742 2016 2775 Benedict.
2034 2741 2153 2774 Euseb.
2171 2742 2278 2783 Proep.
2296 2744 2421 2783 Evaug.

1374 2792 1415 2830 x,
1437 2791 1456 2821 4
1482 2798 1512 2830 p.
1539 2791 1601 2822 470
1618 2790 1658 2820 D.
1683 2789 1885 2822 sambliehus
1897 2790 1954 2823 vit.
1977 2789 2118 2830 Pythag.
2137 2797 2208 2830 cap.
2227 2789 2258 2822 9.
2281 2791 2330 2823 11.
2350 2791 2439 2824 184.·
2473 2787 2475 2790 '

1376 2841 1447 2869 252.
1471 2836 1616 2868 AEliauus
1636 2845 1705 2868 var.
1729 2836 1805 2868 hist.
1829 2841 1860 2876 5,
1883 2841 1913 2870 2.
1939 2837 2126 2869 Laclantius
2143 2835 2246 2869 divin.
2259 2836 2335 2870 inst.
2349 2838 2423 2879 vu,

1376 2889 1407 2917 8.
1422 2883 1610 2916 Eustathius
1630 2892 1661 2923 p.
1689 2885 1787 2924 1786,
1809 2888 1860 2917 51.
1882 2887 1930 2916 De
1949 2883 2131 2924 Creopliylo
2150 2883 2362 2926 (Κρεωφύλῳ)
2381 2885 2422 2917 cf.

1374 2931 1480 2964 strab.
1505 2930 1560 2962 lib.
1585 2931 1661 2962 XIV
1675 2938 1746 2970 cap.
1761 2932 1788 2969 Ι,
1810 2933 1846 2963 18
1867 2938 1937 2971 pag.
1957 2934 2027 2963 638.
2046 2948 2087 2953 —-
2113 2930 2179 2972 (10)
2201 2930 2292 2971 Diog.
2313 2932 2423 2966 Laeti.

1375 2982 1430 3014 lib.
1447 2982 1540 3020 vul,
1561 2985 1578 3012 2
1602 2990 1610 3012 :
1630 2980 1696 3016 νέος
1714 2981 1746 3012 δὲ
1766 2980 1811 3011 ὢν
1827 2981 1880 3011 καὶ
1900 2981 2070 3022 φιλομαθὴς
2085 2981 2268 3023 ἀπεδήμησε
2289 2985 2343 3021 τῆς
2359 2993 2424 3015 πα-

1375 3030 1492 3072 τρίδος,
1506 3031 1559 3062 καὶ
1581 3028 1686 3064 πάσας
1702 3028 1822 3067 ἐμυήθη
1838 3027 1893 3064 τάς
1909 3039 1943 3060 τε
1956 3029 2141 3068 Ἑλληνικὰς
2159 3031 2213 3062 καὶ
2236 3030 2426 3072 βαρὸαρικὰς

1375 3078 1508 3114 τελετάς.
1520 3075 1637 3118 -(11)
1658 3075 1751 3115 Diog.
1767 3076 1874 3107 Laert.
1890 3076 1944 3108 lib.
1966 3079 2054 3118 VIII,
2071 3081 2090 3110 3
2107 3090 2114 3110 :
2129 3078 2249 3117 ἐγένετο
2260 3077 2314 3110 οὖν
2326 3078 2360 3111 ἐν
2371 3079 2428 3111 Αἰ-

1376 3124 1497 3164 γύπτῳ,
1516 3122 1654 3161 ὁπηνίκα
1673 3123 1727 3154 καὶ
1751 3122 1953 3164 Πολυκράτης
1973 3124 2067 3156 αὐτὸν
2083 3124 2230 3165 Ἀμάσιδι
2252 3125 2426 3163 συνέστησε

1376 3170 1414 3202 δι’
1431 3171 1610 3208 ἐπιστολῆς,
1636 3170 1690 3201 καὶ
1719 3169 1845 3210 ἐξέμαθε
1869 3170 1924 3207 τὴν
1953 3172 2056 3209 φωνὴν
2087 3173 2204 3213 αὐτῶν,
2224 3171 2309 3204 καθά
2332 3181 2428 3214 φησιν

1378 3217 1524 3258 Ἀντιφῶν
1540 3218 1572 3250 ἐν
1585 3220 1631 3258 τῷ
1651 3217 1721 3258 περὶ
1742 3219 1805 3248 τῶν
1822 3215 1854 3247 ἐν
1877 3216 1968 3258 ἀρετῇ
1991 3219 2241 3259 πρωτευσάντων
2260 3218 2326 3261 (cf.
2344 3221 2426 3252 Por-

1379 3264 1470 3304 phyr.
1492 3265 1531 3297 de
1550 3265 1616 3297 vita
1634 3264 1769 3304 Pythag.
1794 3272 1827 3304 p.
1847 3266 1866 3295 9
1882 3262 1916 3295 'et
1938 3265 2111 3298 Ruhnken.
2127 3266 2211 3308 disp.
2226 3266 2266 3298 de
2289 3266 2423 3306 Aniipb.

1377 3311 1409 3342 in
1432 3314 1551 3352 opusc.
1573 3313 1589 3344 1
1609 3320 1641 3351 p.
1662 3313 1720 3343 175
1735 3309 1785 3342 ed.
1803 3310 2045 3352 Friedemann.)
2065 3325 2072 3344 :
2094 3314 2147 3344 καὶ
2163 3313 2248 3354 παρὰ
2261 3313 2428 3350 Χαλδαίοις

1378 3358 1498 3398 ἐγένετο
1515 3360 1567 3390 καὶ
1586 3358 1709 3399 μάγοις.
1731 3357 1811 3389 Εἶτα
1825 3357 1856 3388 ἐν
1879 3358 1985 3399 Κρήτῃ
2004 3360 2060 3391 σὺν
2075 3359 2257 3401 Ἐπιμενίδῃ
2279 3362 2430 3399 κατῆλθεν

1378 3407 1419 3441 εἰς
1441 3407 1476 3437 τὸ
1501 3407 1615 3438 Ἰδαῖον
1638 3405 1758 3446 ἄντρον,
1776 3405 1855 3436 ἄλλα
1870 3406 1924 3436 καὶ
1949 3405 1980 3436 ἐν
2008 3407 2156 3447 Αἰγύπτῳ
2187 3409 2230 3444 εἰς
2250 3408 2289 3439 τὰ
2315 3409 2425 3440 ἄδυτα·

1378 3453 1430 3483 καὶ
1447 3453 1484 3483 τα
1503 3454 1572 3494 περὶ
1591 3454 1668 3484 θεῶν
1682 3452 1713 3484 ἐν
1733 3451 1922 3492 ἀποῤῥήτοις
1946 3452 2069 3491 ἔμαθεν.
2093 3454 2254 3486 Lucianus
2281 3456 2311 3486 in
2334 3454 2427 3487 Gallo

1381 3507 1415 3539 p.
1439 3504 1497 3531 252
1516 3511 1526 3532 ς
1542 3500 1731 3541 ἀπεδήμησα
1747 3499 1780 3531 δὲ
1804 3499 1847 3535 εἰς
1873 3499 2046 3540 Αἴγυπτον,
2068 3501 2111 3537 ὡς
2132 3501 2342 3542 συγγενοίμην
2369 3505 2432 3537 τοῖς

2635 2008 2638 2025 -4
2614 1927 2628 1986 ῆι».
2621 1903 2628 1908 ι
2620 1863 2623 1865 v
