<?xml version="1.0" encoding="UTF-8"?>
<!DOCTYPE html PUBLIC "-//W3C//DTD XHTML 1.0 Transitional//EN"
    "http://www.w3.org/TR/xhtml1/DTD/xhtml1-transitional.dtd">
<html xmlns="http://www.w3.org/1999/xhtml" xml:lang="en" lang="en">
 <head>
  <title>
</title>
<meta http-equiv="Content-Type" content="text/html;charset=utf-8" />
  <meta name='ocr-system' content='tesseract 3.04.00' />
  <meta name='ocr-capabilities' content='ocr_page ocr_carea ocr_par ocr_line ocrx_word'/>
</head>
<body>
  <div class='ocr_page' id='page_1' title='image "./fragmentaphiloso02mulluoft_0076.png"; bbox 0 0 2638 3840; ppageno 0'>
   <div class='ocr_carea' id='block_1_1' title="bbox 0 1655 40 3840">
    <p class='ocr_par' dir='ltr' id='par_1_1' title="bbox 0 1655 40 3840">
     <span class='ocr_line' id='line_1_1' title="bbox 0 1655 40 3840; baseline 0 0"><span class='ocrx_word' id='word_1_1' title='bbox 0 1655 40 3840; x_wconf 95' lang='lat' dir='ltr'> </span> 
     </span>
    </p>
   </div>
   <div class='ocr_carea' id='block_1_2' title="bbox 330 266 1590 309">
    <p class='ocr_par' dir='ltr' id='par_1_2' title="bbox 330 266 1590 309">
     <span class='ocr_line' id='line_1_2' title="bbox 330 266 1590 309; baseline -0.001 -1"><span class='ocrx_word' id='word_1_2' title='bbox 330 282 398 309; x_wconf 73' lang='lat' dir='ltr'>Lvi</span> <span class='ocrx_word' id='word_1_3' title='bbox 1175 267 1243 306; x_wconf 87' lang='lat' dir='ltr'>DE</span> <span class='ocrx_word' id='word_1_4' title='bbox 1271 266 1590 307; x_wconf 80' lang='lat' dir='ltr'>PYTHAGORA</span> 
     </span>
    </p>
   </div>
   <div class='ocr_carea' id='block_1_3' title="bbox 318 358 1369 1296">
    <p class='ocr_par' dir='ltr' id='par_1_3' title="bbox 318 358 1369 1296">
     <span class='ocr_line' id='line_1_3' title="bbox 324 358 1367 411; baseline -0.002 -13"><span class='ocrx_word' id='word_1_5' title='bbox 324 360 415 398; x_wconf 90' lang='lat' dir='ltr'>dum</span> <span class='ocrx_word' id='word_1_6' title='bbox 431 373 500 411; x_wconf 90' lang='lat' dir='ltr'>per</span> <span class='ocrx_word' id='word_1_7' title='bbox 513 360 806 411; x_wconf 80' lang='lat' dir='ltr'><strong>respirationem</strong></span> <span class='ocrx_word' id='word_1_8' title='bbox 824 359 962 396; x_wconf 89' lang='lat' dir='ltr'>odores</span> <span class='ocrx_word' id='word_1_9' title='bbox 985 358 1114 404; x_wconf 84' lang='lat' dir='ltr'>trahit,</span> <span class='ocrx_word' id='word_1_10' title='bbox 1134 359 1283 395; x_wconf 90' lang='lat' dir='ltr'>censuit</span> <span class='ocrx_word' id='word_1_11' title='bbox 1297 371 1367 396; x_wconf 84' lang='lat' dir='ltr'>nos</span> 
     </span>
     <span class='ocr_line' id='line_1_4' title="bbox 324 417 1367 472; baseline -0.003 -15"><span class='ocrx_word' id='word_1_12' title='bbox 324 420 490 457; x_wconf 84' lang='lat' dir='ltr'>odorari.</span> <span class='ocrx_word' id='word_1_13' title='bbox 510 420 641 457; x_wconf 83' lang='lat' dir='ltr'>Eidem</span> <span class='ocrx_word' id='word_1_14' title='bbox 657 419 691 469; x_wconf 93' lang='lat'>(1</span> <span class='ocrx_word' id='word_1_15' title='bbox 702 418 764 472; x_wconf 82' lang='lat'>58)</span> <span class='ocrx_word' id='word_1_16' title='bbox 776 420 899 470; x_wconf 87' lang='lat' dir='ltr'>placet</span> <span class='ocrx_word' id='word_1_17' title='bbox 910 418 1046 456; x_wconf 90' lang='lat' dir='ltr'>audire</span> <span class='ocrx_word' id='word_1_18' title='bbox 1064 417 1250 455; x_wconf 92' lang='lat' dir='ltr'>nosinani</span> <span class='ocrx_word' id='word_1_19' title='bbox 1262 417 1367 467; x_wconf 91' lang='lat' dir='ltr'>quod</span> 
     </span>
     <span class='ocr_line' id='line_1_5' title="bbox 323 475 1368 528; baseline -0.004 -12"><span class='ocrx_word' id='word_1_20' title='bbox 323 480 427 516; x_wconf 90' lang='lat' dir='ltr'>intra</span> <span class='ocrx_word' id='word_1_21' title='bbox 449 492 578 517; x_wconf 86' lang='lat' dir='ltr'>aurem</span> <span class='ocrx_word' id='word_1_22' title='bbox 605 487 680 526; x_wconf 87' lang='lat' dir='ltr'>est;</span> <span class='ocrx_word' id='word_1_23' title='bbox 701 478 740 516; x_wconf 88' lang='lat' dir='ltr'>id</span> <span class='ocrx_word' id='word_1_24' title='bbox 761 479 863 516; x_wconf 90' lang='lat' dir='ltr'>enim</span> <span class='ocrx_word' id='word_1_25' title='bbox 893 488 1103 528; x_wconf 86' lang='lat' dir='ltr'>personare</span> <span class='ocrx_word' id='word_1_26' title='bbox 1123 475 1368 526; x_wconf 82' lang='lat' dir='ltr'><strong>irrumpente</strong></span> 
     </span>
     <span class='ocr_line' id='line_1_6' title="bbox 323 534 1367 590; baseline -0.002 -15"><span class='ocrx_word' id='word_1_27' title='bbox 323 551 425 586; x_wconf 88' lang='lat' dir='ltr'>aere,</span> <span class='ocrx_word' id='word_1_28' title='bbox 436 538 626 590; x_wconf 90' lang='lat' dir='ltr'>siquidem</span> <span class='ocrx_word' id='word_1_29' title='bbox 640 552 760 576; x_wconf 86' lang='lat' dir='ltr'>vacua</span> <span class='ocrx_word' id='word_1_30' title='bbox 775 537 903 575; x_wconf 87' lang='lat' dir='ltr'>omnia</span> <span class='ocrx_word' id='word_1_31' title='bbox 918 546 1065 575; x_wconf 88' lang='lat' dir='ltr'>sonant.</span> <span class='ocrx_word' id='word_1_32' title='bbox 1079 534 1283 586; x_wconf 87' lang='lat' dir='ltr'>Duo(159)</span> <span class='ocrx_word' id='word_1_33' title='bbox 1296 534 1367 574; x_wconf 90' lang='lat' dir='ltr'>hu-</span> 
     </span>
     <span class='ocr_line' id='line_1_7' title="bbox 323 593 1367 647; baseline -0.006 -11"><span class='ocrx_word' id='word_1_34' title='bbox 323 611 523 636; x_wconf 85' lang='lat' dir='ltr'>manarum</span> <span class='ocrx_word' id='word_1_35' title='bbox 537 611 665 635; x_wconf 88' lang='lat' dir='ltr'>rerum</span> <span class='ocrx_word' id='word_1_36' title='bbox 687 611 826 647; x_wconf 85' lang='lat' dir='ltr'>genera</span> <span class='ocrx_word' id='word_1_37' title='bbox 836 596 1013 634; x_wconf 86' lang='lat' dir='ltr'>distinxit</span> <span class='ocrx_word' id='word_1_38' title='bbox 1024 607 1190 646; x_wconf 80' lang='lat' dir='ltr'>quorum</span> <span class='ocrx_word' id='word_1_39' title='bbox 1205 593 1367 632; x_wconf 82' lang='lat' dir='ltr'>alterum</span> 
     </span>
     <span class='ocr_line' id='line_1_8' title="bbox 322 652 1369 709; baseline -0.005 -14"><span class='ocrx_word' id='word_1_40' title='bbox 322 657 434 695; x_wconf 82' lang='lat' dir='ltr'>alteri</span> <span class='ocrx_word' id='word_1_41' title='bbox 463 658 685 709; x_wconf 89' lang='lat' dir='ltr'>oppositum</span> <span class='ocrx_word' id='word_1_42' title='bbox 718 665 828 701; x_wconf 90' lang='lat' dir='ltr'>esset,</span> <span class='ocrx_word' id='word_1_43' title='bbox 853 655 999 692; x_wconf 90' lang='lat' dir='ltr'>bonum</span> <span class='ocrx_word' id='word_1_44' title='bbox 1030 662 1068 691; x_wconf 91' lang='lat' dir='ltr'>et</span> <span class='ocrx_word' id='word_1_45' title='bbox 1092 653 1258 700; x_wconf 88' lang='lat' dir='ltr'>malum,</span> <span class='ocrx_word' id='word_1_46' title='bbox 1283 652 1369 691; x_wconf 92' lang='lat' dir='ltr'>dul-</span> 
     </span>
     <span class='ocr_line' id='line_1_9' title="bbox 322 712 1368 764; baseline -0.005 -10"><span class='ocrx_word' id='word_1_47' title='bbox 322 716 497 754; x_wconf 90' lang='lat' dir='ltr'>cedinem</span> <span class='ocrx_word' id='word_1_48' title='bbox 518 725 555 754; x_wconf 91' lang='lat' dir='ltr'>et</span> <span class='ocrx_word' id='word_1_49' title='bbox 572 715 884 761; x_wconf 82' lang='lat' dir='ltr'>amaritudinem,</span> <span class='ocrx_word' id='word_1_50' title='bbox 905 712 1210 762; x_wconf 84' lang='lat' dir='ltr'>magnitudinem</span> <span class='ocrx_word' id='word_1_51' title='bbox 1230 721 1267 750; x_wconf 91' lang='lat' dir='ltr'>et</span> <span class='ocrx_word' id='word_1_52' title='bbox 1283 725 1368 764; x_wconf 91' lang='lat' dir='ltr'>par-</span> 
     </span>
     <span class='ocr_line' id='line_1_10' title="bbox 321 770 1368 824; baseline -0.004 -10"><span class='ocrx_word' id='word_1_53' title='bbox 321 777 491 824; x_wconf 84' lang='lat' dir='ltr'>vitatem,</span> <span class='ocrx_word' id='word_1_54' title='bbox 522 776 688 813; x_wconf 90' lang='lat' dir='ltr'>colorem</span> <span class='ocrx_word' id='word_1_55' title='bbox 711 773 838 811; x_wconf 87' lang='lat' dir='ltr'>album</span> <span class='ocrx_word' id='word_1_56' title='bbox 857 782 893 810; x_wconf 87' lang='lat' dir='ltr'>et</span> <span class='ocrx_word' id='word_1_57' title='bbox 920 773 1091 822; x_wconf 88' lang='lat' dir='ltr'>nigrum.</span> <span class='ocrx_word' id='word_1_58' title='bbox 1123 770 1197 810; x_wconf 87' lang='lat' dir='ltr'>Sed</span> <span class='ocrx_word' id='word_1_59' title='bbox 1215 772 1310 823; x_wconf 91' lang='lat' dir='ltr'>quid</span> <span class='ocrx_word' id='word_1_60' title='bbox 1331 773 1368 810; x_wconf 91' lang='lat' dir='ltr'>ei</span> 
     </span>
     <span class='ocr_line' id='line_1_11' title="bbox 320 827 1368 885; baseline -0.004 -12"><span class='ocrx_word' id='word_1_61' title='bbox 320 827 514 885; x_wconf 79' lang='lat' dir='ltr'>peculiare</span> <span class='ocrx_word' id='word_1_62' title='bbox 535 835 649 872; x_wconf 85' lang='lat' dir='ltr'>fuerit</span> <span class='ocrx_word' id='word_1_63' title='bbox 664 834 711 871; x_wconf 88' lang='lat' dir='ltr'>de</span> <span class='ocrx_word' id='word_1_64' title='bbox 728 833 875 884; x_wconf 86' lang='lat' dir='ltr'>duplici</span> <span class='ocrx_word' id='word_1_65' title='bbox 888 833 960 870; x_wconf 90' lang='lat' dir='ltr'>hoc</span> <span class='ocrx_word' id='word_1_66' title='bbox 975 845 1103 870; x_wconf 87' lang='lat' dir='ltr'>rerum</span> <span class='ocrx_word' id='word_1_67' title='bbox 1114 844 1253 881; x_wconf 84' lang='lat' dir='ltr'><strong>genere</strong></span> <span class='ocrx_word' id='word_1_68' title='bbox 1265 844 1368 883; x_wconf 87' lang='lat' dir='ltr'>quae-</span> 
     </span>
     <span class='ocr_line' id='line_1_12' title="bbox 321 891 1367 942; baseline -0.002 -12"><span class='ocrx_word' id='word_1_69' title='bbox 321 895 436 941; x_wconf 89' lang='lat' dir='ltr'>renti,</span> <span class='ocrx_word' id='word_1_70' title='bbox 451 894 690 942; x_wconf 81' lang='lat' dir='ltr'>ignoramus.</span> <span class='ocrx_word' id='word_1_71' title='bbox 705 892 850 929; x_wconf 85' lang='lat' dir='ltr'>Lunam</span> <span class='ocrx_word' id='word_1_72' title='bbox 868 891 974 942; x_wconf 81' lang='lat'>(160)</span> <span class='ocrx_word' id='word_1_73' title='bbox 997 904 1113 942; x_wconf 89' lang='lat' dir='ltr'>quam</span> <span class='ocrx_word' id='word_1_74' title='bbox 1130 903 1201 942; x_wconf 88' lang='lat' dir='ltr'>per</span> <span class='ocrx_word' id='word_1_75' title='bbox 1215 891 1367 942; x_wconf 86' lang='lat' dir='ltr'>scaphae</span> 
     </span>
     <span class='ocr_line' id='line_1_13' title="bbox 320 951 1368 1002; baseline -0.001 -11"><span class='ocrx_word' id='word_1_76' title='bbox 320 954 615 991; x_wconf 86' lang='lat' dir='ltr'>conversionem</span> <span class='ocrx_word' id='word_1_77' title='bbox 649 952 814 989; x_wconf 82' lang='lat' dir='ltr'>delicere</span> <span class='ocrx_word' id='word_1_78' title='bbox 843 951 1027 1002; x_wconf 84' lang='lat' dir='ltr'>opinatur</span> <span class='ocrx_word' id='word_1_79' title='bbox 1055 960 1196 989; x_wconf 85' lang='lat' dir='ltr'>aeterna</span> <span class='ocrx_word' id='word_1_80' title='bbox 1229 960 1368 990; x_wconf 90' lang='lat' dir='ltr'>natura</span> 
     </span>
     <span class='ocr_line' id='line_1_14' title="bbox 318 1010 1368 1064; baseline 0 -14"><span class='ocrx_word' id='word_1_81' title='bbox 318 1012 516 1064; x_wconf 88' lang='lat' dir='ltr'>praeditam</span> <span class='ocrx_word' id='word_1_82' title='bbox 535 1025 618 1050; x_wconf 92' lang='lat' dir='ltr'>esse</span> <span class='ocrx_word' id='word_1_83' title='bbox 630 1011 828 1048; x_wconf 89' lang='lat' dir='ltr'>contendit</span> <span class='ocrx_word' id='word_1_84' title='bbox 848 1010 966 1063; x_wconf 85' lang='lat'><strong>(161).</strong></span> <span class='ocrx_word' id='word_1_85' title='bbox 985 1010 1093 1048; x_wconf 85' lang='lat' dir='ltr'><strong>Adde</strong></span> <span class='ocrx_word' id='word_1_86' title='bbox 1110 1011 1215 1061; x_wconf 89' lang='lat' dir='ltr'>quod</span> <span class='ocrx_word' id='word_1_87' title='bbox 1233 1011 1308 1049; x_wconf 92' lang='lat' dir='ltr'>soli</span> <span class='ocrx_word' id='word_1_88' title='bbox 1330 1020 1368 1050; x_wconf 90' lang='lat' dir='ltr'>et</span> 
     </span>
     <span class='ocr_line' id='line_1_15' title="bbox 319 1069 1367 1122; baseline -0.001 -13"><span class='ocrx_word' id='word_1_89' title='bbox 319 1071 481 1122; x_wconf 80' lang='lat' dir='ltr'>reliquis</span> <span class='ocrx_word' id='word_1_90' title='bbox 513 1071 707 1109; x_wconf 86' lang='lat' dir='ltr'>sideribus</span> <span class='ocrx_word' id='word_1_91' title='bbox 724 1069 970 1108; x_wconf 87' lang='lat' dir='ltr'>divinitatem</span> <span class='ocrx_word' id='word_1_92' title='bbox 989 1069 1108 1108; x_wconf 88' lang='lat' dir='ltr'>dedit.</span> <span class='ocrx_word' id='word_1_93' title='bbox 1129 1069 1234 1115; x_wconf 90' lang='lat' dir='ltr'>Quin</span> <span class='ocrx_word' id='word_1_94' title='bbox 1251 1070 1367 1108; x_wconf 88' lang='lat' dir='ltr'>etiam</span> 
     </span>
     <span class='ocr_line' id='line_1_16' title="bbox 319 1129 1364 1181; baseline -0.002 -13"><span class='ocrx_word' id='word_1_95' title='bbox 319 1132 489 1169; x_wconf 86' lang='lat' dir='ltr'>animum</span> <span class='ocrx_word' id='word_1_96' title='bbox 513 1131 724 1168; x_wconf 91' lang='lat' dir='ltr'>humanum</span> <span class='ocrx_word' id='word_1_97' title='bbox 744 1130 1003 1168; x_wconf 86' lang='lat' dir='ltr'>immortalem</span> <span class='ocrx_word' id='word_1_98' title='bbox 1026 1129 1238 1180; x_wconf 87' lang='lat' dir='ltr'>appellavit</span> <span class='ocrx_word' id='word_1_99' title='bbox 1260 1131 1364 1181; x_wconf 80' lang='lat'>(162)</span> 
     </span>
     <span class='ocr_line' id='line_1_17' title="bbox 318 1189 1365 1240; baseline 0.002 -14"><span class='ocrx_word' id='word_1_100' title='bbox 318 1202 484 1240; x_wconf 88' lang='lat' dir='ltr'>eumque</span> <span class='ocrx_word' id='word_1_101' title='bbox 502 1189 597 1227; x_wconf 90' lang='lat' dir='ltr'>solis</span> <span class='ocrx_word' id='word_1_102' title='bbox 627 1190 753 1227; x_wconf 84' lang='lat' dir='ltr'>instar</span> <span class='ocrx_word' id='word_1_103' title='bbox 772 1198 960 1240; x_wconf 89' lang='lat' dir='ltr'>perpetuo</span> <span class='ocrx_word' id='word_1_104' title='bbox 983 1189 1134 1227; x_wconf 88' lang='lat' dir='ltr'>moveri</span> <span class='ocrx_word' id='word_1_105' title='bbox 1153 1189 1365 1228; x_wconf 87' lang='lat' dir='ltr'>arbitratus</span> 
     </span>
     <span class='ocr_line' id='line_1_18' title="bbox 319 1249 1366 1296; baseline 0.001 -10"><span class='ocrx_word' id='word_1_106' title='bbox 319 1258 388 1289; x_wconf 91' lang='lat' dir='ltr'>est.</span> <span class='ocrx_word' id='word_1_107' title='bbox 406 1250 488 1288; x_wconf 94' lang='lat' dir='ltr'>Soli</span> <span class='ocrx_word' id='word_1_108' title='bbox 503 1249 747 1287; x_wconf 87' lang='lat' dir='ltr'>latitudinem</span> <span class='ocrx_word' id='word_1_109' title='bbox 762 1250 816 1287; x_wconf 86' lang='lat' dir='ltr'>ita</span> <span class='ocrx_word' id='word_1_110' title='bbox 830 1249 986 1296; x_wconf 90' lang='lat' dir='ltr'>tribuit,</span> <span class='ocrx_word' id='word_1_111' title='bbox 1003 1258 1043 1287; x_wconf 93' lang='lat' dir='ltr'>ut</span> <span class='ocrx_word' id='word_1_112' title='bbox 1057 1262 1142 1287; x_wconf 91' lang='lat' dir='ltr'>eum</span> <span class='ocrx_word' id='word_1_113' title='bbox 1159 1250 1272 1296; x_wconf 88' lang='lat' dir='ltr'>disci,</span> <span class='ocrx_word' id='word_1_114' title='bbox 1289 1263 1366 1287; x_wconf 89' lang='lat' dir='ltr'>non</span> 
     </span>
    </p>
   </div>
   <div class='ocr_carea' id='block_1_4' title="bbox 317 1307 1401 1359">
    <p class='ocr_par' dir='ltr' id='par_1_4' title="bbox 317 1307 1401 1359">
     <span class='ocr_line' id='line_1_19' title="bbox 317 1307 1401 1359; baseline 0 -13"><span class='ocrx_word' id='word_1_115' title='bbox 317 1308 425 1356; x_wconf 84' lang='lat' dir='ltr'>globi</span> <span class='ocrx_word' id='word_1_116' title='bbox 441 1310 602 1358; x_wconf 79' lang='lat' dir='ltr'>liguram</span> <span class='ocrx_word' id='word_1_117' title='bbox 619 1307 762 1346; x_wconf 87' lang='lat' dir='ltr'>habere</span> <span class='ocrx_word' id='word_1_118' title='bbox 775 1308 970 1346; x_wconf 88' lang='lat' dir='ltr'>existimet</span> <span class='ocrx_word' id='word_1_119' title='bbox 990 1309 1112 1359; x_wconf 88' lang='lat'>(163).</span> <span class='ocrx_word' id='word_1_120' title='bbox 1137 1308 1367 1358; x_wconf 84' lang='lat' dir='ltr'>Fragmenta</span> <span class='ocrx_word' id='word_1_121' title='bbox 1399 1320 1401 1328; x_wconf 73' lang='grc'>’</span> 
     </span>
    </p>
   </div>
   <div class='ocr_carea' id='block_1_5' title="bbox 317 1367 1366 1954">
    <p class='ocr_par' dir='ltr' id='par_1_5' title="bbox 318 1367 1366 1656">
     <span class='ocr_line' id='line_1_20' title="bbox 318 1367 1366 1420; baseline -0.001 -13"><span class='ocrx_word' id='word_1_122' title='bbox 318 1369 404 1420; x_wconf 91' lang='lat' dir='ltr'>ejus</span> <span class='ocrx_word' id='word_1_123' title='bbox 438 1368 546 1405; x_wconf 90' lang='lat' dir='ltr'>nulla</span> <span class='ocrx_word' id='word_1_124' title='bbox 573 1376 780 1419; x_wconf 89' lang='lat' dir='ltr'>supersunt</span> <span class='ocrx_word' id='word_1_125' title='bbox 804 1368 975 1418; x_wconf 84' lang='lat' dir='ltr'>exceptis</span> <span class='ocrx_word' id='word_1_126' title='bbox 1004 1367 1139 1419; x_wconf 88' lang='lat' dir='ltr'>paucis</span> <span class='ocrx_word' id='word_1_127' title='bbox 1163 1368 1366 1406; x_wconf 87' lang='lat' dir='ltr'>sententiis</span> 
     </span>
     <span class='ocr_line' id='line_1_21' title="bbox 319 1427 1365 1478; baseline -0.002 -12"><span class='ocrx_word' id='word_1_128' title='bbox 319 1440 416 1478; x_wconf 89' lang='lat' dir='ltr'>quas</span> <span class='ocrx_word' id='word_1_129' title='bbox 433 1427 766 1478; x_wconf 87' lang='lat' dir='ltr'>Pythagoreorum</span> <span class='ocrx_word' id='word_1_130' title='bbox 788 1427 968 1478; x_wconf 89' lang='lat' dir='ltr'>reliquiis</span> <span class='ocrx_word' id='word_1_131' title='bbox 982 1427 1203 1478; x_wconf 86' lang='lat' dir='ltr'>adjungam.</span> <span class='ocrx_word' id='word_1_132' title='bbox 1220 1427 1365 1465; x_wconf 83' lang='lat' dir='ltr'>Adver-</span> 
     </span>
     <span class='ocr_line' id='line_1_22' title="bbox 318 1487 1364 1538; baseline -0.002 -12"><span class='ocrx_word' id='word_1_133' title='bbox 318 1501 383 1527; x_wconf 90' lang='lat' dir='ltr'>sus</span> <span class='ocrx_word' id='word_1_134' title='bbox 403 1487 661 1525; x_wconf 68' lang='lat' dir='ltr'>Alcmaeonem</span> <span class='ocrx_word' id='word_1_135' title='bbox 684 1487 922 1525; x_wconf 89' lang='lat' dir='ltr'>Aristoteles</span> <span class='ocrx_word' id='word_1_136' title='bbox 948 1487 1106 1538; x_wconf 84' lang='lat' dir='ltr'>scripsit</span> <span class='ocrx_word' id='word_1_137' title='bbox 1125 1496 1364 1525; x_wconf 90' lang='lat' dir='ltr'>commenta-</span> 
     </span>
     <span class='ocr_line' id='line_1_23' title="bbox 321 1546 1364 1598; baseline -0.001 -13"><span class='ocrx_word' id='word_1_138' title='bbox 321 1548 422 1585; x_wconf 87' lang='lat' dir='ltr'>rium</span> <span class='ocrx_word' id='word_1_139' title='bbox 445 1547 513 1597; x_wconf 92' lang='lat' dir='ltr'>qui</span> <span class='ocrx_word' id='word_1_140' title='bbox 545 1546 624 1597; x_wconf 84' lang='lat' dir='ltr'>jam</span> <span class='ocrx_word' id='word_1_141' title='bbox 658 1546 810 1598; x_wconf 82' lang='lat' dir='ltr'>pridem</span> <span class='ocrx_word' id='word_1_142' title='bbox 846 1546 1072 1594; x_wconf 88' lang='lat' dir='ltr'>intercidit,</span> <span class='ocrx_word' id='word_1_143' title='bbox 1111 1555 1364 1584; x_wconf 89' lang='lat' dir='ltr'>memoratum</span> 
     </span>
     <span class='ocr_line' id='line_1_24' title="bbox 319 1604 909 1656; baseline 0 -12"><span class='ocrx_word' id='word_1_144' title='bbox 319 1606 485 1656; x_wconf 87' lang='lat' dir='ltr'>Diogeni</span> <span class='ocrx_word' id='word_1_145' title='bbox 504 1606 659 1643; x_wconf 83' lang='lat' dir='ltr'>Laertio</span> <span class='ocrx_word' id='word_1_146' title='bbox 686 1604 758 1645; x_wconf 86' lang='lat' dir='ltr'>lib.</span> <span class='ocrx_word' id='word_1_147' title='bbox 779 1604 826 1651; x_wconf 85' lang='lat' dir='ltr'>V,</span> <span class='ocrx_word' id='word_1_148' title='bbox 847 1605 909 1645; x_wconf 88' lang='lat'>25.</span> 
     </span>
    </p>

    <p class='ocr_par' dir='ltr' id='par_1_6' title="bbox 317 1663 1366 1954">
     <span class='ocr_line' id='line_1_25' title="bbox 377 1663 1366 1715; baseline 0.001 -14"><span class='ocrx_word' id='word_1_149' title='bbox 377 1666 529 1702; x_wconf 74' lang='lat' dir='ltr'>Theano</span> <span class='ocrx_word' id='word_1_150' title='bbox 547 1665 667 1715; x_wconf 72' lang='lat'>(164),</span> <span class='ocrx_word' id='word_1_151' title='bbox 686 1664 867 1702; x_wconf 89' lang='lat' dir='ltr'>Brontini</span> <span class='ocrx_word' id='word_1_152' title='bbox 883 1663 1118 1702; x_wconf 80' lang='lat' dir='ltr'>Crotoniatae</span> <span class='ocrx_word' id='word_1_153' title='bbox 1135 1665 1217 1702; x_wconf 88' lang='lat' dir='ltr'>filia</span> <span class='ocrx_word' id='word_1_154' title='bbox 1235 1673 1273 1702; x_wconf 92' lang='lat' dir='ltr'>et</span> <span class='ocrx_word' id='word_1_155' title='bbox 1288 1665 1366 1715; x_wconf 83' lang='lat' dir='ltr'>Py-</span> 
     </span>
     <span class='ocr_line' id='line_1_26' title="bbox 319 1723 1366 1774; baseline -0.001 -12"><span class='ocrx_word' id='word_1_156' title='bbox 319 1724 490 1774; x_wconf 86' lang='lat' dir='ltr'>thagorae</span> <span class='ocrx_word' id='word_1_157' title='bbox 509 1737 625 1771; x_wconf 85' lang='lat' dir='ltr'>uxor,</span> <span class='ocrx_word' id='word_1_158' title='bbox 660 1737 774 1774; x_wconf 90' lang='lat' dir='ltr'>quam</span> <span class='ocrx_word' id='word_1_159' title='bbox 797 1723 980 1773; x_wconf 89' lang='lat' dir='ltr'>Telaugis</span> <span class='ocrx_word' id='word_1_160' title='bbox 995 1754 1004 1772; x_wconf 96' lang='lat'>,</span> <span class='ocrx_word' id='word_1_161' title='bbox 1025 1723 1265 1770; x_wconf 90' lang='lat' dir='ltr'>Mnesarchi,</span> <span class='ocrx_word' id='word_1_162' title='bbox 1287 1725 1366 1761; x_wconf 84' lang='lat' dir='ltr'>Da-</span> 
     </span>
     <span class='ocr_line' id='line_1_27' title="bbox 318 1782 1366 1833; baseline -0.001 -12"><span class='ocrx_word' id='word_1_163' title='bbox 318 1783 468 1830; x_wconf 87' lang='lat' dir='ltr'>monis,</span> <span class='ocrx_word' id='word_1_164' title='bbox 507 1782 622 1833; x_wconf 82' lang='lat' dir='ltr'>Myiae</span> <span class='ocrx_word' id='word_1_165' title='bbox 670 1791 707 1820; x_wconf 93' lang='lat' dir='ltr'>et</span> <span class='ocrx_word' id='word_1_166' title='bbox 756 1782 964 1831; x_wconf 83' lang='lat' dir='ltr'>Arignotes</span> <span class='ocrx_word' id='word_1_167' title='bbox 1011 1791 1171 1820; x_wconf 88' lang='lat' dir='ltr'>matrem</span> <span class='ocrx_word' id='word_1_168' title='bbox 1216 1791 1366 1820; x_wconf 88' lang='lat' dir='ltr'>veteres</span> 
     </span>
     <span class='ocr_line' id='line_1_28' title="bbox 318 1841 1362 1894; baseline -0.002 -13"><span class='ocrx_word' id='word_1_169' title='bbox 318 1843 526 1894; x_wconf 87' lang='lat' dir='ltr'>scriptores</span> <span class='ocrx_word' id='word_1_170' title='bbox 554 1842 780 1888; x_wconf 91' lang='lat' dir='ltr'>nominant,</span> <span class='ocrx_word' id='word_1_171' title='bbox 806 1842 1012 1880; x_wconf 88' lang='lat' dir='ltr'>mulierum</span> <span class='ocrx_word' id='word_1_172' title='bbox 1039 1841 1362 1893; x_wconf 87' lang='lat' dir='ltr'>philosopharum</span> 
     </span>
     <span class='ocr_line' id='line_1_29' title="bbox 317 1900 1359 1954; baseline -0.002 -14"><span class='ocrx_word' id='word_1_173' title='bbox 317 1902 446 1954; x_wconf 88' lang='lat' dir='ltr'>prima</span> <span class='ocrx_word' id='word_1_174' title='bbox 487 1901 593 1953; x_wconf 83' lang='lat'>(165)</span> <span class='ocrx_word' id='word_1_175' title='bbox 633 1915 677 1939; x_wconf 88' lang='lat' dir='ltr'>ac</span> <span class='ocrx_word' id='word_1_176' title='bbox 710 1900 962 1939; x_wconf 88' lang='lat' dir='ltr'>celeberrima</span> <span class='ocrx_word' id='word_1_177' title='bbox 998 1900 1083 1940; x_wconf 86' lang='lat' dir='ltr'>fuit.</span> <span class='ocrx_word' id='word_1_178' title='bbox 1118 1900 1212 1946; x_wconf 89' lang='lat' dir='ltr'>Quae</span> <span class='ocrx_word' id='word_1_179' title='bbox 1241 1914 1359 1951; x_wconf 89' lang='lat' dir='ltr'>quum</span> 
     </span>
    </p>
   </div>
   <div class='ocr_carea' id='block_1_6' title="bbox 317 2047 1365 2186">
    <p class='ocr_par' dir='ltr' id='par_1_7' title="bbox 317 2047 1365 2186">
     <span class='ocr_line' id='line_1_30' title="bbox 319 2047 1364 2091; baseline -0.003 -8"><span class='ocrx_word' id='word_1_180' title='bbox 319 2050 404 2091; x_wconf 83' lang='lat'>(158)</span> <span class='ocrx_word' id='word_1_181' title='bbox 414 2052 466 2083; x_wconf 78' lang='lat' dir='ltr'>Fr.</span> <span class='ocrx_word' id='word_1_182' title='bbox 481 2049 629 2091; x_wconf 81' lang='lat'>5—(159)</span> <span class='ocrx_word' id='word_1_183' title='bbox 646 2049 666 2081; x_wconf 89' lang='grc' dir='ltr'>Ι.</span> <span class='ocrx_word' id='word_1_184' title='bbox 684 2057 713 2081; x_wconf 89' lang='lat' dir='ltr'>c.</span> <span class='ocrx_word' id='word_1_185' title='bbox 729 2058 737 2080; x_wconf 67' lang='grc' dir='ltr'><em>τ</em></span> <span class='ocrx_word' id='word_1_186' title='bbox 753 2048 862 2088; x_wconf 87' lang='grc' dir='ltr'>λέγων·</span> <span class='ocrx_word' id='word_1_187' title='bbox 874 2047 929 2080; x_wconf 82' lang='grc' dir='ltr'>δύο</span> <span class='ocrx_word' id='word_1_188' title='bbox 939 2047 978 2080; x_wconf 85' lang='grc' dir='ltr'>τὰ</span> <span class='ocrx_word' id='word_1_189' title='bbox 991 2048 1091 2080; x_wconf 84' lang='grc' dir='ltr'>πολλά</span> <span class='ocrx_word' id='word_1_190' title='bbox 1103 2048 1232 2080; x_wconf 85' lang='grc' dir='ltr'>ἐστιτῶν</span> <span class='ocrx_word' id='word_1_191' title='bbox 1251 2047 1364 2088; x_wconf 85' lang='grc' dir='ltr'>ἀνθρω-</span> 
     </span>
     <span class='ocr_line' id='line_1_31' title="bbox 317 2095 1364 2138; baseline -0.003 -8"><span class='ocrx_word' id='word_1_192' title='bbox 317 2099 426 2130; x_wconf 83' lang='grc' dir='ltr'>πίνων.</span> <span class='ocrx_word' id='word_1_193' title='bbox 436 2097 712 2137; x_wconf 76' lang='lat' dir='ltr'>Arisiot.Metapli.</span> <span class='ocrx_word' id='word_1_194' title='bbox 722 2097 750 2137; x_wconf 86' lang='lat'>1,</span> <span class='ocrx_word' id='word_1_195' title='bbox 764 2096 878 2136; x_wconf 86' lang='lat' dir='ltr'>5Diog.</span> <span class='ocrx_word' id='word_1_196' title='bbox 888 2097 961 2136; x_wconf 85' lang='grc' dir='ltr'>φησὶ</span> <span class='ocrx_word' id='word_1_197' title='bbox 972 2096 1031 2138; x_wconf 84' lang='grc' dir='ltr'>γὰρ</span> <span class='ocrx_word' id='word_1_198' title='bbox 1040 2095 1069 2136; x_wconf 88' lang='grc' dir='ltr'>[ὁ</span> <span class='ocrx_word' id='word_1_199' title='bbox 1087 2095 1272 2138; x_wconf 79' lang='grc' dir='ltr'>Ἀλκμαίων]</span> <span class='ocrx_word' id='word_1_200' title='bbox 1286 2096 1364 2128; x_wconf 83' lang='grc' dir='ltr'>εἶναι</span> 
     </span>
     <span class='ocr_line' id='line_1_32' title="bbox 318 2143 1365 2186; baseline -0.003 -8"><span class='ocrx_word' id='word_1_201' title='bbox 318 2146 372 2178; x_wconf 81' lang='grc' dir='ltr'>δύο</span> <span class='ocrx_word' id='word_1_202' title='bbox 390 2145 431 2178; x_wconf 88' lang='grc' dir='ltr'>τὰ</span> <span class='ocrx_word' id='word_1_203' title='bbox 445 2145 545 2177; x_wconf 84' lang='grc' dir='ltr'>πολλὰ</span> <span class='ocrx_word' id='word_1_204' title='bbox 557 2147 618 2176; x_wconf 87' lang='grc' dir='ltr'>τῶν</span> <span class='ocrx_word' id='word_1_205' title='bbox 635 2143 845 2186; x_wconf 82' lang='grc' dir='ltr'><strong>ἀνθρωπίνων,</strong></span> <span class='ocrx_word' id='word_1_206' title='bbox 855 2144 953 2184; x_wconf 88' lang='grc' dir='ltr'>λέγων</span> <span class='ocrx_word' id='word_1_207' title='bbox 962 2143 1017 2180; x_wconf 86' lang='grc' dir='ltr'>τὰς</span> <span class='ocrx_word' id='word_1_208' title='bbox 1033 2143 1246 2181; x_wconf 80' lang='grc' dir='ltr'>ἐναντιότητας</span> <span class='ocrx_word' id='word_1_209' title='bbox 1257 2144 1313 2184; x_wconf 81' lang='grc' dir='ltr'>οὐχ</span> <span class='ocrx_word' id='word_1_210' title='bbox 1323 2144 1365 2175; x_wconf 88' lang='grc' dir='ltr'>ὥ-</span> 
     </span>
    </p>
   </div>
   <div class='ocr_carea' id='block_1_7' title="bbox 318 2189 1397 2234">
    <p class='ocr_par' dir='ltr' id='par_1_8' title="bbox 318 2189 1397 2234">
     <span class='ocr_line' id='line_1_33' title="bbox 318 2189 1397 2234; baseline -0.004 -9"><span class='ocrx_word' id='word_1_211' title='bbox 318 2204 396 2234; x_wconf 89' lang='grc' dir='ltr'>σπερ</span> <span class='ocrx_word' id='word_1_212' title='bbox 407 2192 490 2225; x_wconf 86' lang='grc' dir='ltr'>οὗτοι</span> <span class='ocrx_word' id='word_1_213' title='bbox 501 2192 715 2233; x_wconf 81' lang='grc' dir='ltr'>διωρισμένας,</span> <span class='ocrx_word' id='word_1_214' title='bbox 724 2191 801 2222; x_wconf 80' lang='grc' dir='ltr'>ἀλλὰ</span> <span class='ocrx_word' id='word_1_215' title='bbox 813 2191 867 2227; x_wconf 85' lang='grc' dir='ltr'>τὰς</span> <span class='ocrx_word' id='word_1_216' title='bbox 875 2191 1043 2232; x_wconf 81' lang='grc' dir='ltr'>τυχούσας,</span> <span class='ocrx_word' id='word_1_217' title='bbox 1057 2191 1122 2222; x_wconf 76' lang='grc' dir='ltr'>οἷον</span> <span class='ocrx_word' id='word_1_218' title='bbox 1134 2191 1243 2222; x_wconf 87' lang='grc' dir='ltr'>λευκὸν</span> <span class='ocrx_word' id='word_1_219' title='bbox 1257 2191 1363 2231; x_wconf 83' lang='grc' dir='ltr'>μέλαν,</span> <span class='ocrx_word' id='word_1_220' title='bbox 1395 2189 1397 2202; x_wconf 87' lang='lat'><strong>¹</strong></span> 
     </span>
    </p>
   </div>
   <div class='ocr_carea' id='block_1_8' title="bbox 317 2237 1365 2515">
    <p class='ocr_par' dir='ltr' id='par_1_9' title="bbox 317 2237 1365 2515">
     <span class='ocr_line' id='line_1_34' title="bbox 324 2237 1363 2282; baseline -0.002 -11"><span class='ocrx_word' id='word_1_221' title='bbox 324 2240 414 2279; x_wconf 75' lang='grc' dir='ltr'>(λυκὺ</span> <span class='ocrx_word' id='word_1_222' title='bbox 421 2239 542 2282; x_wconf 78' lang='grc' dir='ltr'>πικρόν,</span> <span class='ocrx_word' id='word_1_223' title='bbox 549 2239 663 2280; x_wconf 86' lang='grc' dir='ltr'>ἀγαθὸν</span> <span class='ocrx_word' id='word_1_224' title='bbox 670 2238 780 2276; x_wconf 75' lang='grc' dir='ltr'>κακόν,</span> <span class='ocrx_word' id='word_1_225' title='bbox 792 2237 898 2279; x_wconf 87' lang='grc' dir='ltr'>μικρὸν</span> <span class='ocrx_word' id='word_1_226' title='bbox 918 2237 1066 2277; x_wconf 85' lang='grc' dir='ltr'>μέγα.-(</span> <span class='ocrx_word' id='word_1_227' title='bbox 1073 2241 1082 2268; x_wconf 83' lang='grc'>1</span> <span class='ocrx_word' id='word_1_228' title='bbox 1090 2238 1142 2277; x_wconf 84' lang='grc'>60)</span> <span class='ocrx_word' id='word_1_229' title='bbox 1156 2237 1246 2270; x_wconf 78' lang='lat' dir='ltr'>Stoi).</span> <span class='ocrx_word' id='word_1_230' title='bbox 1257 2238 1363 2277; x_wconf 84' lang='lat' dir='ltr'>Eclog.</span> 
     </span>
     <span class='ocr_line' id='line_1_35' title="bbox 329 2285 1363 2327; baseline -0.002 -8"><span class='ocrx_word' id='word_1_231' title='bbox 329 2286 373 2319; x_wconf 88' lang='lat' dir='ltr'>ib.</span> <span class='ocrx_word' id='word_1_232' title='bbox 390 2288 404 2319; x_wconf 94' lang='lat' dir='ltr'>I</span> <span class='ocrx_word' id='word_1_233' title='bbox 416 2295 485 2327; x_wconf 85' lang='lat' dir='ltr'>cap.</span> <span class='ocrx_word' id='word_1_234' title='bbox 498 2289 535 2319; x_wconf 88' lang='lat'>27</span> <span class='ocrx_word' id='word_1_235' title='bbox 551 2295 582 2326; x_wconf 86' lang='lat' dir='ltr'>p.</span> <span class='ocrx_word' id='word_1_236' title='bbox 597 2288 657 2318; x_wconf 82' lang='lat'>558</span> <span class='ocrx_word' id='word_1_237' title='bbox 670 2285 722 2317; x_wconf 88' lang='lat' dir='ltr'>ed.</span> <span class='ocrx_word' id='word_1_238' title='bbox 738 2287 872 2317; x_wconf 84' lang='lat' dir='ltr'>Heeren.</span> <span class='ocrx_word' id='word_1_239' title='bbox 885 2293 893 2315; x_wconf 73' lang='grc' dir='ltr'><strong><em>ε</em></strong></span> <span class='ocrx_word' id='word_1_240' title='bbox 907 2285 983 2326; x_wconf 89' lang='grc' dir='ltr'>Περὶ</span> <span class='ocrx_word' id='word_1_241' title='bbox 997 2285 1030 2316; x_wconf 80' lang='grc' dir='ltr'>δὲ</span> <span class='ocrx_word' id='word_1_242' title='bbox 1041 2285 1208 2325; x_wconf 85' lang='grc' dir='ltr'>ἐκλείψεως</span> <span class='ocrx_word' id='word_1_243' title='bbox 1220 2285 1363 2323; x_wconf 81' lang='grc' dir='ltr'>σελήνης.</span> 
     </span>
     <span class='ocr_line' id='line_1_36' title="bbox 321 2331 1365 2374; baseline -0.003 -8"><span class='ocrx_word' id='word_1_244' title='bbox 321 2333 508 2374; x_wconf 87' lang='grc' dir='ltr'>Αλκμαίων,</span> <span class='ocrx_word' id='word_1_245' title='bbox 526 2332 724 2374; x_wconf 79' lang='grc' dir='ltr'>Ἡράκλειτος</span> <span class='ocrx_word' id='word_1_246' title='bbox 735 2356 744 2372; x_wconf 88' lang='grc'>,</span> <span class='ocrx_word' id='word_1_247' title='bbox 761 2333 905 2371; x_wconf 74' lang='grc' dir='ltr'>Ἀντιφῶν</span> <span class='ocrx_word' id='word_1_248' title='bbox 921 2331 1004 2363; x_wconf 86' lang='grc' dir='ltr'>κατὰ</span> <span class='ocrx_word' id='word_1_249' title='bbox 1018 2331 1074 2369; x_wconf 81' lang='grc' dir='ltr'>τὴν</span> <span class='ocrx_word' id='word_1_250' title='bbox 1089 2334 1144 2363; x_wconf 78' lang='grc' dir='ltr'>τοῦ</span> <span class='ocrx_word' id='word_1_251' title='bbox 1161 2331 1365 2372; x_wconf 79' lang='grc' dir='ltr'>σκαφοειδοῦς</span> 
     </span>
     <span class='ocr_line' id='line_1_37' title="bbox 318 2377 1361 2423; baseline -0.002 -10"><span class='ocrx_word' id='word_1_252' title='bbox 318 2381 452 2423; x_wconf 82' lang='grc' dir='ltr'>στροφὴν</span> <span class='ocrx_word' id='word_1_253' title='bbox 470 2381 523 2412; x_wconf 85' lang='grc' dir='ltr'>καὶ</span> <span class='ocrx_word' id='word_1_254' title='bbox 544 2380 598 2417; x_wconf 81' lang='grc' dir='ltr'>τὰς</span> <span class='ocrx_word' id='word_1_255' title='bbox 615 2379 814 2422; x_wconf 63' lang='grc' dir='ltr'>περι-κλίσεις.</span> <span class='ocrx_word' id='word_1_256' title='bbox 835 2398 876 2406; x_wconf 89' lang='grc'>-</span> <span class='ocrx_word' id='word_1_257' title='bbox 896 2377 985 2420; x_wconf 83' lang='grc'><strong>(161)</strong></span> <span class='ocrx_word' id='word_1_258' title='bbox 1005 2379 1163 2418; x_wconf 76' lang='lat' dir='ltr'>Diogenes</span> <span class='ocrx_word' id='word_1_259' title='bbox 1178 2379 1326 2411; x_wconf 82' lang='lat' dir='ltr'>Laertius</span> <span class='ocrx_word' id='word_1_260' title='bbox 1338 2378 1361 2411; x_wconf 88' lang='grc'>1.</span> 
     </span>
     <span class='ocr_line' id='line_1_38' title="bbox 317 2425 1362 2466; baseline -0.001 -7"><span class='ocrx_word' id='word_1_261' title='bbox 317 2436 346 2459; x_wconf 89' lang='lat' dir='ltr'>c.</span> <span class='ocrx_word' id='word_1_262' title='bbox 361 2436 370 2458; x_wconf 69' lang='grc' dir='ltr'>ε</span> <span class='ocrx_word' id='word_1_263' title='bbox 384 2427 437 2458; x_wconf 87' lang='grc' dir='ltr'>καὶ</span> <span class='ocrx_word' id='word_1_264' title='bbox 455 2427 512 2465; x_wconf 79' lang='grc' dir='ltr'>τὴν</span> <span class='ocrx_word' id='word_1_265' title='bbox 530 2427 660 2464; x_wconf 83' lang='grc' dir='ltr'>σελήνην</span> <span class='ocrx_word' id='word_1_266' title='bbox 678 2426 793 2464; x_wconf 82' lang='grc' dir='ltr'>ταύτην</span> <span class='ocrx_word' id='word_1_267' title='bbox 806 2425 942 2458; x_wconf 78' lang='grc' dir='ltr'>καθόλου</span> <span class='ocrx_word' id='word_1_268' title='bbox 957 2426 1039 2466; x_wconf 84' lang='grc' dir='ltr'>ἔχειν</span> <span class='ocrx_word' id='word_1_269' title='bbox 1049 2425 1149 2458; x_wconf 81' lang='grc' dir='ltr'>ἀΐδιον</span> <span class='ocrx_word' id='word_1_270' title='bbox 1168 2426 1270 2466; x_wconf 80' lang='grc' dir='ltr'>φύσιν.</span> <span class='ocrx_word' id='word_1_271' title='bbox 1289 2426 1362 2458; x_wconf 82' lang='lat' dir='ltr'>Gie-</span> 
     </span>
     <span class='ocr_line' id='line_1_39' title="bbox 319 2473 1363 2515; baseline 0.001 -10"><span class='ocrx_word' id='word_1_272' title='bbox 319 2482 423 2511; x_wconf 73' lang='lat' dir='ltr'>mens,</span> <span class='ocrx_word' id='word_1_273' title='bbox 437 2474 468 2505; x_wconf 88' lang='lat' dir='ltr'>in</span> <span class='ocrx_word' id='word_1_274' title='bbox 484 2473 708 2507; x_wconf 80' lang='lat' dir='ltr'>Admonitione</span> <span class='ocrx_word' id='word_1_275' title='bbox 720 2474 759 2505; x_wconf 89' lang='lat' dir='ltr'>ad</span> <span class='ocrx_word' id='word_1_276' title='bbox 778 2475 897 2506; x_wconf 83' lang='lat' dir='ltr'>Gentes</span> <span class='ocrx_word' id='word_1_277' title='bbox 915 2483 946 2514; x_wconf 83' lang='grc' dir='ltr'>ρ.</span> <span class='ocrx_word' id='word_1_278' title='bbox 965 2476 1017 2505; x_wconf 82' lang='grc'>43.</span> <span class='ocrx_word' id='word_1_279' title='bbox 1043 2474 1070 2504; x_wconf 90' lang='lat' dir='ltr'>D</span> <span class='ocrx_word' id='word_1_280' title='bbox 1084 2482 1093 2504; x_wconf 75' lang='grc' dir='ltr'><strong><em>ε</em></strong></span> <span class='ocrx_word' id='word_1_281' title='bbox 1106 2474 1124 2505; x_wconf 87' lang='grc' dir='ltr'><strong>ὁ</strong></span> <span class='ocrx_word' id='word_1_282' title='bbox 1139 2475 1198 2515; x_wconf 86' lang='grc' dir='ltr'>γάρ</span> <span class='ocrx_word' id='word_1_283' title='bbox 1217 2484 1264 2505; x_wconf 88' lang='grc' dir='ltr'>τοι</span> <span class='ocrx_word' id='word_1_284' title='bbox 1284 2474 1363 2515; x_wconf 85' lang='grc' dir='ltr'>Κρο-</span> 
     </span>
    </p>
   </div>
   <div class='ocr_carea' id='block_1_9' title="bbox 318 2566 1366 2750">
    <p class='ocr_par' dir='ltr' id='par_1_10' title="bbox 318 2566 1366 2750">
     <span class='ocr_line' id='line_1_40' title="bbox 318 2566 1366 2609; baseline 0.004 -12"><span class='ocrx_word' id='word_1_285' title='bbox 318 2566 419 2603; x_wconf 80' lang='grc' dir='ltr'>ὄντας.</span> <span class='ocrx_word' id='word_1_286' title='bbox 450 2567 543 2599; x_wconf 83' lang='lat' dir='ltr'>conf.</span> <span class='ocrx_word' id='word_1_287' title='bbox 567 2568 680 2600; x_wconf 84' lang='lat' dir='ltr'>Cicero</span> <span class='ocrx_word' id='word_1_288' title='bbox 705 2567 745 2599; x_wconf 87' lang='lat' dir='ltr'>de</span> <span class='ocrx_word' id='word_1_289' title='bbox 775 2570 844 2600; x_wconf 81' lang='lat' dir='ltr'>nat.</span> <span class='ocrx_word' id='word_1_290' title='bbox 873 2568 1007 2600; x_wconf 82' lang='lat' dir='ltr'>deorum</span> <span class='ocrx_word' id='word_1_291' title='bbox 1029 2568 1085 2600; x_wconf 86' lang='lat' dir='ltr'>lib.</span> <span class='ocrx_word' id='word_1_292' title='bbox 1104 2569 1122 2600; x_wconf 95' lang='lat' dir='ltr'>I</span> <span class='ocrx_word' id='word_1_293' title='bbox 1146 2577 1221 2609; x_wconf 86' lang='lat' dir='ltr'>cap.</span> <span class='ocrx_word' id='word_1_294' title='bbox 1244 2572 1296 2601; x_wconf 90' lang='lat'>27.</span> <span class='ocrx_word' id='word_1_295' title='bbox 1324 2587 1366 2593; x_wconf 92' lang='lat'>-—</span> 
     </span>
     <span class='ocr_line' id='line_1_41' title="bbox 319 2613 1365 2657; baseline 0.004 -13"><span class='ocrx_word' id='word_1_296' title='bbox 319 2613 406 2654; x_wconf 77' lang='lat'>(¹62)</span> <span class='ocrx_word' id='word_1_297' title='bbox 422 2614 580 2654; x_wconf 82' lang='lat' dir='ltr'>Diogenes</span> <span class='ocrx_word' id='word_1_298' title='bbox 597 2614 741 2646; x_wconf 82' lang='lat' dir='ltr'>Laertius</span> <span class='ocrx_word' id='word_1_299' title='bbox 766 2614 786 2646; x_wconf 92' lang='grc' dir='ltr'>Ι.</span> <span class='ocrx_word' id='word_1_300' title='bbox 805 2623 838 2647; x_wconf 86' lang='lat' dir='ltr'>c.</span> <span class='ocrx_word' id='word_1_301' title='bbox 860 2623 867 2642; x_wconf 71' lang='lat'><em>³</em></span> <span class='ocrx_word' id='word_1_302' title='bbox 885 2615 941 2655; x_wconf 73' lang='grc' dir='ltr'>ἔφη</span> <span class='ocrx_word' id='word_1_303' title='bbox 958 2615 991 2647; x_wconf 81' lang='grc' dir='ltr'>δὲ</span> <span class='ocrx_word' id='word_1_304' title='bbox 1009 2615 1064 2646; x_wconf 86' lang='grc' dir='ltr'>καὶ</span> <span class='ocrx_word' id='word_1_305' title='bbox 1087 2617 1142 2653; x_wconf 84' lang='grc' dir='ltr'>τὴν</span> <span class='ocrx_word' id='word_1_306' title='bbox 1165 2617 1271 2657; x_wconf 78' lang='grc' dir='ltr'>ψυχὴν</span> <span class='ocrx_word' id='word_1_307' title='bbox 1288 2616 1365 2648; x_wconf 85' lang='grc' dir='ltr'>ἀθά-</span> 
     </span>
     <span class='ocr_line' id='line_1_42' title="bbox 318 2661 1365 2702; baseline 0.003 -10"><span class='ocrx_word' id='word_1_308' title='bbox 318 2670 422 2701; x_wconf 74' lang='grc' dir='ltr'>ναῖον,</span> <span class='ocrx_word' id='word_1_309' title='bbox 433 2661 486 2691; x_wconf 88' lang='grc' dir='ltr'>καὶ</span> <span class='ocrx_word' id='word_1_310' title='bbox 507 2661 659 2692; x_wconf 86' lang='grc' dir='ltr'>κινεῖσθαι</span> <span class='ocrx_word' id='word_1_311' title='bbox 676 2661 773 2699; x_wconf 80' lang='grc' dir='ltr'>αὐτὴν</span> <span class='ocrx_word' id='word_1_312' title='bbox 798 2665 937 2702; x_wconf 79' lang='grc' dir='ltr'>συνεχῶς</span> <span class='ocrx_word' id='word_1_313' title='bbox 956 2663 998 2697; x_wconf 89' lang='grc' dir='ltr'>ὡς</span> <span class='ocrx_word' id='word_1_314' title='bbox 1018 2662 1071 2694; x_wconf 85' lang='grc' dir='ltr'>τὸν</span> <span class='ocrx_word' id='word_1_315' title='bbox 1092 2663 1191 2700; x_wconf 80' lang='grc' dir='ltr'>ἥλιον.</span> <span class='ocrx_word' id='word_1_316' title='bbox 1216 2663 1365 2695; x_wconf 82' lang='lat' dir='ltr'>Theodo-</span> 
     </span>
     <span class='ocr_line' id='line_1_43' title="bbox 319 2707 1366 2750; baseline 0.003 -10"><span class='ocrx_word' id='word_1_317' title='bbox 319 2709 408 2740; x_wconf 82' lang='lat' dir='ltr'>retus</span> <span class='ocrx_word' id='word_1_318' title='bbox 424 2710 572 2742; x_wconf 84' lang='lat' dir='ltr'>Sermon.</span> <span class='ocrx_word' id='word_1_319' title='bbox 585 2717 617 2740; x_wconf 73' lang='lat' dir='ltr'>v,</span> <span class='ocrx_word' id='word_1_320' title='bbox 635 2708 753 2745; x_wconf 71' lang='grc' dir='ltr'>ιΘαλῆς</span> <span class='ocrx_word' id='word_1_321' title='bbox 769 2707 872 2739; x_wconf 75' lang='grc' dir='ltr'>τοίνυν</span> <span class='ocrx_word' id='word_1_322' title='bbox 891 2709 1024 2746; x_wconf 74' lang='grc' dir='ltr'>κέκληκε</span> <span class='ocrx_word' id='word_1_323' title='bbox 1042 2710 1097 2747; x_wconf 79' lang='grc' dir='ltr'>τὴν</span> <span class='ocrx_word' id='word_1_324' title='bbox 1110 2710 1213 2750; x_wconf 80' lang='grc' dir='ltr'>ψυχὴν</span> <span class='ocrx_word' id='word_1_325' title='bbox 1222 2710 1366 2748; x_wconf 78' lang='grc' dir='ltr'>ἀκίνητον</span> 
     </span>
    </p>
   </div>
   <div class='ocr_carea' id='block_1_10' title="bbox 318 2752 1399 2797">
    <p class='ocr_par' dir='ltr' id='par_1_11' title="bbox 318 2752 1399 2797">
     <span class='ocr_line' id='line_1_44' title="bbox 318 2752 1399 2797; baseline 0.003 -11"><span class='ocrx_word' id='word_1_326' title='bbox 318 2755 422 2795; x_wconf 82' lang='grc' dir='ltr'>φύσιν,</span> <span class='ocrx_word' id='word_1_327' title='bbox 453 2753 586 2792; x_wconf 79' lang='grc' dir='ltr'>Ἀλκμὰν</span> <span class='ocrx_word' id='word_1_328' title='bbox 611 2752 644 2784; x_wconf 88' lang='grc' dir='ltr'>δὲ</span> <span class='ocrx_word' id='word_1_329' title='bbox 671 2752 767 2791; x_wconf 80' lang='grc' dir='ltr'>αὐτὴν</span> <span class='ocrx_word' id='word_1_330' title='bbox 801 2753 1002 2790; x_wconf 79' lang='grc' dir='ltr'>αὐτοκίνητον</span> <span class='ocrx_word' id='word_1_331' title='bbox 1042 2754 1174 2795; x_wconf 83' lang='grc' dir='ltr'>εἴρηκεν.</span> <span class='ocrx_word' id='word_1_332' title='bbox 1215 2757 1366 2788; x_wconf 79' lang='lat' dir='ltr'>Stobaeus</span> <span class='ocrx_word' id='word_1_333' title='bbox 1396 2778 1399 2797; x_wconf 52' lang='grc' dir='ltr'><strong>ἱ</strong></span> 
     </span>
    </p>
   </div>
   <div class='ocr_carea' id='block_1_11' title="bbox 318 2801 1366 2886">
    <p class='ocr_par' dir='ltr' id='par_1_12' title="bbox 318 2801 1366 2886">
     <span class='ocr_line' id='line_1_45' title="bbox 318 2801 1366 2842; baseline 0.001 -9"><span class='ocrx_word' id='word_1_334' title='bbox 318 2801 427 2841; x_wconf 83' lang='lat' dir='ltr'>Eclog.</span> <span class='ocrx_word' id='word_1_335' title='bbox 446 2801 505 2832; x_wconf 87' lang='lat' dir='ltr'>lib.</span> <span class='ocrx_word' id='word_1_336' title='bbox 522 2802 536 2832; x_wconf 89' lang='lat'>1</span> <span class='ocrx_word' id='word_1_337' title='bbox 554 2809 623 2840; x_wconf 84' lang='lat' dir='ltr'>cap.</span> <span class='ocrx_word' id='word_1_338' title='bbox 640 2803 679 2831; x_wconf 83' lang='lat'>52</span> <span class='ocrx_word' id='word_1_339' title='bbox 700 2808 771 2840; x_wconf 79' lang='lat' dir='ltr'>pag.</span> <span class='ocrx_word' id='word_1_340' title='bbox 789 2803 851 2832; x_wconf 87' lang='lat'>796</span> <span class='ocrx_word' id='word_1_341' title='bbox 873 2801 924 2831; x_wconf 82' lang='lat' dir='ltr'>ed.</span> <span class='ocrx_word' id='word_1_342' title='bbox 944 2802 1037 2832; x_wconf 79' lang='lat' dir='ltr'>Heer.</span> <span class='ocrx_word' id='word_1_343' title='bbox 1057 2813 1065 2832; x_wconf 88' lang='lat'>:</span> <span class='ocrx_word' id='word_1_344' title='bbox 1081 2801 1253 2842; x_wconf 75' lang='grc' dir='ltr'>Ἀλκμαίων</span> <span class='ocrx_word' id='word_1_345' title='bbox 1274 2802 1366 2842; x_wconf 80' lang='grc' dir='ltr'>φύσιν</span> 
     </span>
     <span class='ocr_line' id='line_1_46' title="bbox 319 2845 1363 2886; baseline 0.001 -6"><span class='ocrx_word' id='word_1_346' title='bbox 319 2847 520 2886; x_wconf 80' lang='grc' dir='ltr'>αὐτοκίνητον</span> <span class='ocrx_word' id='word_1_347' title='bbox 538 2845 607 2878; x_wconf 82' lang='grc' dir='ltr'>κατ’</span> <span class='ocrx_word' id='word_1_348' title='bbox 627 2846 726 2878; x_wconf 86' lang='grc' dir='ltr'>ἀΐδιον</span> <span class='ocrx_word' id='word_1_349' title='bbox 747 2847 881 2885; x_wconf 85' lang='grc' dir='ltr'>κίνησιν,</span> <span class='ocrx_word' id='word_1_350' title='bbox 894 2847 947 2878; x_wconf 87' lang='grc' dir='ltr'>καὶ</span> <span class='ocrx_word' id='word_1_351' title='bbox 961 2847 1012 2878; x_wconf 84' lang='grc' dir='ltr'>διὰ</span> <span class='ocrx_word' id='word_1_352' title='bbox 1031 2850 1123 2879; x_wconf 82' lang='grc' dir='ltr'>τοῦτο</span> <span class='ocrx_word' id='word_1_353' title='bbox 1141 2849 1292 2881; x_wconf 87' lang='grc' dir='ltr'>ἀθάνατον</span> <span class='ocrx_word' id='word_1_354' title='bbox 1304 2850 1363 2881; x_wconf 84' lang='grc' dir='ltr'>αὐ-</span> 
     </span>
    </p>
   </div>
   <div class='ocr_carea' id='block_1_12' title="bbox 319 2893 1399 2942">
    <p class='ocr_par' dir='ltr' id='par_1_13' title="bbox 319 2893 1399 2942">
     <span class='ocr_line' id='line_1_47' title="bbox 319 2893 1399 2942; baseline 0.002 -15"><span class='ocrx_word' id='word_1_355' title='bbox 319 2896 374 2934; x_wconf 77' lang='grc' dir='ltr'>τὴν</span> <span class='ocrx_word' id='word_1_356' title='bbox 392 2896 446 2927; x_wconf 86' lang='grc' dir='ltr'>καὶ</span> <span class='ocrx_word' id='word_1_357' title='bbox 468 2896 662 2936; x_wconf 73' lang='grc' dir='ltr'>προσεμφερῆ</span> <span class='ocrx_word' id='word_1_358' title='bbox 687 2896 750 2930; x_wconf 79' lang='grc' dir='ltr'>τοῖς</span> <span class='ocrx_word' id='word_1_359' title='bbox 772 2893 862 2930; x_wconf 86' lang='grc' dir='ltr'>θείοις</span> <span class='ocrx_word' id='word_1_360' title='bbox 876 2893 1099 2933; x_wconf 74' lang='grc' dir='ltr'>ὑπολαμὸάνει.</span> <span class='ocrx_word' id='word_1_361' title='bbox 1121 2912 1160 2918; x_wconf 90' lang='grc'><strong>-</strong></span> <span class='ocrx_word' id='word_1_362' title='bbox 1176 2895 1267 2936; x_wconf 81' lang='grc'><strong>(163)</strong></span> <span class='ocrx_word' id='word_1_363' title='bbox 1290 2899 1364 2929; x_wconf 79' lang='lat' dir='ltr'>sto·</span> <span class='ocrx_word' id='word_1_364' title='bbox 1398 2936 1399 2942; x_wconf 12' lang='grc' dir='ltr'>ἵ</span> 
     </span>
    </p>
   </div>
   <div class='ocr_carea' id='block_1_13' title="bbox 318 2941 1367 3029">
    <p class='ocr_par' dir='ltr' id='par_1_14' title="bbox 318 2941 1367 3029">
     <span class='ocr_line' id='line_1_48' title="bbox 318 2941 1367 2982; baseline 0.003 -9"><span class='ocrx_word' id='word_1_365' title='bbox 318 2942 409 2973; x_wconf 77' lang='lat' dir='ltr'>boeus</span> <span class='ocrx_word' id='word_1_366' title='bbox 428 2941 536 2980; x_wconf 78' lang='lat' dir='ltr'>Eclog.</span> <span class='ocrx_word' id='word_1_367' title='bbox 560 2941 615 2972; x_wconf 88' lang='lat' dir='ltr'>lib.</span> <span class='ocrx_word' id='word_1_368' title='bbox 636 2942 652 2972; x_wconf 92' lang='lat' dir='ltr'>I</span> <span class='ocrx_word' id='word_1_369' title='bbox 668 2949 736 2980; x_wconf 83' lang='lat' dir='ltr'>cap.</span> <span class='ocrx_word' id='word_1_370' title='bbox 759 2944 798 2972; x_wconf 88' lang='lat'>26</span> <span class='ocrx_word' id='word_1_371' title='bbox 818 2950 854 2981; x_wconf 80' lang='lat' dir='ltr'>p.</span> <span class='ocrx_word' id='word_1_372' title='bbox 876 2944 935 2973; x_wconf 83' lang='lat'>526</span> <span class='ocrx_word' id='word_1_373' title='bbox 954 2950 962 2971; x_wconf 74' lang='lat' dir='ltr'>t</span> <span class='ocrx_word' id='word_1_374' title='bbox 986 2942 1159 2982; x_wconf 78' lang='grc' dir='ltr'>Ἀλκμαίων</span> <span class='ocrx_word' id='word_1_375' title='bbox 1182 2944 1303 2976; x_wconf 78' lang='grc' dir='ltr'>πλατὺν</span> <span class='ocrx_word' id='word_1_376' title='bbox 1323 2945 1367 2976; x_wconf 79' lang='grc' dir='ltr'>εἷ-</span> 
     </span>
     <span class='ocr_line' id='line_1_49' title="bbox 318 2987 1363 3029; baseline 0.002 -8"><span class='ocrx_word' id='word_1_377' title='bbox 318 3000 369 3021; x_wconf 80' lang='grc' dir='ltr'>ναι</span> <span class='ocrx_word' id='word_1_378' title='bbox 387 2989 440 3020; x_wconf 85' lang='grc' dir='ltr'>τὸν</span> <span class='ocrx_word' id='word_1_379' title='bbox 460 2989 558 3027; x_wconf 87' lang='grc' dir='ltr'>ἥλιον.</span> <span class='ocrx_word' id='word_1_380' title='bbox 578 2987 667 3020; x_wconf 88' lang='lat' dir='ltr'>Idem</span> <span class='ocrx_word' id='word_1_381' title='bbox 686 2988 792 3027; x_wconf 86' lang='lat' dir='ltr'>Eclog.</span> <span class='ocrx_word' id='word_1_382' title='bbox 809 2987 864 3019; x_wconf 84' lang='lat' dir='ltr'>lib.</span> <span class='ocrx_word' id='word_1_383' title='bbox 877 2989 891 3019; x_wconf 95' lang='lat'>1</span> <span class='ocrx_word' id='word_1_384' title='bbox 904 2997 973 3028; x_wconf 86' lang='lat' dir='ltr'>cap.</span> <span class='ocrx_word' id='word_1_385' title='bbox 986 2991 1026 3020; x_wconf 87' lang='lat'>25</span> <span class='ocrx_word' id='word_1_386' title='bbox 1043 2997 1074 3029; x_wconf 89' lang='lat' dir='ltr'>p.</span> <span class='ocrx_word' id='word_1_387' title='bbox 1099 2993 1158 3022; x_wconf 76' lang='lat'>516</span> <span class='ocrx_word' id='word_1_388' title='bbox 1174 2990 1226 3021; x_wconf 90' lang='lat' dir='ltr'>ed.</span> <span class='ocrx_word' id='word_1_389' title='bbox 1243 2993 1337 3023; x_wconf 83' lang='lat' dir='ltr'>Heer.</span> <span class='ocrx_word' id='word_1_390' title='bbox 1356 3005 1363 3024; x_wconf 89' lang='lat'>:</span> 
     </span>
    </p>
   </div>
   <div class='ocr_carea' id='block_1_14' title="bbox 318 3031 1400 3075">
    <p class='ocr_par' dir='ltr' id='par_1_15' title="bbox 318 3031 1400 3075">
     <span class='ocr_line' id='line_1_50' title="bbox 318 3031 1400 3075; baseline 0.003 -9"><span class='ocrx_word' id='word_1_391' title='bbox 318 3038 380 3066; x_wconf 85' lang='grc' dir='ltr'>τ’ὦν</span> <span class='ocrx_word' id='word_1_392' title='bbox 399 3035 623 3075; x_wconf 75' lang='grc' dir='ltr'>μαθηματικῶν</span> <span class='ocrx_word' id='word_1_393' title='bbox 641 3034 719 3071; x_wconf 84' lang='grc' dir='ltr'>τινὲς</span> <span class='ocrx_word' id='word_1_394' title='bbox 737 3035 791 3075; x_wconf 85' lang='grc' dir='ltr'>μὲν</span> <span class='ocrx_word' id='word_1_395' title='bbox 813 3036 856 3070; x_wconf 88' lang='grc' dir='ltr'>ὡς</span> <span class='ocrx_word' id='word_1_396' title='bbox 875 3034 1009 3066; x_wconf 87' lang='grc' dir='ltr'>Πλάτων</span> <span class='ocrx_word' id='word_1_397' title='bbox 1027 3037 1119 3075; x_wconf 84' lang='grc' dir='ltr'>φασὶν</span> <span class='ocrx_word' id='word_1_398' title='bbox 1139 3037 1216 3068; x_wconf 84' lang='grc' dir='ltr'>εἶναι</span> <span class='ocrx_word' id='word_1_399' title='bbox 1233 3039 1287 3075; x_wconf 85' lang='grc' dir='ltr'>τὴν</span> <span class='ocrx_word' id='word_1_400' title='bbox 1305 3038 1359 3069; x_wconf 86' lang='grc' dir='ltr'>τά·</span> <span class='ocrx_word' id='word_1_401' title='bbox 1398 3031 1400 3037; x_wconf 64' lang='grc'><strong>’</strong></span> 
     </span>
    </p>
   </div>
   <div class='ocr_carea' id='block_1_15' title="bbox 318 3079 1367 3312">
    <p class='ocr_par' dir='ltr' id='par_1_16' title="bbox 318 3079 1367 3312">
     <span class='ocr_line' id='line_1_51' title="bbox 318 3079 1366 3122; baseline 0.004 -10"><span class='ocrx_word' id='word_1_402' title='bbox 318 3082 362 3117; x_wconf 81' lang='grc' dir='ltr'>ξιν</span> <span class='ocrx_word' id='word_1_403' title='bbox 377 3084 440 3113; x_wconf 85' lang='grc' dir='ltr'>τῶν</span> <span class='ocrx_word' id='word_1_404' title='bbox 462 3081 600 3121; x_wconf 84' lang='grc' dir='ltr'>ἀστέρων</span> <span class='ocrx_word' id='word_1_405' title='bbox 612 3104 621 3119; x_wconf 92' lang='grc'>,</span> <span class='ocrx_word' id='word_1_406' title='bbox 635 3081 714 3116; x_wconf 82' lang='grc' dir='ltr'>τινὲς</span> <span class='ocrx_word' id='word_1_407' title='bbox 727 3081 759 3112; x_wconf 86' lang='grc' dir='ltr'>δὲ</span> <span class='ocrx_word' id='word_1_408' title='bbox 771 3080 866 3119; x_wconf 82' lang='grc' dir='ltr'>μέσον</span> <span class='ocrx_word' id='word_1_409' title='bbox 881 3079 1005 3112; x_wconf 76' lang='grc' dir='ltr'>πάντων</span> <span class='ocrx_word' id='word_1_410' title='bbox 1025 3082 1077 3113; x_wconf 86' lang='grc' dir='ltr'>τὸν</span> <span class='ocrx_word' id='word_1_411' title='bbox 1099 3082 1198 3122; x_wconf 79' lang='grc' dir='ltr'>ἥλιον,</span> <span class='ocrx_word' id='word_1_412' title='bbox 1218 3085 1314 3115; x_wconf 87' lang='grc' dir='ltr'>ταυτὸ</span> <span class='ocrx_word' id='word_1_413' title='bbox 1333 3085 1366 3116; x_wconf 81' lang='grc' dir='ltr'>δὲ</span> 
     </span>
     <span class='ocr_line' id='line_1_52' title="bbox 318 3127 1365 3170; baseline 0.003 -10"><span class='ocrx_word' id='word_1_414' title='bbox 318 3129 502 3160; x_wconf 84' lang='grc' dir='ltr'>πεπονθέναι</span> <span class='ocrx_word' id='word_1_415' title='bbox 524 3131 569 3168; x_wconf 86' lang='grc' dir='ltr'>τῷ</span> <span class='ocrx_word' id='word_1_416' title='bbox 589 3127 739 3169; x_wconf 74' lang='grc' dir='ltr'>ἑωσφόρῳ</span> <span class='ocrx_word' id='word_1_417' title='bbox 752 3128 804 3159; x_wconf 83' lang='grc' dir='ltr'>τὸν</span> <span class='ocrx_word' id='word_1_418' title='bbox 818 3127 982 3158; x_wconf 77' lang='grc' dir='ltr'>στίλὸοντα</span> <span class='ocrx_word' id='word_1_419' title='bbox 996 3152 1004 3165; x_wconf 85' lang='grc'>,</span> <span class='ocrx_word' id='word_1_420' title='bbox 1018 3130 1195 3170; x_wconf 70' lang='grc' dir='ltr'>ἰσοδρομεῖν</span> <span class='ocrx_word' id='word_1_421' title='bbox 1210 3131 1241 3162; x_wconf 81' lang='grc' dir='ltr'>δὲ</span> <span class='ocrx_word' id='word_1_422' title='bbox 1255 3132 1365 3168; x_wconf 72' lang='grc' dir='ltr'>αὐτοὺς</span> 
     </span>
     <span class='ocr_line' id='line_1_53' title="bbox 318 3175 1367 3219; baseline 0.003 -12"><span class='ocrx_word' id='word_1_423' title='bbox 318 3179 363 3216; x_wconf 87' lang='grc' dir='ltr'>τῷ</span> <span class='ocrx_word' id='word_1_424' title='bbox 378 3175 456 3216; x_wconf 85' lang='grc' dir='ltr'>ἡλίῳ</span> <span class='ocrx_word' id='word_1_425' title='bbox 470 3177 522 3206; x_wconf 86' lang='grc' dir='ltr'>καὶ</span> <span class='ocrx_word' id='word_1_426' title='bbox 542 3176 821 3216; x_wconf 61' lang='grc' dir='ltr'>συμπεριφέρεσθαι</span> <span class='ocrx_word' id='word_1_427' title='bbox 836 3175 932 3215; x_wconf 78' lang='grc' dir='ltr'>αὐτῷ·</span> <span class='ocrx_word' id='word_1_428' title='bbox 948 3176 999 3206; x_wconf 87' lang='grc' dir='ltr'>καὶ</span> <span class='ocrx_word' id='word_1_429' title='bbox 1015 3176 1083 3207; x_wconf 84' lang='grc' dir='ltr'>τότε</span> <span class='ocrx_word' id='word_1_430' title='bbox 1109 3178 1163 3216; x_wconf 87' lang='grc' dir='ltr'>μὲν</span> <span class='ocrx_word' id='word_1_431' title='bbox 1176 3179 1367 3219; x_wconf 83' lang='grc' dir='ltr'>προανατέλ-</span> 
     </span>
     <span class='ocr_line' id='line_1_54' title="bbox 318 3221 1366 3266; baseline 0.005 -13"><span class='ocrx_word' id='word_1_432' title='bbox 318 3223 411 3254; x_wconf 87' lang='grc' dir='ltr'>λοντα</span> <span class='ocrx_word' id='word_1_433' title='bbox 429 3222 584 3263; x_wconf 77' lang='grc' dir='ltr'>ἑωσφόρον</span> <span class='ocrx_word' id='word_1_434' title='bbox 600 3222 759 3262; x_wconf 79' lang='grc' dir='ltr'>φαίνεσθαι</span> <span class='ocrx_word' id='word_1_435' title='bbox 776 3245 785 3261; x_wconf 87' lang='grc'>,</span> <span class='ocrx_word' id='word_1_436' title='bbox 799 3222 869 3253; x_wconf 83' lang='grc' dir='ltr'>τότε</span> <span class='ocrx_word' id='word_1_437' title='bbox 888 3221 917 3252; x_wconf 82' lang='grc' dir='ltr'>δ’</span> <span class='ocrx_word' id='word_1_438' title='bbox 936 3221 1215 3263; x_wconf 77' lang='grc' dir='ltr'>ἐπικαταδυὸμενον</span> <span class='ocrx_word' id='word_1_439' title='bbox 1235 3225 1366 3266; x_wconf 82' lang='grc' dir='ltr'>ἕσπερον</span> 
     </span>
     <span class='ocr_line' id='line_1_55' title="bbox 318 3268 1362 3312; baseline 0.004 -12"><span class='ocrx_word' id='word_1_440' title='bbox 318 3270 491 3300; x_wconf 85' lang='grc' dir='ltr'>καλεῖσθαι·</span> <span class='ocrx_word' id='word_1_441' title='bbox 509 3269 579 3306; x_wconf 86' lang='grc' dir='ltr'>τοὺς</span> <span class='ocrx_word' id='word_1_442' title='bbox 589 3269 620 3300; x_wconf 87' lang='grc' dir='ltr'>δὲ</span> <span class='ocrx_word' id='word_1_443' title='bbox 640 3269 796 3306; x_wconf 78' lang='grc' dir='ltr'>πλανήτας</span> <span class='ocrx_word' id='word_1_444' title='bbox 813 3271 877 3305; x_wconf 83' lang='grc' dir='ltr'>τοῖς</span> <span class='ocrx_word' id='word_1_445' title='bbox 896 3268 1065 3301; x_wconf 82' lang='grc' dir='ltr'>ἀπλανέσιν</span> <span class='ocrx_word' id='word_1_446' title='bbox 1080 3270 1143 3302; x_wconf 76' lang='grc' dir='ltr'>ἀπὸ</span> <span class='ocrx_word' id='word_1_447' title='bbox 1166 3271 1300 3312; x_wconf 83' lang='grc' dir='ltr'>δυσμῶν</span> <span class='ocrx_word' id='word_1_448' title='bbox 1313 3272 1362 3304; x_wconf 78' lang='grc' dir='ltr'>ἐπ’</span> 
     </span>
    </p>
   </div>
   <div class='ocr_carea' id='block_1_16' title="bbox 320 3410 763 3450">
    <p class='ocr_par' dir='ltr' id='par_1_17' title="bbox 320 3410 763 3450">
     <span class='ocr_line' id='line_1_56' title="bbox 320 3410 763 3450; baseline 0.005 -11"><span class='ocrx_word' id='word_1_449' title='bbox 320 3410 485 3450; x_wconf 73' lang='lat' dir='ltr'>pinastum</span> <span class='ocrx_word' id='word_1_450' title='bbox 506 3411 586 3442; x_wconf 83' lang='lat' dir='ltr'>libro</span> <span class='ocrx_word' id='word_1_451' title='bbox 603 3410 643 3442; x_wconf 89' lang='lat' dir='ltr'>de</span> <span class='ocrx_word' id='word_1_452' title='bbox 657 3419 763 3442; x_wconf 85' lang='lat' dir='ltr'>sensu.</span> 
     </span>
    </p>
   </div>
   <div class='ocr_carea' id='block_1_17' title="bbox 363 3456 1396 3499">
    <p class='ocr_par' dir='ltr' id='par_1_18' title="bbox 363 3456 1396 3499">
     <span class='ocr_line' id='line_1_57' title="bbox 363 3456 1396 3499; baseline 0.006 -12"><span class='ocrx_word' id='word_1_453' title='bbox 363 3456 450 3496; x_wconf 80' lang='grc'><strong>(164)</strong></span> <span class='ocrx_word' id='word_1_454' title='bbox 467 3457 548 3489; x_wconf 87' lang='lat' dir='ltr'>Vide</span> <span class='ocrx_word' id='word_1_455' title='bbox 563 3466 659 3498; x_wconf 82' lang='lat' dir='ltr'>supra</span> <span class='ocrx_word' id='word_1_456' title='bbox 671 3460 740 3489; x_wconf 86' lang='lat' dir='ltr'>not.</span> <span class='ocrx_word' id='word_1_457' title='bbox 760 3460 812 3489; x_wconf 85' lang='lat'>29.</span> <span class='ocrx_word' id='word_1_458' title='bbox 833 3476 869 3483; x_wconf 95' lang='lat'>—</span> <span class='ocrx_word' id='word_1_459' title='bbox 891 3458 978 3499; x_wconf 81' lang='lat'>(165)</span> <span class='ocrx_word' id='word_1_460' title='bbox 996 3458 1146 3491; x_wconf 80' lang='lat' dir='ltr'>Clemens</span> <span class='ocrx_word' id='word_1_461' title='bbox 1172 3460 1361 3492; x_wconf 80' lang='lat' dir='ltr'>Alexandri·</span> <span class='ocrx_word' id='word_1_462' title='bbox 1393 3478 1396 3493; x_wconf 73' lang='lat'><em>5</em></span> 
     </span>
    </p>
   </div>
   <div class='ocr_carea' id='block_1_18' title="bbox 320 3504 1359 3549">
    <p class='ocr_par' dir='ltr' id='par_1_19' title="bbox 320 3504 1359 3549">
     <span class='ocr_line' id='line_1_58' title="bbox 320 3504 1359 3549; baseline 0.006 -15"><span class='ocrx_word' id='word_1_463' title='bbox 320 3511 382 3534; x_wconf 89' lang='lat' dir='ltr'>nus</span> <span class='ocrx_word' id='word_1_464' title='bbox 411 3504 529 3535; x_wconf 76' lang='lat' dir='ltr'>Sironi.</span> <span class='ocrx_word' id='word_1_465' title='bbox 548 3506 562 3536; x_wconf 89' lang='lat'><em>1</em></span> <span class='ocrx_word' id='word_1_466' title='bbox 582 3513 613 3544; x_wconf 84' lang='lat' dir='ltr'>p.</span> <span class='ocrx_word' id='word_1_467' title='bbox 642 3507 702 3536; x_wconf 78' lang='lat'>309</span> <span class='ocrx_word' id='word_1_468' title='bbox 724 3516 732 3536; x_wconf 76' lang='lat' dir='ltr'><strong><em>z</em></strong></span> <span class='ocrx_word' id='word_1_469' title='bbox 751 3504 882 3545; x_wconf 79' lang='grc' dir='ltr'>Δίδυμος</span> <span class='ocrx_word' id='word_1_470' title='bbox 906 3504 933 3537; x_wconf 88' lang='grc' dir='ltr'>δ’</span> <span class='ocrx_word' id='word_1_471' title='bbox 947 3506 978 3537; x_wconf 85' lang='grc' dir='ltr'>ἐν</span> <span class='ocrx_word' id='word_1_472' title='bbox 1001 3509 1046 3547; x_wconf 86' lang='grc' dir='ltr'>τῷ</span> <span class='ocrx_word' id='word_1_473' title='bbox 1063 3507 1130 3539; x_wconf 81' lang='grc' dir='ltr'>περὶ</span> <span class='ocrx_word' id='word_1_474' title='bbox 1150 3509 1359 3549; x_wconf 74' lang='grc' dir='ltr'>πυθαγορικῆς</span> 
     </span>
    </p>
   </div>
   <div class='ocr_carea' id='block_1_19' title="bbox 1397 1102 1403 3519">
    <p class='ocr_par' dir='ltr' id='par_1_20' title="bbox 1397 1102 1403 3519">
     <span class='ocr_line' id='line_1_59' title="bbox 1397 1102 1403 3519; baseline 0 0"><span class='ocrx_word' id='word_1_475' title='bbox 1397 1102 1403 3519; x_wconf 95' lang='lat' dir='ltr'> </span> 
     </span>
    </p>
   </div>
   <div class='ocr_carea' id='block_1_20' title="bbox 1432 356 2483 587">
    <p class='ocr_par' dir='ltr' id='par_1_21' title="bbox 1432 356 2483 587">
     <span class='ocr_line' id='line_1_60' title="bbox 1432 356 2483 411; baseline 0.003 -15"><span class='ocrx_word' id='word_1_476' title='bbox 1432 371 1547 396; x_wconf 87' lang='lat' dir='ltr'>sexus</span> <span class='ocrx_word' id='word_1_477' title='bbox 1578 358 1638 396; x_wconf 92' lang='lat' dir='ltr'>sui</span> <span class='ocrx_word' id='word_1_478' title='bbox 1670 356 1788 395; x_wconf 85' lang='lat' dir='ltr'>decus</span> <span class='ocrx_word' id='word_1_479' title='bbox 1817 365 1936 404; x_wconf 86' lang='lat' dir='ltr'>esset,</span> <span class='ocrx_word' id='word_1_480' title='bbox 1975 357 2113 397; x_wconf 81' lang='lat' dir='ltr'>insano</span> <span class='ocrx_word' id='word_1_481' title='bbox 2141 358 2226 411; x_wconf 86' lang='lat' dir='ltr'>ejus</span> <span class='ocrx_word' id='word_1_482' title='bbox 2251 373 2382 399; x_wconf 86' lang='lat' dir='ltr'>amore</span> <span class='ocrx_word' id='word_1_483' title='bbox 2413 359 2483 399; x_wconf 80' lang='lat' dir='ltr'>fla·</span> 
     </span>
     <span class='ocr_line' id='line_1_61' title="bbox 1433 417 2478 473; baseline 0.005 -18"><span class='ocrx_word' id='word_1_484' title='bbox 1433 431 1563 467; x_wconf 84' lang='lat' dir='ltr'>grasse</span> <span class='ocrx_word' id='word_1_485' title='bbox 1595 417 1859 468; x_wconf 82' lang='lat' dir='ltr'>Pythagoram</span> <span class='ocrx_word' id='word_1_486' title='bbox 1882 418 2345 460; x_wconf 69' lang='lat' dir='ltr'>testatur‘Hermesianax</span> <span class='ocrx_word' id='word_1_487' title='bbox 2374 420 2478 473; x_wconf 88' lang='lat' dir='ltr'>apud</span> 
     </span>
     <span class='ocr_line' id='line_1_62' title="bbox 1433 475 2482 527; baseline 0.01 -15"><span class='ocrx_word' id='word_1_488' title='bbox 1433 475 1659 513; x_wconf 78' lang='lat' dir='ltr'>Athenaeum</span> <span class='ocrx_word' id='word_1_489' title='bbox 1695 475 1801 527; x_wconf 82' lang='lat'>(166)</span> <span class='ocrx_word' id='word_1_490' title='bbox 1836 476 2016 515; x_wconf 84' lang='lat' dir='ltr'>versibus</span> <span class='ocrx_word' id='word_1_491' title='bbox 2048 477 2091 515; x_wconf 89' lang='lat' dir='ltr'>in</span> <span class='ocrx_word' id='word_1_492' title='bbox 2113 477 2220 518; x_wconf 83' lang='grc'><strong>’113110</strong></span> <span class='ocrx_word' id='word_1_493' title='bbox 2250 481 2482 521; x_wconf 82' lang='lat' dir='ltr'>sententiam</span> 
     </span>
     <span class='ocr_line' id='line_1_63' title="bbox 1432 536 1618 587; baseline 0 -13"><span class='ocrx_word' id='word_1_494' title='bbox 1432 536 1618 587; x_wconf 85' lang='lat' dir='ltr'>scriptis:</span> 
     </span>
    </p>
   </div>
   <div class='ocr_carea' id='block_1_21' title="bbox 1514 645 2371 828">
    <p class='ocr_par' dir='ltr' id='par_1_22' title="bbox 1515 645 2369 735">
     <span class='ocr_line' id='line_1_64' title="bbox 1515 645 2369 689; baseline 0.007 -11"><span class='ocrx_word' id='word_1_495' title='bbox 1515 646 1709 686; x_wconf 77' lang='lat' dir='ltr'>Pythagoras</span> <span class='ocrx_word' id='word_1_496' title='bbox 1726 645 1853 678; x_wconf 84' lang='lat' dir='ltr'>samius</span> <span class='ocrx_word' id='word_1_497' title='bbox 1870 654 1944 678; x_wconf 84' lang='lat' dir='ltr'>nam</span> <span class='ocrx_word' id='word_1_498' title='bbox 1961 646 2110 687; x_wconf 79' lang='lat' dir='ltr'>qualibus</span> <span class='ocrx_word' id='word_1_499' title='bbox 2130 648 2198 689; x_wconf 82' lang='lat' dir='ltr'>ipse</span> <span class='ocrx_word' id='word_1_500' title='bbox 2219 649 2369 684; x_wconf 74' lang='lat' dir='ltr'>Theanus</span> 
     </span>
     <span class='ocr_line' id='line_1_65' title="bbox 1563 692 2178 735; baseline 0.007 -11"><span class='ocrx_word' id='word_1_501' title='bbox 1563 695 1621 725; x_wconf 86' lang='lat' dir='ltr'>Est</span> <span class='ocrx_word' id='word_1_502' title='bbox 1641 694 1731 725; x_wconf 85' lang='lat' dir='ltr'>actus</span> <span class='ocrx_word' id='word_1_503' title='bbox 1750 692 1859 734; x_wconf 71' lang='lat' dir='ltr'>furiis,</span> <span class='ocrx_word' id='word_1_504' title='bbox 1879 693 1983 726; x_wconf 85' lang='lat' dir='ltr'>muita</span> <span class='ocrx_word' id='word_1_505' title='bbox 1995 696 2178 735; x_wconf 74' lang='lat' dir='ltr'>geometriae</span> 
     </span>
    </p>

    <p class='ocr_par' dir='ltr' id='par_1_23' title="bbox 1514 740 2371 828">
     <span class='ocr_line' id='line_1_66' title="bbox 1514 740 2371 787; baseline 0.007 -15"><span class='ocrx_word' id='word_1_506' title='bbox 1514 741 1578 779; x_wconf 90' lang='lat' dir='ltr'>Qui</span> <span class='ocrx_word' id='word_1_507' title='bbox 1599 740 1714 780; x_wconf 85' lang='lat' dir='ltr'>reperit</span> <span class='ocrx_word' id='word_1_508' title='bbox 1733 741 1872 780; x_wconf 82' lang='lat' dir='ltr'>secreta,</span> <span class='ocrx_word' id='word_1_509' title='bbox 1893 741 1956 781; x_wconf 85' lang='lat' dir='ltr'>poli</span> <span class='ocrx_word' id='word_1_510' title='bbox 1971 742 2085 782; x_wconf 88' lang='lat' dir='ltr'>quisve</span> <span class='ocrx_word' id='word_1_511' title='bbox 2106 743 2246 776; x_wconf 80' lang='lat' dir='ltr'>ambitus</span> <span class='ocrx_word' id='word_1_512' title='bbox 2259 744 2371 787; x_wconf 77' lang='lat' dir='ltr'>ampli,</span> 
     </span>
     <span class='ocr_line' id='line_1_67' title="bbox 1557 788 2247 828; baseline 0.006 -9"><span class='ocrx_word' id='word_1_513' title='bbox 1557 790 1596 820; x_wconf 92' lang='lat' dir='ltr'>In</span> <span class='ocrx_word' id='word_1_514' title='bbox 1618 788 1742 828; x_wconf 78' lang='lat' dir='ltr'>sphaera</span> <span class='ocrx_word' id='word_1_515' title='bbox 1759 788 1873 828; x_wconf 77' lang='lat' dir='ltr'>exigua</span> <span class='ocrx_word' id='word_1_516' title='bbox 1892 790 1925 821; x_wconf 83' lang='lat' dir='ltr'>et</span> <span class='ocrx_word' id='word_1_517' title='bbox 1943 789 2053 821; x_wconf 81' lang='lat' dir='ltr'>omnia</span> <span class='ocrx_word' id='word_1_518' title='bbox 2069 790 2247 824; x_wconf 78' lang='lat' dir='ltr'>constituit.</span> 
     </span>
    </p>
   </div>
   <div class='ocr_carea' id='block_1_22' title="bbox 1430 900 2477 1192">
    <p class='ocr_par' dir='ltr' id='par_1_24' title="bbox 1430 900 2477 1192">
     <span class='ocr_line' id='line_1_68' title="bbox 1431 900 2474 955; baseline 0.008 -17"><span class='ocrx_word' id='word_1_519' title='bbox 1431 900 1568 939; x_wconf 89' lang='lat' dir='ltr'>Miram</span> <span class='ocrx_word' id='word_1_520' title='bbox 1587 902 1630 940; x_wconf 92' lang='lat' dir='ltr'>in</span> <span class='ocrx_word' id='word_1_521' title='bbox 1650 915 1695 940; x_wconf 88' lang='lat' dir='ltr'>ea</span> <span class='ocrx_word' id='word_1_522' title='bbox 1714 901 1941 940; x_wconf 84' lang='lat' dir='ltr'>modestiam</span> <span class='ocrx_word' id='word_1_523' title='bbox 1972 916 2181 955; x_wconf 88' lang='lat' dir='ltr'>rerumque</span> <span class='ocrx_word' id='word_1_524' title='bbox 2212 905 2474 951; x_wconf 70' lang='lat' dir='ltr'>humanarum</span> 
     </span>
     <span class='ocr_line' id='line_1_69' title="bbox 1432 960 2477 1018; baseline 0.008 -20"><span class='ocrx_word' id='word_1_525' title='bbox 1432 960 1729 1012; x_wconf 86' lang='lat' dir='ltr'>despicientiam</span> <span class='ocrx_word' id='word_1_526' title='bbox 1760 961 1898 1008; x_wconf 87' lang='lat' dir='ltr'>fuisse,</span> <span class='ocrx_word' id='word_1_527' title='bbox 1929 962 2163 1013; x_wconf 88' lang='lat' dir='ltr'>intelligitur</span> <span class='ocrx_word' id='word_1_528' title='bbox 2197 977 2246 1003; x_wconf 82' lang='lat' dir='ltr'>ex</span> <span class='ocrx_word' id='word_1_529' title='bbox 2275 965 2350 1004; x_wconf 89' lang='grc'><strong>1100</strong></span> <span class='ocrx_word' id='word_1_530' title='bbox 2371 967 2477 1018; x_wconf 89' lang='lat' dir='ltr'>quod</span> 
     </span>
     <span class='ocr_line' id='line_1_70' title="bbox 1431 1020 2475 1074; baseline 0.006 -16"><span class='ocrx_word' id='word_1_531' title='bbox 1431 1020 1689 1070; x_wconf 88' lang='lat' dir='ltr'>interroganti</span> <span class='ocrx_word' id='word_1_532' title='bbox 1704 1020 1901 1072; x_wconf 90' lang='lat' dir='ltr'>quomodo</span> <span class='ocrx_word' id='word_1_533' title='bbox 1916 1021 2078 1070; x_wconf 89' lang='lat' dir='ltr'>gloriam</span> <span class='ocrx_word' id='word_1_534' title='bbox 2092 1032 2347 1063; x_wconf 85' lang='lat' dir='ltr'>consecutura</span> <span class='ocrx_word' id='word_1_535' title='bbox 2360 1034 2475 1074; x_wconf 85' lang='lat' dir='ltr'>esset,</span> 
     </span>
     <span class='ocr_line' id='line_1_71' title="bbox 1431 1081 2475 1133; baseline 0.006 -16"><span class='ocrx_word' id='word_1_536' title='bbox 1431 1081 1632 1131; x_wconf 87' lang='lat' dir='ltr'>respondit</span> <span class='ocrx_word' id='word_1_537' title='bbox 1664 1094 1672 1118; x_wconf 75' lang='grc' dir='ltr'><strong><em>ε</em></strong></span> <span class='ocrx_word' id='word_1_538' title='bbox 1696 1083 1809 1118; x_wconf 85' lang='lat' dir='ltr'>telam</span> <span class='ocrx_word' id='word_1_539' title='bbox 1839 1083 2088 1129; x_wconf 75' lang='lat' dir='ltr'>percurrendo</span> <span class='ocrx_word' id='word_1_540' title='bbox 2116 1095 2310 1133; x_wconf 81' lang='lat' dir='ltr'>meumque</span> <span class='ocrx_word' id='word_1_541' title='bbox 2341 1086 2475 1123; x_wconf 82' lang='lat' dir='ltr'>lectum</span> 
     </span>
     <span class='ocr_line' id='line_1_72' title="bbox 1430 1139 2476 1192; baseline 0.008 -17"><span class='ocrx_word' id='word_1_542' title='bbox 1430 1142 1593 1176; x_wconf 68' lang='lat' dir='ltr'>cur-ando</span> <span class='ocrx_word' id='word_1_543' title='bbox 1606 1140 1727 1190; x_wconf 90' lang='lat'>(117).</span> <span class='ocrx_word' id='word_1_544' title='bbox 1750 1139 1891 1177; x_wconf 89' lang='lat' dir='ltr'>Eadem</span> <span class='ocrx_word' id='word_1_545' title='bbox 1912 1148 2057 1177; x_wconf 90' lang='lat' dir='ltr'>vestem</span> <span class='ocrx_word' id='word_1_546' title='bbox 2077 1140 2288 1192; x_wconf 88' lang='lat' dir='ltr'>aliquando</span> <span class='ocrx_word' id='word_1_547' title='bbox 2308 1142 2476 1184; x_wconf 84' lang='lat' dir='ltr'>induens</span> 
     </span>
    </p>
   </div>
   <div class='ocr_carea' id='block_1_23' title="bbox 1398 1197 2475 1252">
    <p class='ocr_par' dir='ltr' id='par_1_25' title="bbox 1398 1197 2475 1252">
     <span class='ocr_line' id='line_1_73' title="bbox 1398 1197 2475 1252; baseline 0.006 -17"><span class='ocrx_word' id='word_1_548' title='bbox 1398 1229 1400 1239; x_wconf 87' lang='lat'><strong>.</strong></span> <span class='ocrx_word' id='word_1_549' title='bbox 1430 1197 1631 1236; x_wconf 87' lang='lat' dir='ltr'>brachium</span> <span class='ocrx_word' id='word_1_550' title='bbox 1654 1199 1846 1246; x_wconf 87' lang='lat' dir='ltr'>exseruit,</span> <span class='ocrx_word' id='word_1_551' title='bbox 1880 1207 1917 1236; x_wconf 90' lang='lat' dir='ltr'>et</span> <span class='ocrx_word' id='word_1_552' title='bbox 1950 1211 2069 1249; x_wconf 91' lang='lat' dir='ltr'>quum</span> <span class='ocrx_word' id='word_1_553' title='bbox 2100 1200 2259 1250; x_wconf 90' lang='lat' dir='ltr'>quidam</span> <span class='ocrx_word' id='word_1_554' title='bbox 2285 1200 2475 1252; x_wconf 83' lang='lat' dir='ltr'>dixisset,</span> 
     </span>
    </p>
   </div>
   <div class='ocr_carea' id='block_1_24' title="bbox 1427 1258 2479 1898">
    <p class='ocr_par' dir='ltr' id='par_1_26' title="bbox 1427 1258 2479 1898">
     <span class='ocr_line' id='line_1_74' title="bbox 1430 1258 2479 1310; baseline 0.008 -16"><span class='ocrx_word' id='word_1_555' title='bbox 1430 1259 1594 1295; x_wconf 79' lang='lat' dir='ltr'>Pulcher</span> <span class='ocrx_word' id='word_1_556' title='bbox 1619 1260 1682 1295; x_wconf 78' lang='lat' dir='ltr'>hic</span> <span class='ocrx_word' id='word_1_557' title='bbox 1701 1260 1923 1303; x_wconf 80' lang='lat' dir='ltr'>cubitus·est,</span> <span class='ocrx_word' id='word_1_558' title='bbox 1963 1258 2199 1310; x_wconf 83' lang='lat' dir='ltr'>respondere</span> <span class='ocrx_word' id='word_1_559' title='bbox 2225 1273 2305 1298; x_wconf 91' lang='lat' dir='ltr'>non</span> <span class='ocrx_word' id='word_1_560' title='bbox 2324 1259 2479 1303; x_wconf 71' lang='lat' dir='ltr'>dubita·</span> 
     </span>
     <span class='ocr_line' id='line_1_75' title="bbox 1431 1316 2478 1368; baseline 0.008 -16"><span class='ocrx_word' id='word_1_561' title='bbox 1431 1319 1542 1363; x_wconf 86' lang='lat' dir='ltr'>tavit,</span> <span class='ocrx_word' id='word_1_562' title='bbox 1571 1326 1614 1354; x_wconf 79' lang='lat' dir='ltr'>at</span> <span class='ocrx_word' id='word_1_563' title='bbox 1642 1332 1715 1355; x_wconf 84' lang='lat' dir='ltr'>non</span> <span class='ocrx_word' id='word_1_564' title='bbox 1742 1317 1912 1367; x_wconf 81' lang='lat' dir='ltr'>publicus</span> <span class='ocrx_word' id='word_1_565' title='bbox 1940 1316 2062 1368; x_wconf 86' lang='lat'>(168).</span> <span class='ocrx_word' id='word_1_566' title='bbox 2099 1317 2218 1355; x_wconf 88' lang='lat' dir='ltr'>Addit</span> <span class='ocrx_word' id='word_1_567' title='bbox 2246 1317 2478 1365; x_wconf 81' lang='lat' dir='ltr'>Plutarchus</span> 
     </span>
     <span class='ocr_line' id='line_1_76' title="bbox 1429 1373 2479 1427; baseline 0.005 -15"><span class='ocrx_word' id='word_1_568' title='bbox 1429 1373 1517 1425; x_wconf 91' lang='lat' dir='ltr'>ejus</span> <span class='ocrx_word' id='word_1_569' title='bbox 1542 1376 1597 1413; x_wconf 91' lang='lat' dir='ltr'>rei</span> <span class='ocrx_word' id='word_1_570' title='bbox 1626 1385 1774 1423; x_wconf 90' lang='lat' dir='ltr'>auctor,</span> <span class='ocrx_word' id='word_1_571' title='bbox 1797 1375 1949 1427; x_wconf 86' lang='lat' dir='ltr'>pudicae</span> <span class='ocrx_word' id='word_1_572' title='bbox 1972 1375 2148 1414; x_wconf 87' lang='lat' dir='ltr'>mulieris</span> <span class='ocrx_word' id='word_1_573' title='bbox 2175 1388 2254 1414; x_wconf 88' lang='lat' dir='ltr'>non</span> <span class='ocrx_word' id='word_1_574' title='bbox 2272 1377 2390 1415; x_wconf 89' lang='lat' dir='ltr'>modo</span> <span class='ocrx_word' id='word_1_575' title='bbox 2409 1392 2479 1417; x_wconf 90' lang='lat' dir='ltr'>cu-</span> 
     </span>
     <span class='ocr_line' id='line_1_77' title="bbox 1430 1431 2476 1485; baseline 0.004 -14"><span class='ocrx_word' id='word_1_576' title='bbox 1430 1431 1571 1481; x_wconf 91' lang='lat' dir='ltr'>bitum,</span> <span class='ocrx_word' id='word_1_577' title='bbox 1593 1434 1659 1473; x_wconf 89' lang='lat' dir='ltr'>sed</span> <span class='ocrx_word' id='word_1_578' title='bbox 1682 1448 1732 1473; x_wconf 87' lang='lat' dir='ltr'>ne</span> <span class='ocrx_word' id='word_1_579' title='bbox 1757 1447 1971 1473; x_wconf 89' lang='lat' dir='ltr'>sermonem</span> <span class='ocrx_word' id='word_1_580' title='bbox 1993 1434 2149 1484; x_wconf 88' lang='lat' dir='ltr'>quidem</span> <span class='ocrx_word' id='word_1_581' title='bbox 2170 1433 2372 1485; x_wconf 90' lang='lat' dir='ltr'>publicum</span> <span class='ocrx_word' id='word_1_582' title='bbox 2392 1449 2476 1476; x_wconf 80' lang='lat' dir='ltr'>esse</span> 
     </span>
     <span class='ocr_line' id='line_1_78' title="bbox 1429 1491 2474 1546; baseline 0.005 -17"><span class='ocrx_word' id='word_1_583' title='bbox 1429 1491 1594 1540; x_wconf 91' lang='lat' dir='ltr'>debere,</span> <span class='ocrx_word' id='word_1_584' title='bbox 1625 1506 1797 1545; x_wconf 88' lang='lat' dir='ltr'>voceque</span> <span class='ocrx_word' id='word_1_585' title='bbox 1841 1492 1888 1530; x_wconf 90' lang='lat' dir='ltr'>ad</span> <span class='ocrx_word' id='word_1_586' title='bbox 1916 1492 2085 1539; x_wconf 90' lang='lat' dir='ltr'>alienos,</span> <span class='ocrx_word' id='word_1_587' title='bbox 2121 1501 2304 1543; x_wconf 90' lang='lat' dir='ltr'>tanquam</span> <span class='ocrx_word' id='word_1_588' title='bbox 2335 1507 2474 1546; x_wconf 86' lang='lat' dir='ltr'>parum</span> 
     </span>
     <span class='ocr_line' id='line_1_79' title="bbox 1429 1550 2472 1598; baseline 0.003 -9"><span class='ocrx_word' id='word_1_589' title='bbox 1429 1553 1685 1590; x_wconf 85' lang='lat' dir='ltr'>conveniente</span> <span class='ocrx_word' id='word_1_590' title='bbox 1722 1552 1959 1598; x_wconf 87' lang='lat' dir='ltr'>nudatione,</span> <span class='ocrx_word' id='word_1_591' title='bbox 2000 1551 2036 1589; x_wconf 86' lang='lat' dir='ltr'>ei</span> <span class='ocrx_word' id='word_1_592' title='bbox 2074 1550 2344 1590; x_wconf 89' lang='lat' dir='ltr'>abstinendum</span> <span class='ocrx_word' id='word_1_593' title='bbox 2373 1565 2472 1593; x_wconf 86' lang='lat' dir='ltr'>esse.</span> 
     </span>
     <span class='ocr_line' id='line_1_80' title="bbox 1428 1610 2473 1663; baseline 0.001 -15"><span class='ocrx_word' id='word_1_594' title='bbox 1428 1610 1601 1663; x_wconf 91' lang='lat' dir='ltr'>Namque</span> <span class='ocrx_word' id='word_1_595' title='bbox 1617 1612 1659 1649; x_wconf 91' lang='lat' dir='ltr'>in</span> <span class='ocrx_word' id='word_1_596' title='bbox 1679 1625 1775 1650; x_wconf 91' lang='lat' dir='ltr'>voce</span> <span class='ocrx_word' id='word_1_597' title='bbox 1795 1611 1901 1650; x_wconf 90' lang='lat' dir='ltr'>cerni</span> <span class='ocrx_word' id='word_1_598' title='bbox 1920 1610 2115 1660; x_wconf 90' lang='lat' dir='ltr'>loquentis</span> <span class='ocrx_word' id='word_1_599' title='bbox 2134 1610 2250 1647; x_wconf 90' lang='lat' dir='ltr'>simul</span> <span class='ocrx_word' id='word_1_600' title='bbox 2269 1610 2473 1661; x_wconf 76' lang='lat' dir='ltr'>perturba-</span> 
     </span>
     <span class='ocr_line' id='line_1_81' title="bbox 1430 1669 2472 1709; baseline 0 -1"><span class='ocrx_word' id='word_1_601' title='bbox 1430 1671 1575 1708; x_wconf 91' lang='lat' dir='ltr'>tionem</span> <span class='ocrx_word' id='word_1_602' title='bbox 1590 1670 1705 1709; x_wconf 90' lang='lat' dir='ltr'>simul</span> <span class='ocrx_word' id='word_1_603' title='bbox 1731 1683 1859 1708; x_wconf 91' lang='lat' dir='ltr'>mores</span> <span class='ocrx_word' id='word_1_604' title='bbox 1879 1678 1915 1707; x_wconf 91' lang='lat' dir='ltr'>et</span> <span class='ocrx_word' id='word_1_605' title='bbox 1935 1669 2054 1707; x_wconf 90' lang='lat' dir='ltr'>animi</span> <span class='ocrx_word' id='word_1_606' title='bbox 2072 1669 2330 1708; x_wconf 82' lang='lat' dir='ltr'>affectionem.</span> <span class='ocrx_word' id='word_1_607' title='bbox 2349 1669 2472 1708; x_wconf 82' lang='lat' dir='ltr'>Acce-</span> 
     </span>
     <span class='ocr_line' id='line_1_82' title="bbox 1429 1727 2470 1781; baseline 0.001 -14"><span class='ocrx_word' id='word_1_608' title='bbox 1429 1730 1486 1767; x_wconf 91' lang='lat' dir='ltr'>dit</span> <span class='ocrx_word' id='word_1_609' title='bbox 1512 1730 1616 1780; x_wconf 92' lang='lat' dir='ltr'>quod</span> <span class='ocrx_word' id='word_1_610' title='bbox 1643 1730 1900 1779; x_wconf 84' lang='lat' dir='ltr'>interrogata,</span> <span class='ocrx_word' id='word_1_611' title='bbox 1921 1736 2017 1779; x_wconf 91' lang='lat' dir='ltr'>quot</span> <span class='ocrx_word' id='word_1_612' title='bbox 2049 1727 2187 1766; x_wconf 88' lang='lat' dir='ltr'>diebus</span> <span class='ocrx_word' id='word_1_613' title='bbox 2216 1729 2358 1766; x_wconf 86' lang='lat' dir='ltr'>mulier</span> <span class='ocrx_word' id='word_1_614' title='bbox 2381 1739 2470 1781; x_wconf 89' lang='lat' dir='ltr'>post</span> 
     </span>
     <span class='ocr_line' id='line_1_83' title="bbox 1427 1788 2469 1839; baseline 0.001 -13"><span class='ocrx_word' id='word_1_615' title='bbox 1427 1788 1506 1826; x_wconf 91' lang='lat' dir='ltr'>viri</span> <span class='ocrx_word' id='word_1_616' title='bbox 1527 1788 1843 1838; x_wconf 85' lang='lat' dir='ltr'>congressionem&#39;</span> <span class='ocrx_word' id='word_1_617' title='bbox 1868 1801 1967 1839; x_wconf 91' lang='lat' dir='ltr'>pura</span> <span class='ocrx_word' id='word_1_618' title='bbox 1997 1789 2106 1826; x_wconf 86' lang='lat' dir='ltr'>fieret</span> <span class='ocrx_word' id='word_1_619' title='bbox 2130 1802 2139 1825; x_wconf 72' lang='grc' dir='ltr'>ι</span> <span class='ocrx_word' id='word_1_620' title='bbox 2162 1802 2188 1825; x_wconf 88' lang='lat' dir='ltr'><em>a</em></span> <span class='ocrx_word' id='word_1_621' title='bbox 2204 1802 2290 1836; x_wconf 84' lang='lat' dir='ltr'>suo,</span> <span class='ocrx_word' id='word_1_622' title='bbox 2314 1789 2444 1839; x_wconf 89' lang='lat' dir='ltr'>inquit</span> <span class='ocrx_word' id='word_1_623' title='bbox 2458 1818 2469 1836; x_wconf 93' lang='lat'>,</span> 
     </span>
     <span class='ocr_line' id='line_1_84' title="bbox 1427 1846 2473 1898; baseline 0.001 -13"><span class='ocrx_word' id='word_1_624' title='bbox 1427 1852 1510 1885; x_wconf 76' lang='lat' dir='ltr'>viro</span> <span class='ocrx_word' id='word_1_625' title='bbox 1524 1847 1730 1895; x_wconf 78' lang='lat' dir='ltr'>confestim,</span> <span class='ocrx_word' id='word_1_626' title='bbox 1752 1850 1801 1885; x_wconf 82' lang='lat' dir='ltr'>ab</span> <span class='ocrx_word' id='word_1_627' title='bbox 1813 1849 1939 1884; x_wconf 79' lang='lat' dir='ltr'>alieno</span> <span class='ocrx_word' id='word_1_628' title='bbox 1950 1861 2039 1884; x_wconf 81' lang='lat' dir='ltr'>vero</span> <span class='ocrx_word' id='word_1_629' title='bbox 2052 1861 2239 1896; x_wconf 83' lang='lat' dir='ltr'>nunquam</span> <span class='ocrx_word' id='word_1_630' title='bbox 2257 1846 2378 1898; x_wconf 85' lang='lat'>(169).</span> <span class='ocrx_word' id='word_1_631' title='bbox 2399 1847 2473 1886; x_wconf 89' lang='lat' dir='ltr'>lta·</span> 
     </span>
    </p>
   </div>
   <div class='ocr_carea' id='block_1_25' title="bbox 1396 1905 2470 1957">
    <p class='ocr_par' dir='ltr' id='par_1_27' title="bbox 1396 1905 2470 1957">
     <span class='ocr_line' id='line_1_85' title="bbox 1396 1905 2470 1957; baseline 0.001 -13"><span class='ocrx_word' id='word_1_632' title='bbox 1396 1931 1398 1956; x_wconf 60' lang='lat'>3</span> <span class='ocrx_word' id='word_1_633' title='bbox 1427 1919 1502 1956; x_wconf 87' lang='lat' dir='ltr'>que</span> <span class='ocrx_word' id='word_1_634' title='bbox 1533 1907 1646 1944; x_wconf 90' lang='lat' dir='ltr'>etiam</span> <span class='ocrx_word' id='word_1_635' title='bbox 1669 1905 1880 1944; x_wconf 87' lang='lat' dir='ltr'>sciscitanti</span> <span class='ocrx_word' id='word_1_636' title='bbox 1899 1905 1948 1943; x_wconf 89' lang='lat' dir='ltr'>ab</span> <span class='ocrx_word' id='word_1_637' title='bbox 1977 1906 2062 1957; x_wconf 91' lang='lat' dir='ltr'>ipsa</span> <span class='ocrx_word' id='word_1_638' title='bbox 2086 1905 2183 1956; x_wconf 91' lang='lat' dir='ltr'>quid</span> <span class='ocrx_word' id='word_1_639' title='bbox 2203 1905 2357 1944; x_wconf 86' lang='lat' dir='ltr'>deceret</span> <span class='ocrx_word' id='word_1_640' title='bbox 2389 1919 2470 1945; x_wconf 87' lang='lat' dir='ltr'>ma-</span> 
     </span>
    </p>
   </div>
   <div class='ocr_carea' id='block_1_26' title="bbox 1424 1964 2472 2077">
    <p class='ocr_par' dir='ltr' id='par_1_28' title="bbox 1424 1964 2472 2077">
     <span class='ocr_line' id='line_1_86' title="bbox 1432 1964 2472 2016; baseline 0.003 -15"><span class='ocrx_word' id='word_1_641' title='bbox 1432 1972 1599 2010; x_wconf 89' lang='lat' dir='ltr'>tronam,</span> <span class='ocrx_word' id='word_1_642' title='bbox 1622 1978 1701 2002; x_wconf 91' lang='lat' dir='ltr'>non</span> <span class='ocrx_word' id='word_1_643' title='bbox 1716 1964 1823 2002; x_wconf 91' lang='lat' dir='ltr'>aliud</span> <span class='ocrx_word' id='word_1_644' title='bbox 1842 1977 2069 2016; x_wconf 87' lang='lat' dir='ltr'>responsum</span> <span class='ocrx_word' id='word_1_645' title='bbox 2089 1964 2196 2003; x_wconf 88' lang='lat' dir='ltr'>dedit</span> <span class='ocrx_word' id='word_1_646' title='bbox 2211 1977 2327 2015; x_wconf 89' lang='lat' dir='ltr'>quam</span> <span class='ocrx_word' id='word_1_647' title='bbox 2349 1979 2358 2003; x_wconf 91' lang='lat'><strong>:</strong></span> <span class='ocrx_word' id='word_1_648' title='bbox 2381 1968 2472 2004; x_wconf 85' lang='lat' dir='ltr'>Viro</span> 
     </span>
     <span class='ocr_line' id='line_1_87' title="bbox 1424 2022 2469 2077; baseline 0.003 -17"><span class='ocrx_word' id='word_1_649' title='bbox 1424 2037 1490 2061; x_wconf 84' lang='lat' dir='ltr'>suo</span> <span class='ocrx_word' id='word_1_650' title='bbox 1506 2027 1662 2073; x_wconf 85' lang='lat' dir='ltr'>placere</span> <span class='ocrx_word' id='word_1_651' title='bbox 1693 2022 1809 2077; x_wconf 82' lang='lat'>(170).</span> <span class='ocrx_word' id='word_1_652' title='bbox 1836 2023 1962 2069; x_wconf 81' lang='lat' dir='ltr'>Quid?</span> <span class='ocrx_word' id='word_1_653' title='bbox 1992 2023 2096 2074; x_wconf 90' lang='lat' dir='ltr'>quod</span> <span class='ocrx_word' id='word_1_654' title='bbox 2126 2023 2247 2062; x_wconf 87' lang='lat' dir='ltr'>satius</span> <span class='ocrx_word' id='word_1_655' title='bbox 2264 2036 2348 2062; x_wconf 89' lang='lat' dir='ltr'>esse</span> <span class='ocrx_word' id='word_1_656' title='bbox 2365 2024 2469 2063; x_wconf 82' lang='lat' dir='ltr'>affir-</span> 
     </span>
    </p>
   </div>
   <div class='ocr_carea' id='block_1_27' title="bbox 1395 2082 2473 2133">
    <p class='ocr_par' dir='ltr' id='par_1_29' title="bbox 1395 2082 2473 2133">
     <span class='ocr_line' id='line_1_88' title="bbox 1395 2082 2473 2133; baseline 0.003 -15"><span class='ocrx_word' id='word_1_657' title='bbox 1395 2089 1397 2100; x_wconf 72' lang='lat'><strong><em>⁴</em></strong></span> <span class='ocrx_word' id='word_1_658' title='bbox 1426 2082 1547 2119; x_wconf 88' lang='lat' dir='ltr'>mavit</span> <span class='ocrx_word' id='word_1_659' title='bbox 1582 2095 1683 2132; x_wconf 88' lang='lat' dir='ltr'>equo</span> <span class='ocrx_word' id='word_1_660' title='bbox 1715 2082 1862 2120; x_wconf 81' lang='lat' dir='ltr'>effreno</span> <span class='ocrx_word' id='word_1_661' title='bbox 1895 2082 2022 2133; x_wconf 87' lang='lat'>(171),</span> <span class='ocrx_word' id='word_1_662' title='bbox 2060 2095 2176 2132; x_wconf 90' lang='lat' dir='ltr'>quam</span> <span class='ocrx_word' id='word_1_663' title='bbox 2211 2082 2367 2122; x_wconf 86' lang='lat' dir='ltr'>mulieri</span> <span class='ocrx_word' id='word_1_664' title='bbox 2398 2085 2473 2121; x_wconf 91' lang='lat' dir='ltr'>in-</span> 
     </span>
    </p>
   </div>
   <div class='ocr_carea' id='block_1_28' title="bbox 1426 2140 2470 2252">
    <p class='ocr_par' dir='ltr' id='par_1_30' title="bbox 1426 2140 2470 2252">
     <span class='ocr_line' id='line_1_89' title="bbox 1426 2140 2470 2192; baseline 0.002 -15"><span class='ocrx_word' id='word_1_665' title='bbox 1426 2140 1674 2178; x_wconf 80' lang='lat' dir='ltr'>consideratae</span> <span class='ocrx_word' id='word_1_666' title='bbox 1704 2153 1745 2178; x_wconf 89' lang='lat' dir='ltr'>se</span> <span class='ocrx_word' id='word_1_667' title='bbox 1775 2140 2027 2179; x_wconf 91' lang='lat' dir='ltr'>committere.</span> <span class='ocrx_word' id='word_1_668' title='bbox 2056 2140 2181 2178; x_wconf 88' lang='lat' dir='ltr'>Porro</span> <span class='ocrx_word' id='word_1_669' title='bbox 2196 2140 2232 2178; x_wconf 90' lang='lat' dir='ltr'>ei</span> <span class='ocrx_word' id='word_1_670' title='bbox 2260 2141 2387 2192; x_wconf 84' lang='lat' dir='ltr'>placet</span> <span class='ocrx_word' id='word_1_671' title='bbox 2421 2141 2470 2180; x_wconf 89' lang='lat' dir='ltr'>de</span> 
     </span>
     <span class='ocr_line' id='line_1_90' title="bbox 1427 2198 2467 2252; baseline 0.002 -15"><span class='ocrx_word' id='word_1_672' title='bbox 1427 2198 1569 2250; x_wconf 88' lang='lat' dir='ltr'>quibus</span> <span class='ocrx_word' id='word_1_673' title='bbox 1601 2198 1703 2252; x_wconf 82' lang='lat'><strong>(172)</strong></span> <span class='ocrx_word' id='word_1_674' title='bbox 1726 2199 1858 2237; x_wconf 90' lang='lat' dir='ltr'>dicere</span> <span class='ocrx_word' id='word_1_675' title='bbox 1890 2199 2091 2237; x_wconf 87' lang='lat' dir='ltr'>honestum</span> <span class='ocrx_word' id='word_1_676' title='bbox 2123 2199 2188 2246; x_wconf 90' lang='lat' dir='ltr'>sit,</span> <span class='ocrx_word' id='word_1_677' title='bbox 2220 2198 2268 2237; x_wconf 91' lang='lat' dir='ltr'>de</span> <span class='ocrx_word' id='word_1_678' title='bbox 2285 2199 2335 2238; x_wconf 92' lang='lat' dir='ltr'>iis</span> <span class='ocrx_word' id='word_1_679' title='bbox 2353 2208 2467 2252; x_wconf 86' lang='lat' dir='ltr'>turpe</span> 
     </span>
    </p>
   </div>
   <div class='ocr_carea' id='block_1_29' title="bbox 1394 2257 2466 2309">
    <p class='ocr_par' dir='ltr' id='par_1_31' title="bbox 1394 2257 2466 2309">
     <span class='ocr_line' id='line_1_91' title="bbox 1394 2257 2466 2309; baseline 0.005 -16"><span class='ocrx_word' id='word_1_680' title='bbox 1394 2283 1396 2293; x_wconf 91' lang='lat'><em>.</em></span> <span class='ocrx_word' id='word_1_681' title='bbox 1425 2271 1508 2297; x_wconf 88' lang='lat' dir='ltr'>esse</span> <span class='ocrx_word' id='word_1_682' title='bbox 1527 2259 1665 2306; x_wconf 84' lang='lat' dir='ltr'>silere3</span> <span class='ocrx_word' id='word_1_683' title='bbox 1692 2258 1740 2296; x_wconf 92' lang='lat' dir='ltr'>de</span> <span class='ocrx_word' id='word_1_684' title='bbox 1766 2257 1910 2309; x_wconf 93' lang='lat' dir='ltr'>quibus</span> <span class='ocrx_word' id='word_1_685' title='bbox 1939 2267 2065 2296; x_wconf 90' lang='lat' dir='ltr'>autem</span> <span class='ocrx_word' id='word_1_686' title='bbox 2094 2266 2208 2309; x_wconf 90' lang='lat' dir='ltr'>turpe</span> <span class='ocrx_word' id='word_1_687' title='bbox 2229 2258 2279 2296; x_wconf 90' lang='lat' dir='ltr'>sit</span> <span class='ocrx_word' id='word_1_688' title='bbox 2309 2258 2466 2307; x_wconf 77' lang='lat' dir='ltr'>dicere,</span> 
     </span>
    </p>
   </div>
   <div class='ocr_carea' id='block_1_30' title="bbox 1425 2316 2472 2429">
    <p class='ocr_par' dir='ltr' id='par_1_32' title="bbox 1425 2316 2472 2429">
     <span class='ocr_line' id='line_1_92' title="bbox 1425 2316 2472 2368; baseline 0.002 -13"><span class='ocrx_word' id='word_1_689' title='bbox 1425 2317 1473 2356; x_wconf 92' lang='lat' dir='ltr'>de</span> <span class='ocrx_word' id='word_1_690' title='bbox 1508 2318 1557 2356; x_wconf 91' lang='lat' dir='ltr'>iis</span> <span class='ocrx_word' id='word_1_691' title='bbox 1598 2318 1714 2356; x_wconf 87' lang='lat' dir='ltr'>silere</span> <span class='ocrx_word' id='word_1_692' title='bbox 1761 2317 1900 2355; x_wconf 89' lang='lat' dir='ltr'>melius</span> <span class='ocrx_word' id='word_1_693' title='bbox 1950 2330 2047 2356; x_wconf 85' lang='lat' dir='ltr'>esse.</span> <span class='ocrx_word' id='word_1_694' title='bbox 2090 2316 2255 2368; x_wconf 85' lang='lat' dir='ltr'>lnsuper</span> <span class='ocrx_word' id='word_1_695' title='bbox 2297 2317 2472 2357; x_wconf 87' lang='lat' dir='ltr'>interro-</span> 
     </span>
     <span class='ocr_line' id='line_1_93' title="bbox 1425 2374 2471 2429; baseline 0.003 -15"><span class='ocrx_word' id='word_1_696' title='bbox 1425 2385 1511 2426; x_wconf 87' lang='lat' dir='ltr'>gata</span> <span class='ocrx_word' id='word_1_697' title='bbox 1543 2374 1649 2429; x_wconf 85' lang='lat'>(173)</span> <span class='ocrx_word' id='word_1_698' title='bbox 1680 2376 1775 2427; x_wconf 91' lang='lat' dir='ltr'>quid</span> <span class='ocrx_word' id='word_1_699' title='bbox 1803 2385 1903 2414; x_wconf 91' lang='lat' dir='ltr'>esset</span> <span class='ocrx_word' id='word_1_700' title='bbox 1931 2389 2054 2426; x_wconf 86' lang='lat' dir='ltr'>amor,</span> <span class='ocrx_word' id='word_1_701' title='bbox 2084 2377 2205 2415; x_wconf 88' lang='lat' dir='ltr'>animi</span> <span class='ocrx_word' id='word_1_702' title='bbox 2232 2377 2348 2416; x_wconf 89' lang='lat' dir='ltr'>otiosi</span> <span class='ocrx_word' id='word_1_703' title='bbox 2378 2378 2471 2417; x_wconf 78' lang='lat' dir='ltr'>affe·</span> 
     </span>
    </p>
   </div>
   <div class='ocr_carea' id='block_1_31' title="bbox 1394 2435 2472 2486">
    <p class='ocr_par' dir='ltr' id='par_1_33' title="bbox 1394 2435 2472 2486">
     <span class='ocr_line' id='line_1_94' title="bbox 1394 2435 2472 2486; baseline 0.005 -13"><span class='ocrx_word' id='word_1_704' title='bbox 1394 2463 1395 2475; x_wconf 62' lang='grc'>,</span> <span class='ocrx_word' id='word_1_705' title='bbox 1425 2435 1591 2472; x_wconf 82' lang='lat' dir='ltr'>ctionem</span> <span class='ocrx_word' id='word_1_706' title='bbox 1622 2447 1706 2473; x_wconf 89' lang='lat' dir='ltr'>esse</span> <span class='ocrx_word' id='word_1_707' title='bbox 1733 2449 1814 2486; x_wconf 88' lang='lat' dir='ltr'>prae</span> <span class='ocrx_word' id='word_1_708' title='bbox 1842 2448 1883 2473; x_wconf 89' lang='lat' dir='ltr'>se</span> <span class='ocrx_word' id='word_1_709' title='bbox 1915 2435 2016 2475; x_wconf 89' lang='lat' dir='ltr'>tulit.</span> <span class='ocrx_word' id='word_1_710' title='bbox 2046 2435 2223 2486; x_wconf 90' lang='lat' dir='ltr'>Denique</span> <span class='ocrx_word' id='word_1_711' title='bbox 2252 2437 2295 2475; x_wconf 89' lang='lat' dir='ltr'>in</span> <span class='ocrx_word' id='word_1_712' title='bbox 2324 2446 2472 2478; x_wconf 85' lang='lat' dir='ltr'>naturae</span> 
     </span>
    </p>
   </div>
   <div class='ocr_carea' id='block_1_32' title="bbox 316 2494 2472 2563">
    <p class='ocr_par' dir='ltr' id='par_1_34' title="bbox 316 2494 2472 2563">
     <span class='ocr_line' id='line_1_95' title="bbox 316 2494 2472 2563; baseline -0.008 -11"><span class='ocrx_word' id='word_1_713' title='bbox 316 2519 467 2558; x_wconf 77' lang='grc' dir='ltr'>τωνιάτης</span> <span class='ocrx_word' id='word_1_714' title='bbox 485 2520 655 2561; x_wconf 81' lang='grc' dir='ltr'>Ἀλκμαίων</span> <span class='ocrx_word' id='word_1_715' title='bbox 673 2520 759 2557; x_wconf 81' lang='grc' dir='ltr'>θεοὺς</span> <span class='ocrx_word' id='word_1_716' title='bbox 771 2520 851 2562; x_wconf 84' lang='grc' dir='ltr'>ᾤετο</span> <span class='ocrx_word' id='word_1_717' title='bbox 868 2521 937 2557; x_wconf 81' lang='grc' dir='ltr'>τοὺς</span> <span class='ocrx_word' id='word_1_718' title='bbox 956 2520 1087 2561; x_wconf 82' lang='grc' dir='ltr'>ἀστέρας</span> <span class='ocrx_word' id='word_1_719' title='bbox 1104 2520 1365 2563; x_wconf 43' lang='grc' dir='ltr'>εἶναιρμμψῡχθυς</span> <span class='ocrx_word' id='word_1_720' title='bbox 1394 2510 1396 2540; x_wconf 63' lang='grc' dir='ltr'><em>ζ</em></span> <span class='ocrx_word' id='word_1_721' title='bbox 1425 2494 1748 2544; x_wconf 90' lang='lat' dir='ltr'>contemplat1one</span> <span class='ocrx_word' id='word_1_722' title='bbox 1780 2495 1886 2532; x_wconf 78' lang='lat' dir='ltr'>lllam</span> <span class='ocrx_word' id='word_1_723' title='bbox 1924 2506 2141 2532; x_wconf 82' lang='lat' dir='ltr'>animorum</span> <span class='ocrx_word' id='word_1_724' title='bbox 2173 2495 2472 2536; x_wconf 80' lang='lat' dir='ltr'>immortalitatis</span> 
     </span>
    </p>
   </div>
   <div class='ocr_carea' id='block_1_33' title="bbox 1425 2553 2471 3019">
    <p class='ocr_par' dir='ltr' id='par_1_35' title="bbox 1425 2553 2471 2900">
     <span class='ocr_line' id='line_1_96' title="bbox 1426 2553 2469 2603; baseline 0.002 -12"><span class='ocrx_word' id='word_1_725' title='bbox 1426 2553 1619 2591; x_wconf 90' lang='lat' dir='ltr'>vindicem</span> <span class='ocrx_word' id='word_1_726' title='bbox 1645 2554 1763 2591; x_wconf 85' lang='lat' dir='ltr'>fuisse</span> <span class='ocrx_word' id='word_1_727' title='bbox 1797 2566 1883 2591; x_wconf 90' lang='lat' dir='ltr'>cum</span> <span class='ocrx_word' id='word_1_728' title='bbox 1910 2553 2067 2591; x_wconf 90' lang='lat' dir='ltr'>aliunde</span> <span class='ocrx_word' id='word_1_729' title='bbox 2089 2553 2233 2603; x_wconf 88' lang='lat' dir='ltr'>conjici</span> <span class='ocrx_word' id='word_1_730' title='bbox 2252 2554 2362 2600; x_wconf 85' lang='lat' dir='ltr'>licet,</span> <span class='ocrx_word' id='word_1_731' title='bbox 2389 2563 2469 2593; x_wconf 90' lang='lat' dir='ltr'>tum</span> 
     </span>
     <span class='ocr_line' id='line_1_97' title="bbox 1425 2611 2470 2663; baseline 0.003 -14"><span class='ocrx_word' id='word_1_732' title='bbox 1425 2612 1593 2650; x_wconf 83' lang='lat' dir='ltr'>efficitur</span> <span class='ocrx_word' id='word_1_733' title='bbox 1610 2626 1630 2650; x_wconf 90' lang='lat' dir='ltr'>e</span> <span class='ocrx_word' id='word_1_734' title='bbox 1646 2612 1750 2650; x_wconf 92' lang='lat' dir='ltr'>dicto</span> <span class='ocrx_word' id='word_1_735' title='bbox 1769 2611 1855 2662; x_wconf 88' lang='lat' dir='ltr'>ejus</span> <span class='ocrx_word' id='word_1_736' title='bbox 1873 2612 1978 2663; x_wconf 89' lang='lat' dir='ltr'>quod</span> <span class='ocrx_word' id='word_1_737' title='bbox 1993 2611 2170 2650; x_wconf 91' lang='lat' dir='ltr'>Clemens</span> <span class='ocrx_word' id='word_1_738' title='bbox 2186 2612 2470 2653; x_wconf 86' lang='lat' dir='ltr'>Alexandrinus</span> 
     </span>
     <span class='ocr_line' id='line_1_98' title="bbox 1425 2670 2471 2721; baseline 0.004 -13"><span class='ocrx_word' id='word_1_739' title='bbox 1425 2671 1607 2710; x_wconf 88' lang='lat' dir='ltr'>servavit.</span> <span class='ocrx_word' id='word_1_740' title='bbox 1627 2670 1736 2709; x_wconf 90' lang='lat' dir='ltr'>Esset</span> <span class='ocrx_word' id='word_1_741' title='bbox 1755 2671 1876 2720; x_wconf 87' lang='lat' dir='ltr'>enim,</span> <span class='ocrx_word' id='word_1_742' title='bbox 1899 2671 2050 2721; x_wconf 90' lang='lat' dir='ltr'>inquit,</span> <span class='ocrx_word' id='word_1_743' title='bbox 2075 2684 2210 2710; x_wconf 84' lang='lat' dir='ltr'>revera</span> <span class='ocrx_word' id='word_1_744' title='bbox 2237 2673 2317 2711; x_wconf 83' lang='lat' dir='ltr'>vita</span> <span class='ocrx_word' id='word_1_745' title='bbox 2336 2674 2471 2712; x_wconf 89' lang='lat' dir='ltr'>convi-</span> 
     </span>
     <span class='ocr_line' id='line_1_99' title="bbox 1426 2730 2470 2782; baseline 0.003 -14"><span class='ocrx_word' id='word_1_746' title='bbox 1426 2730 1537 2768; x_wconf 89' lang='lat' dir='ltr'>vium</span> <span class='ocrx_word' id='word_1_747' title='bbox 1552 2730 1745 2781; x_wconf 90' lang='lat' dir='ltr'>improbis</span> <span class='ocrx_word' id='word_1_748' title='bbox 1758 2759 1769 2778; x_wconf 95' lang='lat'>,</span> <span class='ocrx_word' id='word_1_749' title='bbox 1797 2730 1865 2781; x_wconf 90' lang='lat' dir='ltr'>qui</span> <span class='ocrx_word' id='word_1_750' title='bbox 1888 2731 2110 2768; x_wconf 87' lang='lat' dir='ltr'>moriuntur</span> <span class='ocrx_word' id='word_1_751' title='bbox 2130 2739 2336 2782; x_wconf 89' lang='lat' dir='ltr'>postquam</span> <span class='ocrx_word' id='word_1_752' title='bbox 2361 2734 2470 2772; x_wconf 90' lang='lat' dir='ltr'>omni</span> 
     </span>
     <span class='ocr_line' id='line_1_100' title="bbox 1427 2789 2469 2836; baseline 0.004 -10"><span class='ocrx_word' id='word_1_753' title='bbox 1427 2789 1585 2827; x_wconf 86' lang='lat' dir='ltr'>malitiae</span> <span class='ocrx_word' id='word_1_754' title='bbox 1615 2789 1738 2827; x_wconf 90' lang='lat' dir='ltr'>dediti</span> <span class='ocrx_word' id='word_1_755' title='bbox 1767 2789 1944 2836; x_wconf 85' lang='lat' dir='ltr'>suerunt,</span> <span class='ocrx_word' id='word_1_756' title='bbox 1978 2789 2053 2827; x_wconf 92' lang='lat' dir='ltr'>nisi</span> <span class='ocrx_word' id='word_1_757' title='bbox 2082 2790 2234 2828; x_wconf 87' lang='lat' dir='ltr'>animus</span> <span class='ocrx_word' id='word_1_758' title='bbox 2265 2799 2367 2830; x_wconf 87' lang='lat' dir='ltr'>esset</span> <span class='ocrx_word' id='word_1_759' title='bbox 2396 2791 2469 2830; x_wconf 87' lang='lat' dir='ltr'>im-</span> 
     </span>
     <span class='ocr_line' id='line_1_101' title="bbox 1427 2847 1750 2900; baseline 0 -14"><span class='ocrx_word' id='word_1_760' title='bbox 1427 2848 1603 2886; x_wconf 85' lang='lat' dir='ltr'>mortalis</span> <span class='ocrx_word' id='word_1_761' title='bbox 1625 2847 1750 2900; x_wconf 78' lang='lat'><strong>(174).</strong></span> 
     </span>
    </p>

    <p class='ocr_par' dir='ltr' id='par_1_36' title="bbox 1429 2906 2471 3019">
     <span class='ocr_line' id='line_1_102' title="bbox 1480 2906 2469 2960; baseline 0.004 -16"><span class='ocrx_word' id='word_1_762' title='bbox 1480 2906 1602 2945; x_wconf 87' lang='lat' dir='ltr'>Multa</span> <span class='ocrx_word' id='word_1_763' title='bbox 1620 2906 1822 2958; x_wconf 87' lang='lat' dir='ltr'>scripsisse</span> <span class='ocrx_word' id='word_1_764' title='bbox 1834 2906 1991 2946; x_wconf 89' lang='lat' dir='ltr'>Theano</span> <span class='ocrx_word' id='word_1_765' title='bbox 2005 2908 2166 2946; x_wconf 87' lang='lat' dir='ltr'>relatum</span> <span class='ocrx_word' id='word_1_766' title='bbox 2187 2908 2350 2958; x_wconf 87' lang='lat' dir='ltr'>legimus</span> <span class='ocrx_word' id='word_1_767' title='bbox 2365 2909 2469 2960; x_wconf 86' lang='lat' dir='ltr'>apud</span> 
     </span>
     <span class='ocr_line' id='line_1_103' title="bbox 1429 2966 2471 3019; baseline 0.003 -15"><span class='ocrx_word' id='word_1_768' title='bbox 1429 2966 1645 3016; x_wconf 84' lang='lat' dir='ltr'>Diogenem</span> <span class='ocrx_word' id='word_1_769' title='bbox 1664 2966 1861 3004; x_wconf 90' lang='lat' dir='ltr'>Laertium</span> <span class='ocrx_word' id='word_1_770' title='bbox 1886 2966 1955 3005; x_wconf 92' lang='lat' dir='ltr'>lib.</span> <span class='ocrx_word' id='word_1_771' title='bbox 1971 2966 2078 3015; x_wconf 86' lang='lat' dir='ltr'>vill,</span> <span class='ocrx_word' id='word_1_772' title='bbox 2102 2968 2148 3013; x_wconf 79' lang='grc'>43</span> <span class='ocrx_word' id='word_1_773' title='bbox 2166 2967 2267 3019; x_wconf 84' lang='lat'>(175)</span> <span class='ocrx_word' id='word_1_774' title='bbox 2293 2977 2407 3019; x_wconf 89' lang='lat' dir='ltr'>atque</span> <span class='ocrx_word' id='word_1_775' title='bbox 2429 2969 2471 3007; x_wconf 91' lang='lat' dir='ltr'>in</span> 
     </span>
    </p>
   </div>
   <div class='ocr_carea' id='block_1_34' title="bbox 1397 3135 2471 3177">
    <p class='ocr_par' dir='ltr' id='par_1_37' title="bbox 1397 3135 2471 3177">
     <span class='ocr_line' id='line_1_104' title="bbox 1397 3135 2471 3177; baseline 0.002 -11"><span class='ocrx_word' id='word_1_776' title='bbox 1397 3157 1399 3170; x_wconf 36' lang='grc' dir='ltr'>,ι</span> <span class='ocrx_word' id='word_1_777' title='bbox 1429 3135 1609 3177; x_wconf 70' lang='grc' dir='ltr'>φιλοσοφίας</span> <span class='ocrx_word' id='word_1_778' title='bbox 1632 3136 1742 3169; x_wconf 84' lang='grc' dir='ltr'>Θεανὼ</span> <span class='ocrx_word' id='word_1_779' title='bbox 1768 3135 1823 3174; x_wconf 79' lang='grc' dir='ltr'>τὴν</span> <span class='ocrx_word' id='word_1_780' title='bbox 1848 3137 2056 3177; x_wconf 83' lang='grc' dir='ltr'>Κροτωνιᾶτιν</span> <span class='ocrx_word' id='word_1_781' title='bbox 2089 3136 2214 3177; x_wconf 84' lang='grc' dir='ltr'>πρώτην</span> <span class='ocrx_word' id='word_1_782' title='bbox 2239 3140 2373 3176; x_wconf 81' lang='grc' dir='ltr'>γυναῖκα</span> <span class='ocrx_word' id='word_1_783' title='bbox 2390 3137 2471 3175; x_wconf 80' lang='grc' dir='ltr'>φιλο·</span> 
     </span>
    </p>
   </div>
   <div class='ocr_carea' id='block_1_35' title="bbox 1427 3183 2471 3224">
    <p class='ocr_par' dir='ltr' id='par_1_38' title="bbox 1427 3183 2471 3224">
     <span class='ocr_line' id='line_1_105' title="bbox 1427 3183 2471 3224; baseline 0.002 -11"><span class='ocrx_word' id='word_1_784' title='bbox 1427 3186 1605 3222; x_wconf 74' lang='grc' dir='ltr'>σοφῆσαι...</span> <span class='ocrx_word' id='word_1_785' title='bbox 1627 3185 1755 3224; x_wconf 84' lang='grc' dir='ltr'>ἱστορεῖ.</span> <span class='ocrx_word' id='word_1_786' title='bbox 1799 3201 1839 3206; x_wconf 93' lang='grc'><strong>-</strong></span> <span class='ocrx_word' id='word_1_787' title='bbox 1871 3183 1958 3223; x_wconf 82' lang='grc'><strong>(166)</strong></span> <span class='ocrx_word' id='word_1_788' title='bbox 1988 3184 2215 3215; x_wconf 80' lang='lat' dir='ltr'>Hermesianax</span> <span class='ocrx_word' id='word_1_789' title='bbox 2246 3185 2330 3223; x_wconf 84' lang='lat' dir='ltr'>apud</span> <span class='ocrx_word' id='word_1_790' title='bbox 2375 3184 2471 3215; x_wconf 71' lang='lat' dir='ltr'>Atine-</span> 
     </span>
    </p>
   </div>
   <div class='ocr_carea' id='block_1_36' title="bbox 319 3230 2470 3406">
    <p class='ocr_par' dir='ltr' id='par_1_39' title="bbox 319 3230 2470 3406">
     <span class='ocr_line' id='line_1_106' title="bbox 1396 3230 2470 3276; baseline 0.002 -16"><span class='ocrx_word' id='word_1_791' title='bbox 1396 3258 1398 3276; x_wconf 51' lang='grc' dir='ltr'>ἰ</span> <span class='ocrx_word' id='word_1_792' title='bbox 1426 3237 1534 3261; x_wconf 82' lang='lat' dir='ltr'>naeum</span> <span class='ocrx_word' id='word_1_793' title='bbox 1563 3230 1619 3263; x_wconf 80' lang='lat' dir='ltr'>lib.</span> <span class='ocrx_word' id='word_1_794' title='bbox 1642 3232 1716 3263; x_wconf 81' lang='lat' dir='ltr'>xiii</span> <span class='ocrx_word' id='word_1_795' title='bbox 1736 3240 1767 3271; x_wconf 85' lang='lat' dir='ltr'>p.</span> <span class='ocrx_word' id='word_1_796' title='bbox 1795 3234 1852 3263; x_wconf 78' lang='lat'>597</span> <span class='ocrx_word' id='word_1_797' title='bbox 1873 3243 1882 3261; x_wconf 95' lang='grc'>·.</span> <span class='ocrx_word' id='word_1_798' title='bbox 1901 3230 1950 3268; x_wconf 84' lang='grc' dir='ltr'>οἵη</span> <span class='ocrx_word' id='word_1_799' title='bbox 1983 3231 2037 3271; x_wconf 81' lang='grc' dir='ltr'>μὲν</span> <span class='ocrx_word' id='word_1_800' title='bbox 2060 3231 2175 3271; x_wconf 78' lang='grc' dir='ltr'>Σάμιον</span> <span class='ocrx_word' id='word_1_801' title='bbox 2201 3232 2296 3271; x_wconf 86' lang='grc' dir='ltr'>μανίη</span> <span class='ocrx_word' id='word_1_802' title='bbox 2317 3232 2470 3269; x_wconf 79' lang='grc' dir='ltr'>κατέδησε</span> 
     </span>
     <span class='ocr_line' id='line_1_107' title="bbox 1396 3277 2468 3319; baseline 0.001 -12"><span class='ocrx_word' id='word_1_803' title='bbox 1396 3286 1398 3308; x_wconf 65' lang='grc'>1</span> <span class='ocrx_word' id='word_1_804' title='bbox 1427 3277 1561 3314; x_wconf 70' lang='grc' dir='ltr'>Θεανοῦς</span> <span class='ocrx_word' id='word_1_805' title='bbox 1578 3278 1778 3319; x_wconf 79' lang='grc' dir='ltr'>Πυθαγόρην,</span> <span class='ocrx_word' id='word_1_806' title='bbox 1809 3277 1920 3309; x_wconf 83' lang='grc' dir='ltr'>ἑλίκων</span> <span class='ocrx_word' id='word_1_807' title='bbox 1946 3278 2056 3319; x_wconf 81' lang='grc' dir='ltr'>κομψὰ</span> <span class='ocrx_word' id='word_1_808' title='bbox 2078 3278 2264 3319; x_wconf 77' lang='grc' dir='ltr'>γεωμετρίης</span> <span class='ocrx_word' id='word_1_809' title='bbox 2292 3278 2468 3319; x_wconf 80' lang='grc' dir='ltr'>εὑρόμενον,</span> 
     </span>
     <span class='ocr_line' id='line_1_108' title="bbox 320 3315 1397 3358; baseline 0.005 -12"><span class='ocrx_word' id='word_1_810' title='bbox 320 3316 471 3353; x_wconf 80' lang='grc' dir='ltr'>ἀνατολὰς</span> <span class='ocrx_word' id='word_1_811' title='bbox 513 3316 738 3358; x_wconf 79' lang='grc' dir='ltr'>ἀντιφέρεσθαι.</span> <span class='ocrx_word' id='word_1_812' title='bbox 776 3317 877 3348; x_wconf 79' lang='grc' dir='ltr'>Τοῦτο</span> <span class='ocrx_word' id='word_1_813' title='bbox 912 3315 945 3347; x_wconf 85' lang='grc' dir='ltr'>δὲ</span> <span class='ocrx_word' id='word_1_814' title='bbox 982 3318 1187 3358; x_wconf 77' lang='grc' dir='ltr'>συνομολογεῖ</span> <span class='ocrx_word' id='word_1_815' title='bbox 1212 3320 1267 3351; x_wconf 81' lang='grc' dir='ltr'>καὶ</span> <span class='ocrx_word' id='word_1_816' title='bbox 1301 3318 1366 3351; x_wconf 73' lang='grc' dir='ltr'>Ἃλ·</span> <span class='ocrx_word' id='word_1_817' title='bbox 1394 3343 1397 3354; x_wconf 88' lang='grc'>,</span> 
     </span>
     <span class='ocr_line' id='line_1_109' title="bbox 319 3362 1397 3406; baseline 0.006 -13"><span class='ocrx_word' id='word_1_818' title='bbox 319 3362 452 3402; x_wconf 81' lang='grc' dir='ltr'>κμαίων.</span> <span class='ocrx_word' id='word_1_819' title='bbox 477 3381 517 3386; x_wconf 88' lang='grc'>-</span> <span class='ocrx_word' id='word_1_820' title='bbox 533 3362 619 3395; x_wconf 84' lang='lat' dir='ltr'>Alias</span> <span class='ocrx_word' id='word_1_821' title='bbox 646 3362 836 3395; x_wconf 83' lang='lat' dir='ltr'>Alcmoeonis</span> <span class='ocrx_word' id='word_1_822' title='bbox 859 3363 1035 3395; x_wconf 85' lang='lat' dir='ltr'>sententias</span> <span class='ocrx_word' id='word_1_823' title='bbox 1060 3364 1134 3397; x_wconf 88' lang='lat' dir='ltr'>vide</span> <span class='ocrx_word' id='word_1_824' title='bbox 1159 3366 1243 3406; x_wconf 81' lang='lat' dir='ltr'>apud</span> <span class='ocrx_word' id='word_1_825' title='bbox 1259 3366 1360 3399; x_wconf 82' lang='lat' dir='ltr'>Theo·</span> <span class='ocrx_word' id='word_1_826' title='bbox 1394 3365 1397 3386; x_wconf 94' lang='lat'>¹</span> 
     </span>
    </p>
   </div>
   <div class='ocr_carea' id='block_1_37' title="bbox 1424 3324 2471 3508">
    <p class='ocr_par' dir='ltr' id='par_1_40' title="bbox 1424 3324 2471 3508">
     <span class='ocr_line' id='line_1_110' title="bbox 1425 3324 2468 3367; baseline 0.003 -14"><span class='ocrx_word' id='word_1_827' title='bbox 1425 3324 1478 3355; x_wconf 83' lang='grc' dir='ltr'>καὶ</span> <span class='ocrx_word' id='word_1_828' title='bbox 1506 3326 1618 3356; x_wconf 80' lang='grc' dir='ltr'>κύκλον</span> <span class='ocrx_word' id='word_1_829' title='bbox 1647 3325 1722 3357; x_wconf 85' lang='grc' dir='ltr'>ὅσον</span> <span class='ocrx_word' id='word_1_830' title='bbox 1754 3325 1968 3367; x_wconf 78' lang='grc' dir='ltr'>περιὸάλ).εται</span> <span class='ocrx_word' id='word_1_831' title='bbox 1999 3325 2099 3365; x_wconf 78' lang='grc' dir='ltr'>αἰθήρ,</span> <span class='ocrx_word' id='word_1_832' title='bbox 2135 3327 2208 3366; x_wconf 83' lang='grc' dir='ltr'>βαιῇ</span> <span class='ocrx_word' id='word_1_833' title='bbox 2238 3325 2267 3356; x_wconf 80' lang='grc' dir='ltr'>τ’</span> <span class='ocrx_word' id='word_1_834' title='bbox 2292 3326 2323 3356; x_wconf 89' lang='grc' dir='ltr'>ἐν</span> <span class='ocrx_word' id='word_1_835' title='bbox 2354 3325 2468 3366; x_wconf 78' lang='grc' dir='ltr'>σφαίρῃ</span> 
     </span>
     <span class='ocr_line' id='line_1_111' title="bbox 1425 3370 2468 3413; baseline 0.003 -12"><span class='ocrx_word' id='word_1_836' title='bbox 1425 3370 1513 3402; x_wconf 83' lang='grc' dir='ltr'>πάντ’</span> <span class='ocrx_word' id='word_1_837' title='bbox 1529 3372 1798 3413; x_wconf 83' lang='grc' dir='ltr'>ἀποτασσόμενον.</span> <span class='ocrx_word' id='word_1_838' title='bbox 1820 3393 1856 3398; x_wconf 95' lang='grc'>-</span> <span class='ocrx_word' id='word_1_839' title='bbox 1871 3373 1960 3413; x_wconf 84' lang='grc'><strong>(167)</strong></span> <span class='ocrx_word' id='word_1_840' title='bbox 1974 3373 2047 3404; x_wconf 77' lang='lat' dir='ltr'>viu.</span> <span class='ocrx_word' id='word_1_841' title='bbox 2067 3373 2177 3412; x_wconf 76' lang='lat' dir='ltr'>fragm.</span> <span class='ocrx_word' id='word_1_842' title='bbox 2192 3377 2223 3405; x_wconf 87' lang='lat'>2.</span> <span class='ocrx_word' id='word_1_843' title='bbox 2240 3390 2276 3396; x_wconf 92' lang='lat'><strong>—</strong></span> <span class='ocrx_word' id='word_1_844' title='bbox 2293 3372 2380 3413; x_wconf 81' lang='lat'>(168)</span> <span class='ocrx_word' id='word_1_845' title='bbox 2394 3373 2468 3405; x_wconf 86' lang='lat' dir='ltr'>Vid.</span> 
     </span>
     <span class='ocr_line' id='line_1_112' title="bbox 1424 3416 2471 3460; baseline 0.005 -13"><span class='ocrx_word' id='word_1_846' title='bbox 1424 3416 1535 3457; x_wconf 78' lang='lat' dir='ltr'>fragm.</span> <span class='ocrx_word' id='word_1_847' title='bbox 1552 3422 1582 3451; x_wconf 89' lang='lat'>3.</span> <span class='ocrx_word' id='word_1_848' title='bbox 1596 3439 1637 3446; x_wconf 89' lang='lat'>—</span> <span class='ocrx_word' id='word_1_849' title='bbox 1648 3420 1734 3460; x_wconf 81' lang='grc'><strong>(169)</strong></span> <span class='ocrx_word' id='word_1_850' title='bbox 1751 3419 1825 3451; x_wconf 76' lang='lat' dir='ltr'>Vid.</span> <span class='ocrx_word' id='word_1_851' title='bbox 1841 3419 1952 3460; x_wconf 76' lang='lat' dir='ltr'>fragm.</span> <span class='ocrx_word' id='word_1_852' title='bbox 1968 3421 1999 3451; x_wconf 83' lang='lat'>4.</span> <span class='ocrx_word' id='word_1_853' title='bbox 2012 3436 2052 3442; x_wconf 94' lang='lat'><strong>—</strong></span> <span class='ocrx_word' id='word_1_854' title='bbox 2065 3421 2150 3459; x_wconf 85' lang='grc'><strong>(170)</strong></span> <span class='ocrx_word' id='word_1_855' title='bbox 2168 3419 2241 3452; x_wconf 89' lang='lat' dir='ltr'>Vid.</span> <span class='ocrx_word' id='word_1_856' title='bbox 2255 3420 2366 3460; x_wconf 76' lang='lat' dir='ltr'>fragm.</span> <span class='ocrx_word' id='word_1_857' title='bbox 2383 3425 2413 3452; x_wconf 83' lang='grc'>6.</span> <span class='ocrx_word' id='word_1_858' title='bbox 2430 3437 2471 3444; x_wconf 88' lang='lat'>·—-</span> 
     </span>
     <span class='ocr_line' id='line_1_113' title="bbox 1429 3465 2468 3508; baseline 0.005 -13"><span class='ocrx_word' id='word_1_859' title='bbox 1429 3465 1514 3505; x_wconf 81' lang='grc'><strong>(171)</strong></span> <span class='ocrx_word' id='word_1_860' title='bbox 1530 3466 1605 3498; x_wconf 86' lang='lat' dir='ltr'>vid.</span> <span class='ocrx_word' id='word_1_861' title='bbox 1621 3466 1735 3506; x_wconf 80' lang='lat' dir='ltr'>fragm.</span> <span class='ocrx_word' id='word_1_862' title='bbox 1751 3469 1782 3500; x_wconf 85' lang='grc'>7.</span> <span class='ocrx_word' id='word_1_863' title='bbox 1800 3484 1842 3490; x_wconf 90' lang='grc'>-</span> <span class='ocrx_word' id='word_1_864' title='bbox 1858 3466 1946 3508; x_wconf 88' lang='lat'>(172)</span> <span class='ocrx_word' id='word_1_865' title='bbox 1964 3467 2036 3498; x_wconf 86' lang='lat' dir='ltr'>vid.</span> <span class='ocrx_word' id='word_1_866' title='bbox 2056 3467 2168 3506; x_wconf 80' lang='lat' dir='ltr'>fragm.</span> <span class='ocrx_word' id='word_1_867' title='bbox 2190 3470 2221 3499; x_wconf 88' lang='grc'>8.</span> <span class='ocrx_word' id='word_1_868' title='bbox 2236 3485 2277 3490; x_wconf 87' lang='lat'>—-</span> <span class='ocrx_word' id='word_1_869' title='bbox 2290 3468 2376 3508; x_wconf 86' lang='grc'><strong>(173)</strong></span> <span class='ocrx_word' id='word_1_870' title='bbox 2394 3468 2468 3500; x_wconf 77' lang='lat' dir='ltr'>vid.</span> 
     </span>
    </p>
   </div>
   <div class='ocr_carea' id='block_1_38' title="bbox 1390 3511 2469 3556">
    <p class='ocr_par' dir='ltr' id='par_1_41' title="bbox 1390 3511 2469 3556">
     <span class='ocr_line' id='line_1_114' title="bbox 1390 3511 2469 3556; baseline 0.004 -12"><span class='ocrx_word' id='word_1_871' title='bbox 1390 3521 1395 3544; x_wconf 87' lang='lat'>.¹</span> <span class='ocrx_word' id='word_1_872' title='bbox 1423 3511 1626 3552; x_wconf 45' lang='grc' dir='ltr'>Ι“1·3ς111.9.ᾗ</span> <span class='ocrx_word' id='word_1_873' title='bbox 1643 3514 1731 3555; x_wconf 71' lang='grc'><strong>(174)</strong></span> <span class='ocrx_word' id='word_1_874' title='bbox 1745 3515 1819 3547; x_wconf 88' lang='lat' dir='ltr'>Vid.</span> <span class='ocrx_word' id='word_1_875' title='bbox 1834 3515 1942 3555; x_wconf 78' lang='lat' dir='ltr'>fragm.</span> <span class='ocrx_word' id='word_1_876' title='bbox 1957 3519 1986 3547; x_wconf 85' lang='lat'>5.</span> <span class='ocrx_word' id='word_1_877' title='bbox 1999 3535 2038 3542; x_wconf 91' lang='lat'><em>-</em></span> <span class='ocrx_word' id='word_1_878' title='bbox 2053 3515 2140 3556; x_wconf 84' lang='grc'><strong>(175)</strong></span> <span class='ocrx_word' id='word_1_879' title='bbox 2152 3515 2308 3555; x_wconf 86' lang='lat' dir='ltr'>Diogenes</span> <span class='ocrx_word' id='word_1_880' title='bbox 2323 3516 2469 3548; x_wconf 73' lang='lat' dir='ltr'>Laertius</span> 
     </span>
    </p>
   </div>
  </div>
 </body>
</html>
