2638 3840
323 311 372 341 50
1162 291 1625 333 PYTHAGOREORUM

324 390 534 441 Philoponi
567 388 787 442 testimonio
807 386 854 423 ad
876 385 1037 422 Aristot.
1062 383 1179 433 Phys.
1212 381 1282 420 lib.
1311 380 1367 419 ΙΙΙ

322 463 362 501 p.
387 451 472 498 131,
488 449 554 499 qui
574 460 708 485 omnes
724 457 906 483 numeros
923 443 1091 493 impares
1105 440 1287 492 γνώμονας
1297 453 1369 478 vo·

325 519 431 548 catos
449 522 531 546 esse
552 506 693 545 scribit
712 520 721 542 z
743 504 816 543 Καὶ
832 506 864 542 οἱ
885 501 1109 555 ἀριθμητικοὶ
1127 499 1171 538 δὲ’
1187 499 1369 552 γνώμονας

323 570 468 607 καλοῦσι
499 567 634 607 πάντας
660 563 738 607 τοὺς
758 559 939 613 περιττοὺς
967 558 1148 612 ἀριθμούς.
1170 559 1230 596 Ad
1254 571 1368 610 quem

323 629 451 665 locum
480 623 708 675 Simplicius
741 635 750 660 :
779 620 961 672 γνώμονας
981 618 1017 657 δὲ
1042 619 1187 657 ἐκάλουν
1208 618 1287 662 τοὺς
1306 634 1370 657 πε-

325 683 457 738 ριττοὺς
471 685 501 721 οἱ
518 682 769 732 Πυθαγόρειοι,
784 679 870 718 διότι
885 677 1149 732 προστιθέμενοι
1162 679 1233 721 τοῖς
1248 693 1371 730 τετρα-

322 745 461 796 γώνοις,
482 742 521 780 τὸ
541 741 626 779 αὐτὸ
649 743 773 792 σχῆμα
794 739 1030 791 φυλάττουσι,
1052 735 1172 789 ὥσπερ
1192 738 1253 776 καὶ
1277 738 1307 776 οἱ
1334 739 1367 776 ἐν

322 802 520 855 γεωμετρίᾳ
537 800 724 849 γνώμονες.
743 799 803 838 Cf.
818 798 1073 835 Tiedemann.
1091 799 1193 835 Geisc
1202 799 1273 834 cler
1287 811 1371 847 spe·

323 867 435 900 culae.
460 863 604 899 Plzilos.
625 874 666 911 p.
691 873 762 906 107
785 871 866 908 seq.
888 857 1066 907 Denique
1086 856 1191 907 quod
1213 856 1261 894 ad
1283 869 1371 894 ver-

323 922 464 960 borum
486 920 720 970 scripturam
738 919 875 955 attinet
888 946 898 964 ‚
917 915 1044 954 tribus
1060 916 1157 953 locis
1174 914 1369 954 membra-

323 994 461 1019 narum
476 978 660 1016 lectiones
675 977 895 1015 emendavi.
912 977 1087 1025 Namque
1100 979 1114 996 ‘³
1132 974 1225 1013 ποιεῖ
1241 976 1370 1026 posui,

326 1041 415 1090 quia
436 1043 587 1076 ποιεῖται
612 1040 836 1088 περικρατεῖν
859 1035 1036 1084 graecitas
1057 1034 1218 1085 respuit.
1238 1033 1373 1072 Possis

322 1099 436 1136 etiam
456 1110 530 1149 pro
549 1095 773 1147 περικρατεῖν
798 1108 819 1132 e
840 1094 947 1131 libro
977 1093 1211 1131 Plutarcheo
1226 1093 1292 1130 bic
1312 1106 1370 1130 re-

325 1170 472 1209 ponere
501 1157 715 1208 ἐπικρατεῖν.
727 1153 744 1177 b
759 1155 805 1197 ὡς
823 1156 840 1191 ὁ
867 1152 1048 1198 ἑξκαίδεκα
1072 1153 1219 1190 mutavi
1239 1154 1278 1189 in
1294 1153 1340 1195 ὡς
1356 1154 1373 1189 ὁ

323 1213 659 1267 τεσσαρεσκαίδεκα.
678 1214 855 1264 Scriptor
869 1213 973 1251 enim
989 1210 1225 1263 probaturus
1242 1223 1373 1248 nume-

326 1289 390 1313 ros
411 1288 522 1326 pares
545 1272 925 1311 dividendo.1·esolvi
945 1272 986 1308 in
1003 1272 1172 1322 impares
1186 1299 1197 1316 ,
1216 1269 1374 1307 minime

326 1343 415 1385 apto
443 1334 567 1371 utitur
587 1333 765 1383 exemplo
782 1333 829 1374 ὡς
853 1333 871 1368 ὃ
891 1329 1074 1374 ἑξκαίδεκα
1088 1358 1100 1379 ,
1132 1328 1241 1379 quus
1260 1328 1376 1366 dimi-

328 1393 435 1430 dium
466 1401 524 1430 est
561 1401 671 1439 octo,
706 1401 750 1430 ut
783 1400 949 1441 uterque
983 1402 1171 1427 numerus
1203 1401 1274 1439 par
1308 1388 1371 1426 sit.

327 1452 457 1497 Quare
477 1449 796 1503 τεσσαρεσκαίδεκα
817 1449 978 1486 exaravi
995 1477 1004 1494 ,
1036 1447 1145 1498 cujus
1166 1446 1371 1484 dimidium

328 1519 473 1562 septem
494 1523 699 1547 numerum
730 1510 919 1560 imparem
939 1508 1075 1547 efficit.
1100 1511 1114 1529 ⁰
1136 1508 1182 1550 ὡς
1204 1504 1245 1543 ἂν
1263 1506 1303 1543 ἰῐ]
1332 1506 1377 1547 ὡς

327 1570 368 1618 δὴ
384 1570 570 1609 converti.
588 1570 599 1620 )

388 1679 453 1716 ΕΚ
486 1651 588 1716 ΤΩΝ
619 1675 895 1715 ΒΟΥΘΙΙΡΟΥ
925 1675 1046 1713 ΠΕΡΙ
1076 1673 1318 1713 ΑΡΙΘΜΩΝ.

381 1782 541 1836 Ἀριθμὸς
561 1784 601 1821 ἐκ
634 1783 794 1833 μονάδων
825 1781 1025 1832 σύγκειται,
1050 1780 1134 1832 ὅπερ
1166 1779 1259 1818 ἐστὶν
1283 1781 1376 1832 ἀρχὴ

334 1847 402 1883 τῶν
423 1843 533 1882 ὄντων
555 1844 615 1881 καὶ
643 1843 767 1894 μέτρον
794 1841 854 1879 καὶ
882 1841 1065 1879 ἀσύνθετον
1099 1839 1159 1878 καὶ
1193 1838 1379 1890 ἀγέννητον

332 1902 397 1941 καὶ·
417 1899 526 1940 ἀίδιον
548 1901 608 1940 καὶ
631 1899 733 1951 μόνον
754 1899 814 1938 καὶ
836 1899 1031 1951 εἰλικρινές·
1050 1897 1067 1936 ὃ
1087 1897 1194 1950 χωρὶς
1220 1901 1288 1935 τῶν
1316 1898 1378 1936 ἄλ-

329 1964 401 2001 λων
421 1960 517 2008 ἐστί,
538 1959 599 1998 καὶ
618 1959 702 1997 αὐτὸ
719 1958 796 1997 καθ’
820 1957 923 1996 ἑαυτό
939 1987 949 2005 ,
975 1957 1035 1995 καὶ
1054 1956 1147 2008 ἀρχὴ
1174 1955 1235 1995 καὶ
1255 1956 1378 2008 πρώτη

328 2020 441 2074 φύσις.
500 2018 572 2058 Καὶ
593 2018 646 2056 ὅτι
667 2020 788 2068 μαθεῖν
811 2016 895 2054 αὐτὸ
918 2015 1028 2060 ἔξεστι
1049 2017 1132 2065 μηδ’
1156 2015 1242 2053 ἄλλο
1271 2017 1381 2067 διορι-

332 2078 475 2131 σαμένῳ
486 2109 499 2127 ,
519 2076 537 2116 ὃ
559 2075 661 2128 μόνον
680 2075 773 2114 ἐστὶν
794 2075 973 2128 εἰλικρινὲς
989 2074 1049 2113 καὶ
1070 2073 1153 2112 αὐτὸ
1171 2074 1247 2112 καθ’
1261 2074 1379 2122 ἑαυτό,

331 2138 435 2184 δῆλον
458 2141 487 2174 ⁸.

387 2196 433 2236 ‘O
455 2195 618 2248 περισσὸς
634 2199 694 2234 τοῦ
719 2194 838 2247 ἀρτίου
858 2192 1065 2245 τελεώτερός
1080 2193 1186 2232 ἔστιν.
1245 2192 1290 2232 Ὁ
1318 2192 1381 2242 μὲν

334 2255 402 2309 γὰρ
423 2255 538 2309 ἀρχὴν
561 2254 622 2293 καὶ
644 2254 742 2298 τέλος
769 2253 830 2293 καὶ
859 2253 964 2304 μέσον
987 2253 1081 2306 ἔχει,
1103 2255 1121 2291 ὃ
1139 2252 1175 2291 δὲ
1194 2256 1253 2291 τοῦ
1275 2253 1383 2303 μέσου

332 2314 520 2367 ἐστέρηται
538 2313 568 2353 ¹³.
589 2313 660 2353 Καὶ
680 2315 698 2351 ὃ
715 2313 800 2364 μέν,
821 2313 918 2351 ὁπότ’
935 2313 976 2351 ἂν
998 2312 1143 2364 γένηται
1162 2317 1178 2335 ⁰
1199 2311 1265 2350 ἀνὰ
1282 2312 1382 2363 λόγον

334 2372 396 2410 καὶ
423 2372 507 2425 πρὸς
529 2372 685 2421 μονάδα,
713 2372 788 2415 ταῖς
815 2374 919 2410 αὑτοῦ
951 2371 1083 2423 χώραις
1112 2370 1384 2421 καταλαμὸάνει

333 2432 377 2470 τὰ
406 2437 480 2476 ταῖς
500 2434 683 2483 γραμμαῖς
709 2429 943 2482 περιεχόμενα
979 2429 1151 2482 σχήματα
1180 2428 1214 2452 d·
1239 2432 1257 2467 ὃ
1287 2429 1319 2467 δ’
1351 2433 1385 2469 ἐν

335 2492 447 2544 οἰκείᾳ
470 2491 532 2542 μὲν
553 2491 754 2542 γιγνόμενος
782 2494 796 2511 ‘³
825 2489 993 2527 οὐδέποτε
1012 2488 1237 2541 περαίνεται,
1257 2488 1338 2527 ὅταν
1356 2490 1386 2527 δ’

337 2554 371 2590 ἐν
385 2555 535 2604 περισσῇ
551 2551 713 2602 γένηται,
731 2549 834 2592 αὐτός
850 2565 888 2587 τε
902 2548 1050 2601 πέρατος
1066 2548 1231 2600 τυγχάνει
1245 2549 1305 2587 καὶ
1322 2548 1386 2596 τὴν

336 2610 489 2662 πλευρὰν
509 2608 609 2660 λόγον
630 2608 778 2660 ἔχουσαν
794 2606 902 2659 ἴσχει.

391 2669 443 2708 Τὸ
459 2668 495 2707 ἒν
515 2667 615 2706 οὐσία
631 2667 691 2705 καὶ
707 2666 806 2718 φύσις
822 2665 883 2704 καὶ
899 2669 975 2710 νοῦς
991 2665 1051 2703 καὶ
1067 2665 1256 2718 πλήρωμα·
1273 2666 1385 2719 ἀρχὴν

337 2728 409 2780 γὰρ
430 2727 490 2766 καὶ
511 2726 615 2776 μέσον
635 2726 695 2764 καὶ
716 2725 824 2776 πέρας
854 2724 932 2775 ἔχον
955 2725 1041 2764 ἐστί.
1101 2724 1175 2763 Καὶ
1192 2725 1236 2764 τὰ
1266 2724 1356 2764 ἄλλα
1374 2724 1386 2747 ¹

345 2787 467 2826 τούτου
487 2785 693 2836 μετείληφεν
719 2784 741 2821 ἃ
761 2783 860 2831 ἔστι,
877 2784 937 2821 καὶ
962 2789 1091 2822 νοεῖται
1110 2786 1154 2835 τῇ
1178 2783 1302 2822 τούτου
1316 2783 1385 2837 φύ-

1429 395 1481 419 σει
1513 380 1659 419 ἕκαστον
1699 377 1770 416 ἀπὸ
1812 379 1880 415 τῶν
1914 377 2028 414 ἄλλων
2061 375 2373 428 εἶλικρινούμενον,
2406 373 2470 412 καὶ

1430 438 1534 477 εἰκών
1550 453 1586 476 τε
1605 437 1666 475 καὶ
1685 436 1813 475 εἴδωλα
1832 439 1892 473 τοῦ
1910 434 1981 478 ἑνὸς
1998 434 2198 485 γιγνόμενα.

1484 496 1686 551 (Stobaeus
1700 495 1831 545 Eclog.
1851 495 1920 533 lib.
1940 494 1956 531 l
1974 508 2060 545 cap.
2077 507 2116 541 2,
2136 493 2175 541 5,
2192 506 2280 544 pag.
2302 506 2348 530 ια
2360 505 2470 544 seqq.

1430 556 1491 596 ed.
1526 556 1689 594 Heeren.
1716 554 1862 605 Scripsi
1887 568 1896 591 ι
1917 557 1931 575 ‘¹
1954 552 2014 590 καὶ
2034 552 2087 590 ὅτι
2107 555 2230 602 μαθεῖν
2250 550 2335 590 αὐτὸ
2361 550 2474 596 ἔξεστι

1432 615 1515 663 μηδ’
1545 614 1631 652 ἄλλο
1652 611 1904 664 διορισαμένῳ,
1924 610 1943 649 ὃ
1962 611 2068 661 μόνον
2091 611 2185 650 ἐστὶν
2210 608 2391 662 εἰλικρινὲς
2413 612 2475 650 καὶ

1433 672 1517 711 αὐτὸ
1541 674 1617 709 καθ’
1636 670 1758 717 ἑαυτό,
1779 671 1906 718 δῆλον;
1932 669 2045 709 codd.
2066 669 2127 707 καὶ
2150 671 2273 719 μαθεῖν
2290 669 2375 708 αὐτὸ
2394 669 2478 720 μηδ’

1433 731 1518 770 ἄλλο
1540 730 1778 781 διορισάμενος
1810 727 1881 782 [ὃ]
1929 727 2031 779 μόνον
2065 727 2158 767 ἐστὶν
2185 726 2363 780 εἰλικρινὲς
2393 727 2478 767 αὐτὸ

1433 793 1571 838 δηλοῦν.
1591 788 1608 812 ¹³
1627 788 1810 842 ἐστέρηται
1825 802 1835 837 ;
1853 788 1965 828 codd.
1986 793 2175 840 στερεῖται.
2197 793 2212 812 ⁰
2233 786 2331 826 ὁπότ’
2354 786 2397 826 ἂν
2418 786 2478 838 γέ-

1432 866 1534 898 νηται
1555 847 1622 887 ἀνὰ
1642 847 1745 899 λόγον
1776 846 1942 899 καὶπρὸς
1975 847 2132 898 μονάδα;
2157 846 2269 885 codd.
2305 845 2405 885 ὁπότ’
2434 845 2477 885 ἃν

1433 911 1624 961 γεννῶνται
1639 907 1706 945 ἀνὰ
1723 905 1825 957 λόγον
1844 905 1904 944 καὶ
1919 906 2005 958 πρὸς
2025 907 2188 957 μονάδας.
2206 905 2223 929 ‘¹
2243 905 2478 957 καταλαμὸά-

1433 985 1483 1007 νει
1503 968 1546 1006 τὰ
1566 968 1643 1010 ταῖς
1671 968 1852 1020 γραμμαῖς
1882 966 2119 1018 περιεχόμενα
2147 964 2318 1019 σχήματα
2329 978 2349 1016 ς·
2361 965 2475 1004 codd.

1434 1025 1704 1078 καταλαμὸάνει
1747 1025 1825 1068 τοὺς
1864 1026 1940 1068 ταῖς
1982 1030 2165 1076 γραμμαῖς
2194 1023 2478 1077 περιεχομένους.

1434 1090 1449 1108 ⁰
1463 1084 1680 1137 γιγνόμενος
1695 1083 1809 1122 codd.
1822 1082 2013 1134 γινόμενος.
2029 1081 2041 1105 ¹
2054 1082 2098 1120 τὰ
2114 1082 2205 1120 ἄλλα
2221 1082 2343 1121 τούτου
2361 1081 2481 1133 μετεί-

1435 1147 1565 1198 ληφεν;
1599 1143 1711 1181 codd.
1743 1141 1787 1179 τὰ
1810 1142 1901 1180 ἄλλα
1929 1140 1986 1179 διὰ
2014 1141 2138 1180 τούτου
2174 1141 2396 1193 μετείληφεν.
2425 1141 2482 1180 De

1435 1204 1557 1242 variis
1585 1202 1813 1239 nominibus
1842 1200 1986 1251 quibus
2013 1200 2247 1251 Pythagorei
2278 1198 2480 1238 monadem

1438 1275 1578 1301 ornare
1609 1260 1785 1299 solebant
1815 1259 1906 1297 vide
1936 1259 1969 1296 T
1972 1259 2073 1297 heol.
2109 1258 2278 1297 Arithm.
2318 1272 2359 1310 p.
2398 1257 2482 1308 5·9.

1438 1322 1551 1360 Conf.
1570 1321 1713 1358 Meurs.
1730 1319 1778 1357 de
1798 1319 1942 1357 Denar.
1966 1318 2129 1369 Pythag.
2151 1331 2236 1369 cap.
2261 1318 2298 1358 3.
2321 1317 2379 1355 De
2395 1317 2484 1354 uni-

1438 1391 1514 1419 tate
1534 1379 1670 1418 Theol.
1690 1379 1855 1417 Arithm.
1874 1392 1914 1429 p.
1938 1391 1984 1427 ¹9
2005 1391 2013 1414 :
2034 1375 2108 1414 ἔστι
2124 1375 2192 1429 γὰρ
2205 1375 2313 1415 ποσόν
2331 1379 2398 1424 τιὴ
2419 1391 2485 1426 μο-

1438 1440 1519 1488 νάς,
1546 1437 1605 1476 καὶ
1632 1438 1833 1487 μονώτατον
1866 1434 2148 1487 περαῖνον-σὺν
2163 1434 2231 1486 γὰρ
2251 1433 2360 1487 ἑτέρῳ
2379 1434 2483 1484 μόνον

1439 1500 1502 1537 οὐκ
1517 1496 1558 1535 ἄν
1576 1511 1661 1535 ποτε
1679 1495 1748 1543 εἴη.
1769 1496 1863 1541 Quae
1882 1503 2098 1545 sequuntur
2112 1494 2205 1532 inde
2225 1492 2275 1531 ab
2287 1495 2306 1531 ὁ
2323 1491 2486 1546 περισσὸς

1440 1569 1564 1607 usque
1595 1554 1643 1592 ad
1683 1553 1783 1604 λόγον
1816 1553 1962 1605 ἔχουσαν
1991 1551 2085 1604 ἴσχει
2112 1565 2232 1604 quum
2259 1565 2337 1589 non
2366 1550 2507 1590 cohae‘.

1442 1623 1552 1653 reant
1573 1626 1659 1651 cum
1677 1613 1872 1664 superiori
1893 1612 1940 1650 de
1956 1612 2103 1650 unitate
2123 1611 2406 1662 disputatione,
2420 1609 2488 1648 sed

1441 1676 1489 1712 ad
1516 1672 1766 1724 quaestionem
1788 1671 1835 1708 de
1847 1670 2010 1722 paribus
2026 1679 2064 1708 et
2083 1668 2301 1722 imparibus
2313 1669 2489 1708 numeris

1441 1740 1633 1785 spectent,
1652 1740 1754 1769 recte
1778 1733 1820 1768 in
1839 1731 1972 1768 codice
1991 1729 2177 1767 Vaticano
2192 1743 2215 1767 a
2233 1728 2487 1780 praecedenti-

1441 1791 1516 1829 bus
1544 1798 1786 1841 separantur.
1820 1789 1877 1826 De
1902 1801 1945 1826 re
1974 1788 2061 1839 ipsa
2084 1787 2270 1837 legendus
2292 1786 2488 1825 Meursius

1442 1850 1470 1888 l.
1505 1864 1538 1889 c.
1569 1862 1654 1899 cap.
1685 1863 1723 1887 2.
1767 1845 2068 1896 Distinguebant
2098 1854 2224 1884 autem
2253 1844 2490 1896 Pythagorei

1442 1921 1625 1946 numeros
1640 1920 1752 1957 pares
1772 1915 1810 1944 et
1825 1908 2010 1957 impares,
2034 1919 2056 1943 e
2073 1905 2218 1956 quibus
2237 1904 2328 1942 illos
2343 1906 2490 1955 imper-

1444 1968 1562 2004 fectos
1582 1975 1619 2003 et
1638 1966 1837 2011 infinitos,
1856 1963 1928 2001 hos
1950 1963 2142 2014 perfectos
2162 1971 2200 2000 et
2218 1962 2351 2000 finitos
2376 1975 2492 2001 voca·

1443 2025 1550 2064 bant.
1571 2024 1615 2062 Id
1636 2037 1731 2061 vero
1752 2022 1974 2072 geometriae
1993 2035 2067 2072 ope
2085 2021 2350 2059 demonstrare
2369 2034 2491 2059 cona-

1445 2083 1603 2122 bantur.
1620 2083 1813 2120 Nimirum
1842 2080 1994 2118 duabus
2021 2080 2135 2118 lineis
2159 2079 2306 2118 nullam
2326 2079 2506 2130 figuram·

1444 2142 1668 2188 terminari,
1690 2140 1818 2179 tribus
1836 2140 2038 2178 terminari
2059 2139 2163 2177 inter
2177 2151 2312 2176 omnes
2327 2147 2488 2178 constat.

1445 2201 1637 2248 Quocirca
1660 2200 1736 2238 hoc
1758 2212 1913 2250 quoque
1940 2199 2026 2236 loco
2056 2198 2201 2236 dicitur
2227 2210 2411 2235 numerus
2423 2197 2493 2235 irn-

1447 2274 1517 2313 par
1536 2259 1864 2311 comprehendere
1879 2260 2010 2309 spatiis
2026 2257 2108 2295 suis
2122 2257 2267 2305 figuras
2281 2257 2396 2294 lineis
2415 2256 2492 2294 cir·

1448 2319 1723 2370 cuniscriptas,
1747 2326 1882 2355 contra
1900 2330 1986 2368 par,
2016 2316 2107 2354 dum
2130 2328 2304 2353 seorsum
2331 2315 2381 2353 ab
2404 2315 2493 2353 aliis

1448 2392 1558 2418 suurn
1583 2386 1686 2416 tenet
1705 2377 1833 2414 locum
1856 2374 1917 2427 (ἐν
1941 2374 2053 2427 οἰκεία
2071 2372 2222 2426 [χώρα]
2246 2373 2492 2425 γιγνόμενος),

1449 2449 1600 2488 semper
1628 2448 1709 2474 esse
1739 2434 1936 2481 infinitus,
1967 2433 2033 2471 sed
2065 2441 2254 2483 quatenus
2283 2433 2326 2470 in
2349 2433 2493 2484 impari

1448 2496 1589 2542 lateat,
1626 2494 1734 2531 velut
1775 2492 1955 2530 binarius
1998 2504 2184 2530 numerus
2213 2491 2256 2529 in
2298 2491 2494 2542 ternario,

1450 2555 1582 2591 finitus
1602 2566 1684 2590 esse
1703 2565 1746 2590 ac
1767 2558 1879 2589 suuin
1907 2565 1982 2603 pro
2001 2551 2185 2602 portione
2212 2549 2313 2589 latus
2332 2549 2513 2590 haberes

1448 2612 1594 2650 Ultima
1610 2611 1648 2648 τὸ
1667 2609 1702 2648 ἓν
1718 2610 1818 2648 οὐσία
1831 2611 1908 2648 κτλ.
1925 2622 2063 2647 rursus
2078 2622 2127 2646 ex
2141 2609 2266 2658 capite
2279 2608 2328 2647 de
2346 2610 2495 2647 unitate

1452 2679 1578 2709 sumta
1594 2683 1675 2708 esse
1693 2677 1866 2720 apparet.
1888 2667 2136 2719 Quapropter
2154 2667 2296 2704 merito
2312 2666 2356 2704 in
2375 2679 2497 2704 mem-

1452 2729 1587 2767 branis
1606 2741 1629 2766 ει
1647 2740 1861 2779 praegresso
1881 2726 1929 2764 de
1948 2725 2112 2777 paribus
2131 2734 2170 2763 et
2187 2725 2406 2777 imparibus
2424 2738 2498 2762 nu-

1453 2789 1570 2825 meris
1589 2787 1677 2824 loco
1696 2785 1967 2836 sejunguntur,
1982 2785 2074 2822 licet
2095 2783 2220 2821 eidem
2240 2783 2389 2821 auctori
2406 2783 2496 2822 vin·

523 2934 549 2963 E
574 2932 756 2963 UUTHERI
777 2931 905 2962 LIBRO
930 2931 987 2961 DE
1009 2930 1206 2961 NUMERIS.

384 3029 548 3060 Numerus
566 3035 605 3058 ex
621 3025 816 3057 monadibus
833 3025 972 3055 constat.
1018 3024 1076 3055 Est
1091 3032 1168 3055 vero
1183 3032 1293 3055 monas
1307 3024 1390 3065 prin-

344 3086 465 3128 cipium
485 3094 595 3117 rerum
616 3086 649 3116 et
667 3092 819 3115 mensura
832 3106 840 3120 ,
866 3092 915 3113 res
934 3082 1090 3122 simplex,
1107 3090 1276 3121 nunquam
1299 3085 1388 3121 orta,

346 3145 542 3185 sempiterna
554 3168 564 3184 ‚
587 3143 655 3175 sola
667 3167 675 3182 ,
695 3151 773 3182 pura
785 3165 794 3181 ‚
810 3151 829 3172 a
851 3141 982 3181 reliquis
1004 3142 1127 3172 semota
1141 3149 1178 3172 ac
1196 3150 1252 3181 per
1265 3150 1300 3173 se
1313 3141 1389 3172 sub-

345 3205 464 3237 sistens
477 3227 486 3244 ,
506 3203 635 3235 initium
661 3206 692 3233 et
714 3201 817 3242 prima
833 3202 959 3232 natura.
1007 3201 1167 3231 caeterum
1186 3193 1285 3231 licere
1303 3200 1391 3231 nulla

348 3265 484 3296 aliarum
511 3271 619 3295 rerum
645 3261 777 3292 notione
807 3259 965 3299 explicata
999 3267 1072 3289 eam
1093 3267 1159 3289 rem
1189 3258 1296 3289 animo
1325 3267 1392 3299 per-

347 3325 485 3364 spicere,
514 3330 592 3363 quae
617 3320 684 3352 sola
706 3321 757 3352 est
789 3327 870 3360 pura
901 3326 939 3349 ac
977 3326 1033 3357 per
1062 3325 1095 3349 se
1123 3316 1284 3357 subsistit,
1308 3326 1396 3357 aper-

350 3384 418 3414 tum
436 3383 495 3414 est.

392 3441 502 3480 Impar
524 3446 680 3470 numerus
700 3435 766 3478 pari
796 3436 943 3476 praestat.
989 3434 1048 3466 Ille
1073 3433 1157 3465 euim
1186 3433 1395 3474 principium,

353 3498 450 3530 finem
472 3499 505 3530 et
525 3496 668 3530 medium
687 3495 805 3537 habet3
828 3494 884 3527 hic
907 3502 986 3526 vero
1008 3492 1114 3525 medio
1131 3495 1230 3524 caret.
1277 3494 1316 3524 Et
1340 3492 1392 3524 iile

1454 2938 1584 2980 quidem
1595 2963 1605 2979 ‚
1621 2938 1752 2980 quando
1765 2937 1876 2970 eadem
1893 2937 1989 2970 etiam
2004 2937 2072 2978 ejus
2090 2937 2170 2969 ratio
2186 2937 2238 2969 est
2249 2945 2324 2977 quae
2339 2934 2496 2981 monadis,

1451 3000 1518 3032 suis
1533 3001 1644 3041 spatiis
1657 2998 1900 3041 comprehendit
1913 2999 2031 3039 figuras
2044 2998 2137 3030 lineis
2150 2996 2430 3038 circumscriptas:
2445 2985 2500 3028 hic

1451 3066 1558 3097 autem
1577 3064 1654 3096 dum
1671 3073 1818 3097 seorsum
1835 3062 1876 3095 ab
1889 3062 1959 3094 aliis
1979 3071 2073 3094 suum
2089 3063 2179 3094 tenet
2193 3061 2317 3102 locum,
2331 3068 2497 3102 nunquam

1452 3124 1582 3166 finitur3
1598 3133 1673 3156 oum
1686 3132 1762 3156 vero
1776 3123 1807 3154 in
1825 3123 1938 3163 impari
1953 3121 2049 3162 latet,
2065 3121 2132 3161 ipse
2146 3120 2258 3152 finitus
2268 3121 2318 3169 est
2329 3119 2492 3161 habetque
2504 3164 2506 3166 q

1454 3196 1511 3227 pro
1533 3187 1679 3227 portione
1699 3186 1797 3218 tatus.

1496 3250 1605 3281 Unum
1631 3250 1682 3282 est
1710 3245 1892 3280 substantia
1914 3247 1947 3278 et
1971 3246 2085 3277 natura
2105 3246 2138 3276 et
2166 3253 2258 3276 mens
2285 3245 2319 3276 et
2346 3252 2497 3286 summa;

1458 3307 1648 3348 principium
1669 3307 1754 3339 enim
1780 3308 1813 3337 et
1835 3304 1977 3337 medium
1999 3305 2032 3336 et
2056 3303 2152 3334 finem
2177 3303 2332 3335 continet.
2355 3302 2495 3343 Reliqua

1457 3378 1530 3409 quae
1547 3370 1676 3402 exstant
1691 3368 1761 3408 ejus
1781 3365 1943 3399 consortia
1959 3367 2056 3406 sunt,
2071 3373 2110 3396 ac
2132 3363 2256 3404 singuia
2274 3363 2344 3404 ejus
2361 3363 2392 3394 vi
2409 3371 2428 3394 a
2440 3371 2500 3396 cm·

1459 3428 1535 3460 teris
1558 3430 1704 3468 separata
1722 3426 1830 3459 animo
1845 3425 2071 3463 obversantur,
2091 3422 2166 3463 quia
2180 3422 2273 3454 unius
2289 3421 2436 3462 exempta
2459 3423 2492 3454 et

1459 3486 1614 3527 imagines
1637 3488 1726 3518 sunt.

2610 659 2633 958 §⁴94¹'2ffl35W·’“4‘⁸
2611 627 2625 650 *-
2611 600 2620 608 ·“
2609 570 2630 586 s*
2616 540 2633 550 s
2623 459 2626 465 -
2610 430 2622 443 ‘·
