2638 3840
659 263 887 312 EJUSQUE
918 264 1212 304 DISCIPULIS
1241 266 1308 306 ET
1343 267 1769 308 SUCCESSORlBUS.
2208 283 2288 310 λιν

143 352 213 391 lib.
240 351 274 390 ΙΙ
291 365 375 403 cap.
397 351 437 403 8,
458 350 578 403 cujus*
596 351 716 391 verba
743 353 862 391 latine
881 352 1034 391 reddita
1051 353 1108 391 sic
1127 367 1190 392 so—

147 418 240 450 nant
258 424 268 448 :
291 427 308 445 u
332 408 596 462 hippodamus
614 420 738 450 autem
753 440 764 459 ,
786 411 1052 463 Euryphontis
1067 413 1184 462 filius,

141 469 331 516 Milesius,
350 469 419 520 qui
446 478 483 508 et
511 469 670 509 urbium
699 470 934 510 divisionem
961 474 1135 524 repperit
1153 483 1190 511 et

144 527 336 567 Piraeeum
369 529 411 566 in
444 537 573 580 partes
603 529 834 582 descripsit,
869 531 933 569 vir
966 530 1008 569 in
1039 531 1191 583 reliqua

142 587 223 626 vita
256 595 417 640 propter
438 586 689 628 ambitionem
718 602 849 628 rerum
882 602 1188 641 supervacanea-

145 659 231 685 rum
247 646 475 696 studiosior,
495 648 591 687 adeo
609 656 651 686 ut
674 648 874 688 nonnullis
902 649 1097 688 curiosius
1123 650 1188 689 vi-

142 719 235 746 vere
250 706 449 746 videretur
470 707 586 746 simul
606 707 837 759 capillorum
854 716 892 746 et
912 708 1135 760 prolixitate
1151 718 1189 747 et

142 774 283 806 ornatu
311 774 536 814 sumtuoso‚
568 766 681 806 simul
720 767 839 806 vestis
873 767 967 806 vilis
1006 767 1186 820 quidem,

141 825 209 865 sed
242 824 412 877 duplicis
434 825 536 865 mole
563 839 642 865 non
670 826 795 865 solum
827 825 993 865 hiberno
1014 835 1188 879 tempore

139 897 275 923 verum
294 884 410 923 etiam
425 885 582 935 aestivo,
601 898 720 937 quum
741 885 890 937 alioqui
903 886 1053 938 peritus
1069 886 1188 924 totius

140 946 289 983 naturae
323 944 541 996 speculator
574 957 658 983 esse
692 945 828 992 vellet,
862 945 1013 997 primus
1049 958 1186 984 eorum

139 1003 208 1055 qui
228 1003 504 1055 rempublicam
526 1017 605 1042 non
631 1003 968 1051 administrarant,
985 1016 1188 1054 aggressus

139 1071 197 1102 est
215 1062 366 1115 aliquid
386 1063 434 1102 de
457 1063 605 1116 optima
635 1062 837 1115 republica
857 1063 1002 1103 dicere.
1021 1063 1189 1116 Compo-

141 1120 258 1161 nebat
290 1130 416 1161 autem
454 1122 650 1162 civitatem
690 1123 732 1161 in
765 1131 841 1162 tres
866 1131 995 1174 partes
1021 1122 1186 1162 divisam

140 1189 324 1232 quantum
344 1181 391 1219 ad
409 1181 625 1221 incolarum
647 1194 849 1220 numerum
870 1195 919 1220 ex
935 1181 1065 1220 decem
1094 1183 1186 1221 mil-

140 1238 244 1279 libus
263 1239 465 1279 hominum
497 1255 507 1278 ε
534 1254 651 1279 unam
686 1241 789 1279 enim
819 1249 966 1292 partem
997 1240 1184 1289 artifices,

139 1298 255 1337 aliam
290 1299 497 1350 agricolas,
530 1301 684 1339 tertiam
721 1309 1029 1352 propugnatores
1057 1308 1094 1338 et
1124 1313 1187 1339 ar-

140 1366 263 1397 matos
294 1370 378 1397 esse
404 1357 576 1398 volebat.
597 1358 683 1397 Jam
721 1371 816 1397 vero
853 1372 988 1409 agrum
1030 1359 1071 1397 in
1109 1368 1186 1400 tres

138 1425 267 1469 partes
282 1416 483 1456 distribuit
495 1447 506 1466 ,
524 1431 669 1457 sacram
680 1448 690 1466 ‚
701 1417 897 1471 publicam
915 1427 952 1457 et
967 1419 1158 1470 privatam
1173 1434 1183 1458 x

137 1488 160 1514 e
177 1475 322 1528 quibus
336 1489 445 1515 sacra
466 1486 566 1516 esset
584 1471 673 1524 illa,
691 1476 794 1516 unde
813 1477 1006 1516 sacrificia
1035 1478 1112 1518 diis
1137 1479 1186 1519 de

138 1548 246 1574 more
265 1535 423 1583 fierent,
440 1535 600 1589 publica
616 1545 742 1575 autem
756 1537 860 1576 unde
875 1546 1185 1589 propugnatores

137 1594 334 1642 viverent,
366 1596 519 1647 privata
550 1594 721 1647 denique
758 1595 1031 1646 agricolarum.
1061 1596 1185 1635 Porro

137 1652 263 1704 legum
289 1654 405 1692 etiam
436 1662 513 1693 tres
540 1653 726 1692 duntaxat
747 1654 898 1706 species
917 1667 1001 1693 esse
1017 1654 1185 1694 arbitra—

136 1715 252 1753 batur
279 1726 289 1755 :
314 1728 402 1753 nam
432 1714 577 1767 quibus
612 1715 660 1754 de
695 1714 819 1754 rebus*
842 1714 994 1767 judicia
1026 1717 1182 1764 fierent,

136 1786 201 1813 eas
231 1787 394 1816 numero
425 1782 502 1814 tres
523 1787 631 1825 esse,
652 1774 859 1827 injuriam,
881 1774 1085 1823 damnum,
1111 1789 1183 1814 cae·

135 1832 238 1874 dem.
255 1832 461 1873 Sanciebat
478 1834 593 1872 etiam
613 1834 698 1884 lege
726 1847 846 1872 unum
876 1833 1055 1885 judicum
1092 1848 1183 1874 eon·

136 1904 309 1943 sessum,
334 1905 487 1932 summa
516 1893 720 1945 praeditum
755 1901 962 1945 potestate,
987 1893 1036 1932 ad
1067 1908 1181 1945 quem

137 1951 275 1991 referri
295 1960 492 2004 oporteret
509 1965 574 2002 eas
594 1965 654 1991 res
673 1965 807 1992 omnes
826 1966 912 2004 quae
941 1955 1069 1992 minus
1085 1953 1184 1994 bene

132 2009 318 2062 judicatae
348 2011 600 2062 viderentur3
620 2025 786 2063 eumque
822 2025 1043 2051 consessum
1067 2026 1089 2052 e
1116 2013 1180 2053 de-

137 2068 247 2109 lectis
265 2069 496 2122 quibusdam
517 2069 677 2109 senibus
696 2069 967 2111 constituebat.
988 2070 1179 2110 Caeterum

137 2128 179 2167 in
201 2129 295 2168 foris
309 2128 463 2181 judicia
480 2143 559 2169 non
573 2130 771 2181 suffragiis
785 2129 953 2169 ferendis
969 2133 1183 2170 exercenda

133 2201 215 2228 esse
232 2188 500 2238 existimabat,
522 2190 588 2229 sed
608 2190 750 2229 debere
774 2202 1090 2242 unumquemque
1113 2189 1183 2241 ju-

133 2246 258 2287 dicem
273 2247 452 2288 tabellam
467 2249 630 2299 afferre,
648 2249 690 2287 in
707 2262 783 2301 qua
800 2248 988 2288 scriberet
1000 2276 1011 2295 ‚
1024 2250 1055 2287 si
1070 2248 1184 2300 plane

79 2340 91 2349 .
135 2306 432 2356 condemnaret;
453 2308 486 2347 si
519 2320 613 2346 vero
652 2308 814 2346 omnino
843 2306 1086 2355 absolveret,
1113 2321 1181 2346 va-

135 2378 245 2405 cuam
282 2366 542 2419 relinqueret;
563 2366 624 2406 sin
652 2366 794 2417 partim
815 2366 1014 2405 damnaret
1044 2367 1181 2419 partim

135 2423 377 2473 absolveret,
398 2425 439 2464 id
459 2426 587 2477 ipsum
616 2434 748 2478 aperte
766 2425 993 2477 explicaret.
1017 2424 1182 2464 Putabat

134 2484 238 2524 enim
267 2498 369 2523 nunc
401 2498 479 2523 non
512 2483 612 2523 bene
641 2483 793 2535 legibus
826 2484 880 2523 ita
913 2492 1179 2536 comparatum

134 2553 301 2592 esse‚ut
330 2544 398 2597 qui
430 2543 504 2583 hoc
532 2543 594 2583 vel
626 2543 725 2583 illud
751 2543 975 2595 judicarent
1009 2542 1183 2595 pejerare

134 2611 378 2654 cogerentur.
396 2602 536 2654 Legem
554 2611 680 2642 autem
700 2603 792 2642 tulit
810 2602 859 2641 de
879 2603 928 2641 iis
946 2602 1014 2654 qui
1035 2602 1183 2653 aliquid

135 2661 231 2701 utile
250 2662 400 2702 civitati
419 2662 678 2715 reperissent,
700 2670 742 2701 ut
758 2660 977 2700 honoribus
996 2674 1183 2699 ornaren-

135 2729 200 2760 tur
232 2720 427 2773 liberique
460 2734 597 2761 eorum
632 2721 700 2773 qui
742 2721 782 2759 in
820 2719 925 2759 bello
957 2720 1184 2758 cecidissent

135 2778 293 2832 publice
326 2780 539 2829 alerentur,
561 2781 655 2833 quia
686 2779 861 2819 nondum
884 2779 964 2817 haec
994 2779 1055 2817 lex
1082 2778 1182 2830 apud

135 2838 235 2878 alios
264 2848 364 2878 esset
393 2839 549 2879 condita
571 2853 581 2877 z
605 2852 708 2878 nunc
739 2847 864 2878 autem
895 2846 932 2876 et
962 2837 1121 2875 Athenis
1146 2846 1182 2875 et

138 2897 181 2936 in
210 2898 300 2937 aliis
328 2897 550 2937 civitatibus
578 2898 708 2951 posita
738 2906 807 2938 est.
839 2896 1031 2935 Praeterea
1062 2895 1184 2945 magi-

135 2963 278 2996 stratus
301 2969 435 2996 omnes
454 2971 476 2996 a
495 2956 644 3010 populo
663 2956 783 3007 deligi
815 2956 960 3001 voluit,
992 2954 1180 3006 populum

139 3014 281 3055 faciens
302 3024 379 3055 tres
403 3016 489 3055 illas
520 3016 692 3055 civitatis
726 3024 878 3068 partes3
905 3015 971 3065 qni
996 3026 1088 3050 vero
1117 3012 1183 3050 de·

138 3073 226 3114 lecti
246 3082 396 3123 essent,
415 3087 483 3114 eos
500 3082 579 3113 tum
601 3073 759 3127 publica
778 3073 932 3124 negotia
953 3081 1031 3110 tum
1053 3070 1184 3122 hospi·

138 3141 219 3172 tum
249 3142 287 3173 et
318 3133 558 3187 pupillorum
588 3146 651 3173 res
672 3146 823 3173 curare.
843 3132 1034 3182 Pleraque
1064 3130 1183 3180 igitur

136 3201 174 3231 et
195 3201 407 3231 memoratu
433 3192 659 3243 dignissima
692 3193 888 3237 instituta,
908 3188 1052 3242 quibus
1087 3187 1183 3241 nip-

139 3250 329 3303 podamus
350 3250 631 3304 rempublicam
653 3251 902 3304 temperavit,
930 3249 1010 3286 haec
1034 3255 1137 3287 sunt.
1160 3264 1177 3282 ι

140 3309 325 3362 Sequitur
342 3311 446 3363 apud
465 3309 676 3362 Stagiriten
698 3310 738 3349 in
758 3309 891 3348 eodem
907 3307 1032 3359 capite
1050 3306 1185 3358 dispu-

138 3369 232 3408 tatio
250 3369 535 3409 accommodata
554 3370 622 3409 illa
645 3370 802 3421 quidem
832 3368 878 3407 ad
913 3365 1179 3416 exagitandam

137 3441 220 3467 eam
257 3428 483 3482 reipublicae
526 3429 686 3469 formam
727 3441 813 3479 quae
852 3427 901 3466 ab
937 3424 1181 3478 llippodamo

136 3486 330 3540 descripta
359 3497 464 3537 erat,
483 3488 549 3527 sed
582 3487 633 3526 ab
660 3487 733 3526 hoc
766 3486 854 3524 loco
887 3485 1026 3523 aliena.
1052 3483 1182 3536 Neque

1255 356 1358 394 enim
1398 355 1637 404 laboramus,
1659 356 1855 408 quomodo
1893 356 2117 395 Aristoteles
2155 356 2300 410 Hippo·

1251 413 1404 453 damum
1442 415 1634 455 refutarit.
1669 414 1824 466 Quippe
1858 427 1972 452 nemo
2003 415 2178 467 ignorat,
2211 429 2297 455 eum

1252 472 1444 511 interdum
1487 473 1893 526 reprehendendorum
1947 483 2123 513 veterum
2180 477 2299 526 paulo

1251 532 1491 581 cupidiorem
1525 533 1665 581 fuisse,
1685 546 1756 572 nec
1791 545 1944 585 semper
1962 533 2054 571 satis
2085 533 2190 572 bona
2223 534 2299 573 fide

1251 592 1427 631 retulisse
1445 606 1579 631 eorum
1604 592 1813 631 sententias
1831 605 1932 644 quos
1961 592 2193 642 redarguere
2222 602 2298 631 sta-

1250 651 1385 689 tuisset
1403 652 1498 703 (74).
1519 651 1640 703 Cujus
1658 652 1715 691 rei
1735 665 1855 691 unum
1873 651 2032 690 afferam
2057 653 2293 704 exemplum.

1252 711 1317 748 Ait
1341 711 1568 750 Aristoteles
1598 712 1794 750 civitatem
1814 713 1862 749 ab
1885 711 2131 763 Hippodamo
2163 713 2297 751 distri·

1249 768 1380 807 butam
1402 783 1485 809 esse
1506 771 1547 809 in
1567 780 1646 809 tres
1664 779 1813 822 partes,
1830 771 1874 809 in
1894 770 2083 818 artifices,
2108 773 2297 822 agricolas

1249 837 1287 866 et
1312 828 1470 867 milites.
1494 831 1542 867 At
1571 830 1639 867 ille
1661 830 1854 869 civitatem
1886 838 1964 868 tres
2002 829 2044 868 in
2071 839 2200 882 partes
2232 831 2297 870 dc-

1250 887 1481 939 scripserat,
1503 901 1666 939 quarum
1690 891 1856 940 primam
1889 888 2030 927 fecerat
2059 901 2193 928 eorum
2228 892 2297 941 qui

1250 946 1417 985 consilio
1463 946 1742 998 rempublicam
1791 946 2053 997 gubernarent
2088 960 2098 987 ε
2137 948 2295 987 alteram

1249 1018 1383 1044 eorum
1401 1006 1470 1057 qui
1498 1019 1580 1044 eam
1606 1007 1724 1045 armis
1755 1006 2005 1045 defenderent
2038 1021 2047 1044 ε
2071 1008 2221 1046 tertiam
2248 1021 2297 1046 ex

1249 1063 1299 1103 iis
1315 1065 1567 1103 constituerat
1583 1065 1651 1116 qui
1671 1074 1772 1103 artes
1789 1066 2270 1105 necessariastexercerent
2281 1096 2293 1114 ,

1248 1131 1363 1175 atque
1384 1124 1426 1162 in
1443 1123 1542 1162 hanc
1562 1133 1795 1176 postremam
1815 1132 1853 1162 et
1873 1124 2031 1176 opifices
2050 1132 2089 1162 et
2108 1125 2296 1174 agricolas

1247 1192 1286 1221 et
1304 1192 1536 1222 mercatores
1564 1183 1775 1222 incluserat
1792 1182 1883 1235 (75).
1901 1183 2088 1222 Caeterum
2119 1183 2166 1222 ad
2193 1184 2298 1224 hunc

1248 1242 1376 1282 virum
1397 1242 1596 1293 sapientiae
1621 1242 1750 1280 studio
1770 1242 1942 1281 deditum
1965 1245 2012 1280 cle
2035 1245 2180 1281 Virtute
2201 1245 2295 1283 scri-

1248 1303 1326 1354 psit
1344 1301 1506 1340 Theano
1522 1301 1618 1354 (76).
1641 1301 1768 1348 Quum
1787 1310 1912 1340 autem
1933 1302 2048 1340 simul
2065 1302 2296 1342 architectus

1247 1370 1346 1399 esset
1363 1360 1633 1413 Hippodamus
1650 1372 1797 1411 suaque
1824 1361 1866 1399 in
1885 1368 1967 1399 arte
1985 1361 2212 1409 excelleret,
2230 1376 2296 1414 pe-

1247 1420 1406 1459 culiaris
1430 1419 1588 1471 quidam
1610 1419 1864 1458 aedificiorum
1882 1420 2020 1459 modus
2035 1420 2129 1458 olim
2149 1420 2296 1473 Hippo-

1247 1479 1398 1518 damius
1446 1480 1637 1517 vocitatus
1685 1487 1743 1517 est
1783 1481 1875 1530 (77).
1919 1479 2066 1518 Praeter
2101 1479 2294 1524 Stobaeum

1248 1539 1433 1577 Arsenius
1465 1537 1639 1589 quaedam
1677 1537 1913 1589 Hippodami
1955 1538 2166 1588 fragmenta
2202 1539 2294 1578 Vio-

1247 1597 1346 1636 lario
1370 1598 1535 1636 inseruit
1563 1605 1656 1636 teste
1684 1596 1876 1635 Bandinio
1897 1597 1939 1635 in
1965 1596 2150 1649 Catalogo
2181 1598 2293 1638 codd.

1246 1655 1338 1697 Mss.
1370 1670 1429 1707 gr.
1460 1655 1561 1696 bibl.
1597 1655 1780 1694 Laurent.
1811 1656 1889 1695 vol.
1922 1655 1938 1693 1
1973 1668 2013 1708 p.
2043 1658 2133 1707 549,
2155 1658 2222 1708 qui
2246 1657 2295 1695 al)

1246 1716 1320 1755 hoc
1339 1716 1531 1768 scriptore
1549 1715 1648 1755 duos
1674 1715 1941 1767 Hippodamus
1971 1718 2175 1754 memorari
2210 1717 2297 1754 ani-

1247 1775 1468 1815 madvertit.
1497 1774 1638 1814 Verum
1672 1775 1802 1827 primo
1834 1788 1914 1813 non
1946 1775 2109 1813 multum
2152 1775 2193 1813 in
2228 1776 2294 1814 tali

1245 1847 1360 1873 causa
1379 1833 1549 1873 Arsenio
1566 1833 1775 1872 tribuimus
1787 1862 1798 1881 ,
1821 1833 1962 1872 deinde
1983 1834 2022 1872 in
2039 1834 2144 1872 edito
2156 1833 2293 1873 Walzii

1246 1894 1425 1946 exemplo
1444 1893 1529 1945 ejus
1550 1893 1607 1932 rei
1628 1906 1699 1932 nec
1718 1893 1808 1931 vola
1840 1906 1910 1932 nec
1930 1893 2135 1943 vestigium
2156 1901 2291 1931 exstat.

1246 1953 1303 1992 De
1323 1952 1550 2004 fragmentis
1573 1966 1668 1992 vero
1697 1952 1777 1991 illis
1804 1966 1891 2004 quae
1910 1951 2084 1991 Stobaeus
2112 1965 2134 1990 e
2164 1952 2295 2004 philo-

1245 2011 1360 2063 sophi
1374 2012 1422 2051 de
1436 2011 1617 2050 felicitate
1634 2025 1678 2050 ac
1694 2011 1742 2050 de
1757 2010 1959 2064 republica
1976 2010 2092 2050 libris
2107 2012 2292 2060 servavit,

1245 2070 1341 2120 quid
1360 2070 1523 2113 sentiam
1539 2070 1638 2109 nihil
1650 2071 1787 2109 attinet
1802 2070 1944 2110 dicere.
1961 2068 2094 2121 ltaque
2108 2083 2153 2108 ea
2170 2083 2295 2121 neque

1245 2130 1465 2168 summatim
1483 2126 1549 2167 hic
1564 2129 1804 2182 perscribam
1828 2142 1954 2181 neque
1975 2142 2062 2167 cum
2083 2129 2172 2168 aliis
2189 2143 2293 2167 com-

1246 2187 1407 2240 parabo.

1299 2249 1562 2299 Emyphamus
1586 2248 1893 2300 Metapontinus‚
1913 2262 1961 2286 ex
1978 2247 2091 2299 cujus
2111 2246 2216 2286 libro
2247 2248 2294 2286 de

1246 2307 1325 2345 vita
1358 2308 1569 2358 pra-clarus
1603 2307 1711 2345 locus
1740 2309 1781 2347 iu
1814 2305 1957 2345 Stobaei
1992 2306 2200 2357 Florilegio
2229 2322 2294 2345 oc-

1244 2366 1387 2414 currit,
1424 2366 1525 2404 idem
1557 2374 1615 2404 est
1649 2370 1764 2417 quem
1803 2365 1939 2403 miram
1985 2365 2143 2416 Lysidis
2180 2365 2292 2403 fidem

1285 2500 1352 2539 (74)
1371 2499 1420 2532 Cf.
1440 2500 1556 2532 Mutet.
1574 2501 1652 2531 var.
1673 2498 1748 2531 lect.
1770 2497 1826 2530 lib.
1844 2499 1869 2537 l,
1885 2507 1956 2539 cap.
1979 2500 2033 2538 t⁴;
2049 2497 2126 2530 item
2159 2497 2215 2531 lib.
2236 2499 2294 2531 XV

1243 2555 1313 2587 cap.
1333 2551 1381 2579 ts.
1400 2546 1524 2579 Victor.
1542 2548 1617 2579 var.
1631 2545 1706 2578 lect.
1720 2544 1775 2578 lib.
1788 2546 1955 2579 xxxviii
1970 2553 2040 2586 cap.
2054 2549 2072 2577 2
2085 2555 2093 2576 ε
2108 2545 2207 2578 Mich.
2221 2546 2293 2578 Pic-

1243 2596 1353 2626 cartus
1375 2594 1551 2626 comment.
1566 2592 1606 2626 ad
1628 2592 1725 2626 Arist.
1749 2591 1847 2625 Pom.
1865 2601 1898 2633 p.
1915 2594 1973 2625 2⁴1
1997 2600 2066 2633 seq.
2091 2594 2130 2624 Η.
2149 2593 2295 2625 vatesius

1244 2641 1411 2674 Emendat.
1427 2643 1483 2680 lv,
1503 2644 1552 2674 10.
1567 2642 1604 2675 C.
1624 2642 1660 2675 Ρ,
1677 2641 1854 2673 Hermann.
1877 2639 1918 2672 de
1943 2638 2149 2681 Hippodamo
2170 2640 2294 2673 Milesio

1244 2689 1487 2722 munimenutio.
1511 2687 1676 2729 marburgi
1701 2688 1923 2727 mih—(75)
1953 2688 2081 2728 Fragm.
2102 2692 2133 2719 ².
2153 2688 2240 2729 ψαμὶ
2267 2687 2295 2720 δ’

1244 2737 1323 2777 ἱγών
1337 2738 1365 2773 ἐς
1379 2735 1487 2778 μοίρας
1502 2739 1582 2778 τρεῖς
1594 2735 1774 2768 Bito-:deflui
1787 2735 1844 2767 τὰν
1862 2735 2034 2775 σύμπασαν
2056 2734 2224 2767 πολιτείαν·
2240 2736 2294 2767 καὶ

1245 2785 1319 2826 μίαν
1341 2785 1396 2823 μὲν
1414 2784 1500 2824 ιῖμιν
1521 2788 1633 2827 μοῖραν
1659 2787 1722 2816 τῶν
1739 2783 1861 2825 διανοίᾳ
1881 2783 2100 2824 κυδιρνώντων
2121 2783 2160 2815 τὰ
2186 2783 2292 2823 κοινά,

1244 2832 1387 2873 δευτέραν
1406 2830 1439 2863 ὀὶ
1458 2834 1522 2864 τῶν
1541 2830 1687 2873 δυνάμει,
1707 2830 1813 2872 τρίταν
1827 2830 1861 2863 δὲ
1877 2834 1940 2862 τῶν
1960 2831 2153 2873 ι’κπλαρὼσιι
2173 2831 2225 2862 καὶ
2242 2842 2294 2871 χο-

1244 2878 1338 2921 ραγίᾳ
1358 2882 1422 2911 τῶν
1437 2878 1628 2920 ἀναγκαίων.
1645 2878 1822 2919 Ὀνομαίνω
1840 2878 1873 2910 δὲ
1897 2878 1932 2910 τὸ
1961 2878 2015 2918 μὲν
2042 2882 2157 2919 πρᾶτον
2181 2879 2294 2914 nmmo<

1245 2926 1456 2968 βουλιντιιόν,
1467 2927 1504 2960 τὸ
1519 2927 1552 2960 δί
1565 2927 1704 2968 διὺτιρον
1721 2926 1897 2966 ἐπίκουρον,
1911 2926 1947 2957 τὸ
1962 2925 1995 2958 δὲ
2009 2925 2109 2967 τρίτον
2123 2925 2289 2967 βάναυσον.

1247 2975 1286 3007 t·:t
1298 2974 1464 3015 aliquanto
1483 2977 1556 3015 post
1576 2983 1584 3006 :
1603 2976 1650 3007 τῶ
1669 2974 1702 3006 δὲ
1719 2974 1868 3015 βαναὺσω
1887 2974 1940 3005 καὶ
1959 2973 2170 3015 βιοπονατιιιῶ
2186 2973 2222 3005 τὸ
2239 2974 2293 3012 μέν

1243 3021 1310 3054 ἐστι
1328 3021 1487 3063 γιωπὸνον
1508 3022 1561 3054 καὶ
1586 3022 1654 3063 περὶ
1679 3022 1735 3053 τὰν
1754 3019 1963 3062 naupactum
1988 3023 2042 3057 τᾶς
2068 3020 2172 3061 χώρας
2198 3030 2291 3051 κατα·

1243 3068 1464 3111 οχοὶιύμινον,
1490 3069 1527 3102 τὸ
1556 3068 1589 3101 ἃ
1610 3069 1790 3110 τεχνατιιὸν
1811 3068 1928 3110 ὄργανα
1951 3068 2004 3100 καὶ
2030 3067 2292 3108 ὀπιμαχανάματα

1242 3119 1306 3154 τοῖς
1321 3119 1368 3149 τῶ
1385 3116 1446 3158 βίω
1464 3116 1644 3157 πράγμασιν
1661 3114 1822 3153 ἑκκοοιζόμ
1829 3124 1907 3153 ινον,
1922 3114 1958 3146 τὸ
1970 3114 2003 3147 tt
2017 3114 2224 3155 μιταόατιιὸν
2239 3116 2290 3144 καὶ

1243 3163 1423 3206 ὶμποριιόν,
1436 3164 1455 3197 8
1466 3165 1506 3196 τὰ
1523 3164 1577 3204 μὶν
1596 3164 1628 3195 ἐν
1645 3166 1685 3204 τᾷ
1703 3163 1792 3195 πόλει
1807 3162 2062 3204 περιουσιάζοντα
2073 3162 2124 3193 ἐπὶ
2138 3161 2194 3192 τὰν
2207 3161 2291 3197 ξεναν

1242 3210 1398 3251 διάγιται,
1411 3212 1450 3244 τὰ
1467 3211 1501 3244 at
1516 3210 1579 3243 ἀπὸ
1593 3214 1647 3247 τᾶς
1665 3211 1750 3246 ξένας
1769 3210 1800 3245 t<
1818 3211 1875 3242 ταν
1899 3210 2000 3242 πόλιν.

1283 3259 1352 3300 (76)
1361 3258 1478 3292 suidas
1489 3266 1520 3290 v.
1533 3258 1768 3296 θιανώ.-(77)
1784 3256 1971 3289 Aristoteles
1983 3255 2143 3289 rotittcor.
2161 3254 2214 3287 lib.
2227 3255 2288 3287 vn

1241 3314 1312 3348 cap.
1331 3307 1378 3340 ΧΙ
1396 3315 1406 3338 t
1423 3307 1444 3346 ἠ
1464 3306 1497 3339 at
1512 3309 1574 3338 τῶν
1586 3305 1672 3338 ἰδίων
1685 3305 1840 3341 οἰκήσεων
1860 3303 1995 3339 &dotem
2013 3303 2109 3340 ἡδίων
2128 3302 2183 3341 μὶν
2202 3303 2289 3342 νομί·

1242 3355 1324 3390 (παι
1341 3353 1395 3386 καὶ
1413 3354 1636 3396 χρησιμωτέρα
1651 3352 1726 3394 πρὸς
1752 3352 1807 3387 τὰς
1825 3351 1918 3387 dua<
1938 3350 2058 3390 πραξιις
2072 3374 2079 3387 ,
2101 3351 2138 3380 ἂν
2163 3349 2291 3388 turono<

1241 3399 1262 3441 ἦ
1281 3402 1333 3433 καὶ
1354 3402 1435 3432 κατὰ
1455 3401 1508 3433 τὸν
1526 3400 1674 3440 νιώτιρον
1693 3399 1745 3431 καὶ
1763 3399 1815 3431 τὸν
1836 3398 2055 3436 Ἱπποδάμειον
2073 3396 2196 3436 τρόπον.
2216 3398 2290 3436 πρὸς

1242 3447 1275 3479 δὲ
1298 3447 1352 3484 τὰς
1376 3447 1547 3487 πολεμικὰς
1566 3446 1733 3485 &entatu
1761 3445 1951 3482 τούναντίον,
1971 3445 2013 3478 ὡς
2032 3443 2117 3484 εἶχον
2137 3444 2217 3475 κατὰ
2237 3445 2289 3474 τὸν

1243 3494 1371 3537 ἀρχαῖον
1392 3493 1511 3535 χρὸνον
1535 3493 1695 3530 δυσέξοδος
1715 3492 1775 3532 γάρ
1794 3491 1895 3528 duim
1918 3494 1980 3527 τοῖς
1995 3491 2121 3526 invemat<
2143 3490 2195 3521 καὶ
2216 3489 2287 3520 δυσ-
