2638 3840
230 238 301 271 17⁴

327 320 374 350 Ex
390 317 506 359 quibus
526 316 619 358 primi
640 315 763 348 luciferi
784 315 949 346 oruleruui
965 314 1059 345 orbes
1073 315 1263 354 cozuscaut,

574 377 653 407 Dua!
669 375 756 414 sunt,
771 373 897 414 opinor,
915 372 1049 404 virtutes
1066 371 1157 413 ignis,
1169 373 1266 405 altera

225 319 280 350 rit.

223 378 282 409 liae
294 377 332 409 ‹lc
350 385 447 409 causa
465 375 540 407 dati.

178 448 182 453 ¹
221 436 317 490 erffix,
338 437 371 467 et
398 434 630 476 peremptoria;
651 433 750 465 altera
770 430 942 463 mulcebris
969 430 1100 462 innoxio
1129 431 1261 464 lumine.

224 494 307 528 lluic
323 495 430 536 igitur,
444 503 484 527 ex
500 503 564 535 qua
581 494 636 525 lux
661 492 747 525 diem
765 491 920 523 invehens
938 490 1101 532 panditur,
1118 490 1267 523 domesti-

221 562 297 586 cum
317 556 350 586 et
367 553 523 585 familiare
539 560 655 593 corpus
673 550 839 583 oculorum
854 548 972 581 divinae
993 550 1165 590 potestates
1181 558 1267 581 com·

221 616 339 645 mentae
355 615 442 645 sunt.
489 612 644 644 lulimum
667 609 827 650 siquidem
849 608 951 640 nostri
977 609 1119 650 corporis
1145 608 1266 649 igneum

221 671 335 712 utpote
368 677 554 711 germanum
586 668 667 708 ignis
699 666 849 708 pellucidi
862 690 871 706 ,
907 665 1030 705 sereni,
1056 667 1088 698 et
1123 665 1267 699 defaecati

221 728 373 770 liquoris,
389 738 444 770 per
460 727 572 760 oculos
588 726 688 758 ssuere
699 750 709 767 ‚
731 734 768 757 ac
794 724 966 758 demanare
979 749 988 766 ,
1007 725 1178 758 voluerunt
1197 735 1204 757 z
1233 729 1269 757 ut

223 796 279 829 per
307 787 421 827 laeveS,
439 788 694 827 congestosque,
716 786 747 817 et
770 785 923 824 tanquam
943 783 1085 817 firmiore
1108 784 1269 818 soliditate

188 872 191 881 .
219 845 343 888 pandos
359 846 454 877 orbes
475 844 632 877 luminum
645 868 654 884 ,
669 851 806 885 quorum
823 844 932 875 tamen
952 845 1036 875 esset
1054 845 1190 884 augusta
1206 851 1269 875 me-

219 905 321 938 dietas
337 905 498 944 sulJtilior,
514 912 646 936 serenus
662 902 744 943 ignis
761 911 819 943 per
836 901 969 935 eandem
987 902 1134 935 el'tlueret
1148 901 1268 934 medie-

219 965 332 998 tatem.
378 966 491 1005 Itaque
520 972 593 995 cum
631 962 787 995 diurnum
811 962 906 1002 jubar
945 971 980 995 se
1009 962 1147 1003 applicat
1179 962 1270 995 visus

219 1025 357 1065 fusioni,
378 1028 455 1057 tunc
472 1024 625 1056 nimirum
642 1023 838 1056 incurrentia
857 1024 960 1056 semet
979 1023 1116 1056 invicem
1140 1023 1205 1055 duo
1225 1025 1268 1055 si-

220 1084 307 1118 milia
328 1083 361 1116 in
383 1084 479 1115 unius
496 1082 641 1124 corporis
667 1082 808 1123 speciem
831 1082 995 1128 colioerent
1015 1095 1022 1114 ε
1044 1091 1110 1123 quo
1129 1092 1264 1114 concur-

220 1144 298 1175 runt
311 1142 480 1174 oculorum
496 1141 579 1173 acies
595 1141 773 1173 emicantes
793 1153 800 1173 z
819 1149 949 1181 quoque
969 1140 1130 1172 eflluentis
1145 1140 1270 1172 intimae

223 1201 358 1234 fusionis
401 1200 485 1232 acies
534 1200 693 1240 contiguae
734 1199 882 1240 imaginis
922 1207 1059 1231 occursu
1095 1199 1268 1239 repercuti-

220 1262 285 1293 tur.
330 1261 450 1292 Totum
469 1258 566 1299 igitur
580 1259 640 1291 lioc
658 1258 795 1290 similem
814 1257 1015 1298 eandemque
1032 1258 1182 1290 sortitum
1198 1267 1270 1299 pas-

225 1318 349 1350 sionem
361 1340 370 1358 ,
399 1320 432 1349 et
479 1316 521 1348 ob
563 1315 800 1348 indifferentem
839 1315 1082 1348 similitudinem
1123 1316 1267 1357 ejusdem

223 1376 382 1417 passionis
402 1376 571 1416 effectum,
590 1384 664 1408 cum
682 1375 759 1417 quid
777 1374 863 1407 aliud
885 1375 1003 1416 tangit,
1021 1375 1072 1408 vel
1096 1375 1203 1417 ipsum
1229 1376 1270 1408 ab

219 1435 282 1468 alio
309 1436 465 1475 tangitur,
500 1437 645 1466 tactuum
674 1437 766 1466 motu
798 1433 984 1466 diffundens
1025 1443 1060 1467 se
1092 1444 1149 1476 per
1177 1444 1271 1468 omne

221 1503 358 1536 corpus,
375 1502 496 1535 perque
513 1502 630 1534 eorpus
649 1502 752 1534 usque
771 1492 810 1525 ad
830 1493 971 1525 animam
991 1493 1155 1535 porrigens
1167 1518 1176 1534 ,
1194 1503 1268 1527 sen-

222 1562 295 1585 sum
315 1553 431 1592 eflicit,
449 1552 507 1593 qui
530 1551 618 1584 visus
645 1554 792 1584 vocatur.
836 1555 877 1585 At
897 1554 1065 1593 postquam
1086 1552 1118 1584 in
1142 1556 1268 1585 noctem

222 1611 405 1644 discesserit
424 1610 699 1652 cognatusiguis,
716 1610 879 1643 desertum
903 1611 1012 1642 lumen
1038 1611 1107 1651 ejus
1125 1611 1268 1651 auxilio,

1164 226 1424 266 CHALClDlI

1319 907 1433 945 facilis
1449 908 1607 940 assecutio
1621 909 1679 942 est.
1723 908 1887 949 Siquidem
1902 909 2071 950 utriusque
2086 908 2178 949 ignis,
2194 908 2259 940 tam
2273 905 2378 939 intimi

1334 315 1470 348 nactum
1485 317 1563 349 ἰΙΙιοι
1574 316 1631 349 bra
1650 317 1766 349 somni.
1813 316 1938 349 Etenim
1962 315 2080 348 divinae
2103 317 2274 356 potestates
2290 316 2374 347 :atu-

1332 375 1387 409 bre
1405 376 1505 410 oculis
1523 380 1647 418 tegmen
1674 377 1900 419 palpebrarum
1927 376 2117 408 machinatae
2133 379 2210 408 suut
2230 384 2239 407 t
2257 375 2375 416 quilius

1329 434 1477 467 obductis
1495 436 1543 468 vis
1560 435 1612 468 illa
1634 435 1715 477 iguis
1733 435 1853 476 intimi,
1870 434 2073 467 conniventia
2087 435 2233 474 tegminis
2249 442 2374 466 coerce·

1330 495 1392 535 tur,
1414 503 1661 537 compressaque
1679 494 1783 527 fundit
1799 503 1833 527 se
1851 502 1906 535 per
1927 493 2071 526 membra
2084 504 2094 534 ;
2108 493 2305 540 mellitisque
2318 518 2327 533 ‚
2342 494 2376 526 et

1331 553 1497 595 relaxatis,
1519 554 1709 587 convalescit
1732 555 1831 595 quies.
1877 555 1958 592 Quae
1980 562 2054 585 cum
2083 556 2131 585 est
2156 552 2374 586 veliementior

1331 613 1477 645 motuum
1506 613 1668 654 reliquiis,
1686 612 1868 654 cujusmodi
1890 614 2000 651 erunt,
2021 614 2053 644 et
2077 612 2195 653 quibus
2217 611 2249 644 in
2275 611 2372 652 locis,

1330 672 1494 714 reliquioe;
1512 673 1609 714 talia,
1638 674 1807 715 pariaque,
1829 673 2027 705 somniorum
2053 671 2222 704 simulacra
2241 678 2375 703 nascen-

1330 733 1382 764 tur
1404 741 1412 763 :
1433 741 1609 773 eorumque
1632 733 1868 774 expergefactos
1883 741 2012 774 quoque
2032 731 2188 763 memoria
2205 729 2374 763 comitabi-

1329 793 1392 822 tur.
1438 793 1480 823 At
1499 800 1575 823 vero
1597 791 1844 824 simulacrorum
1856 815 1865 831 ,
1881 799 1955 833 quae
1969 791 2001 823 in
2017 790 2155 831 speculis
2171 789 2374 830 oboriuntur,

1333 848 1522 881 umbrarum
1546 849 1663 889 etiam,
1678 858 1752 890 quae
1773 849 1804 881 in
1831 849 1963 881 humida
1987 851 2163 882 cernuntur
2192 846 2377 889 superficie,

1331 975 1428 1008 quam
1445 966 1651 1008 extrapositi,
1674 975 1830 1000 concursu
1856 967 2016 999 incidente
2039 967 2070 999 in
2097 969 2214 999 tersam
2233 965 2375 1006 aliquam

1332 1026 1512 1067 loevemque
1536 1026 1683 1059 materiae
1699 1027 1924 1067 superficiem,
1945 1027 2139 1067 formatique
2158 1026 2191 1058 in
2209 1025 2328 1058 multas
2345 1024 2379 1057 et

1333 1085 1437 1117 varias
1459 1085 1597 1126 figuras,
1626 1085 1798 1118 simulacra
1818 1094 1855 1118 ex
1875 1085 2014 1126 laevigati
2033 1084 2179 1125 eorporis
2201 1086 2377 1125 conspectu

1332 1142 1510 1182 resultant,
1555 1143 1698 1179 dexterae
1734 1151 1832 1184 porro
1865 1144 1971 1184 partes
1999 1151 2073 1184 quae
2106 1143 2202 1182 sunt,
2239 1141 2377 1174 sinistroe

1332 1201 1530 1233 videnturin
1545 1200 1658 1234 iisdem
1674 1202 1831 1243 speculis,
1848 1201 1975 1234 insolito
1992 1202 2132 1243 quodam
2154 1200 2245 1233 more
2269 1213 2277 1233 ι
2301 1209 2377 1241 pro·

1335 1262 1443 1301 pterea
1456 1260 1542 1302 quod
1556 1260 1677 1293 dextris
1690 1261 1833 1302 partibus
1847 1261 1936 1293 visus
1955 1263 2067 1293 contra
2084 1260 2246 1293 sinistram
2257 1261 2378 1301 partem

1334 1319 1478 1360 speculi,
1499 1319 1635 1351 sinistris
1652 1319 1728 1352 item
1744 1321 1856 1352 contra
1872 1319 2018 1352 dextram
2035 1319 2163 1361 positis,
2184 1320 2274 1352 motu
2290 1318 2377 1352 tacto

1334 1378 1477 1419 corporis
1493 1387 1534 1410 ex
1553 1377 1687 1410 adverso
1707 1379 1803 1419 partis
1824 1378 1894 1419 ejus
1905 1402 1915 1420 ,
1935 1378 2018 1411 unde
2036 1379 2142 1417 motus
2159 1378 2214 1420 tit,
2239 1378 2374 1419 gestien-

1337 1436 1419 1468 latur
1436 1440 1542 1471 motus
1562 1437 1679 1477 imago.
1725 1438 1766 1469 At
1782 1446 1860 1469 vero
1878 1437 2004 1469 dextrae
2023 1437 2166 1478 corporis
2181 1438 2288 1479 parles
2304 1436 2381 1469 dex·

1335 1497 1394 1527 trae
1418 1508 1426 1527 t
1452 1495 1496 1527 ita
1520 1497 1556 1528 ut
1579 1497 1675 1536 sunt,
1702 1495 1734 1527 in
1759 1496 1898 1536 speculis
1923 1505 2052 1537 quoque
2078 1496 2281 1537 sinistraeque
2302 1495 2382 1528 item

1333 1553 1472 1586 sinistrae
1503 1554 1653 1586 videntur
1683 1567 1691 1587 z
1716 1563 1790 1587 cum
1811 1564 1850 1587 ex
1889 1555 1976 1587 coitu
2004 1556 2092 1588 visus
2114 1557 2147 1588 et
2170 1555 2350 1596 splendoris
2365 1563 2384 1587 e

1333 1622 1406 1653 spa
1411 1614 1462 1646 ulo
1494 1614 1712 1655 corpulentior
1743 1614 1930 1655 conglobata
1970 1615 2073 1656 imago
2108 1614 2242 1648 renidet.
2287 1616 2315 1652 Q

2430 1621 2571 1671 “²¹32
2543 1621 2625 1652 Ν

2387 1690 2453 1734 5,””;
2502 1696 2562 1734 -2‘1‘
2618 1709 2623 1713 ·

1335 1735 1366 1765 ct
1388 1732 1548 1774 provectis
1571 1733 1603 1764 in
1620 1733 1759 1772 molem,
1778 1732 1950 1773 lateribus,
1972 1732 2121 1765 dextram
2143 1733 2231 1765 visus
2261 1724 2451 1832 [κινῇ
2465 1739 2475 1746 ”
2493 1733 2510 1757 ⁴¹*
2543 1744 2548 1751 ¹

224 1671 468 1711 consortioque,
490 1670 580 1703 velut
606 1670 774 1702 viduatum
796 1670 908 1710 nabet,
926 1672 1037 1711 utpote
1055 1670 1096 1702 ad
1116 1670 1272 1705 dissimile

225 1732 399 1773 procedens
410 1753 420 1768 ‚
435 1732 667 1773 proptereaque
686 1731 892 1763 immutatum
905 1731 1140 1773 exstinguitur-3
1152 1732 1270 1764 nullam

226 1791 347 1825 liabens
370 1800 444 1823 cuni
465 1790 611 1832 proximo
636 1792 716 1822 tunc
741 1799 829 1831 aere,
854 1792 980 1823 naturae
1007 1791 1270 1823 communicatio·

1333 1673 1386 1714 lit,
1405 1673 1529 1713 quoties
1550 1674 1634 1704 teres
1654 1672 1773 1713 speculi
1789 1672 1944 1705 serenitas
1958 1672 2125 1705 hincinde
2142 1673 2330 1706 tumidior-ib

2435 1778 2440 1781 .
2446 1750 2614 1783 ῥι).““ιίῠ«·-,’

1338 1792 1369 1823 in
1393 1791 1473 1823 laeva
1489 1791 1632 1832 speculi,
1650 1791 1766 1823 loevam
1778 1790 1855 1823 item
1872 1791 1904 1823 in
1922 1791 2103 1823 dexteriora
2115 1790 2242 1831 dejecit.
2286 1792 2312 1824 C
2428 1783 2592 1813 *⁴⁹2³*

224 1859 317 1890 ueni;
337 1852 447 1890 utpote
467 1849 634 1891 splendore
659 1849 740 1890 ignis
769 1852 897 1883 carente
922 1860 930 1882 ι
957 1849 1129 1891 videreque
1155 1850 1273 1882 desinit

228 1973 268 2011 τὸ
282 1974 342 2019 τ’ἧς
361 1973 515 2024 κεφαλῆς
533 1971 632 2014 κύτος
644 1988 692 2019 ,υ
674 1970 856 2014 ὑποθέντες
871 1970 995 2010 αὐτόσε
1014 1970 1053 2010 τὸ
1069 1971 1272 2024 πρόσωπον,

228 2030 360 2084 ὄργανα
380 2030 544 2077 ἐνέδησαν
563 2029 676 2068 τούτω
696 2030 794 2082 πάσῃ
814 2046 856 2083 τῃ
877 2046 938 2077 της
959 2032 1057 2084 ‹.1167
1035 2047 1074 2077 ης
1097 2030 1268 2092 προνοίᾳ,

229 2090 290 2129 καὶ
327 2088 526 2134 διετάξαντο
561 2087 710 2141 μέτοχον
747 2091 810 2140 ἡγε
812 2089 935 2139 υ.ονίας
975 2091 1068 2127 τουτ’
1101 2083 1189 2128 εἰναι
1232 2090 1270 2128 τὸ

229 2151 321 2187 κατὰ
342 2148 441 2200 φύσιν
472 2147 636 2200 πρόσθεν.
696 2149 776 2186 Τῶν
803 2147 838 2185 δὲ
868 2147 1022 2201 ὀργάνων
1044 2150 1181 2201 πρῶτον
1211 2149 1252 2197 μὲ
1257 2165 1272 2185 ν

229 2207 396 2262 φωσφόρα
418 2207 709 2255 ξυνετεκτήναντο
731 2206 898 2258 ὄμματα,
931 2208 1048 2260 τοιᾷδε
1070 2207 1275 2255 ἐνδήσαντες

230 2265 342 2319 αἰτίᾳ.
402 2269 478 2306 Τοῦ
495 2265 603 2319 πυρὸς
620 2266 698 2305 ὅσον
719 2266 758 2304 τὸ
780 2266 841 2316 μὲν
859 2266 955 2305 κάειν
972 2268 1035 2305 οὐκ
1055 2266 1157 2319 ἔσχε,
1179 2267 1216 2305 τὸ
1238 2266 1273 2304 δὲ

231 2324 398 2376 παρέχειν
421 2327 491 2377 φῶς
512 2324 664 2376 ἥμερον,
686 2326 810 2363 οἰκεῖον
828 2325 977 2373 ἑκάστης
999 2324 1152 2378 ἡμέρας,
1173 2328 1276 2376 σῶμα

234 2384 507 2435 ἐμηχανήσαντο
529 2383 719 2435 γίγνεσθαι.
778 2383 831 2424 Τὸ
849 2383 917 2437 γὰρ
938 2384 1030 2429 ἐντὸς
1050 2387 1152 2435 ἡμῶν
1173 2385 1276 2422 ἀδελ-

231 2441 294 2495 φὸν
316 2440 352 2479 ὂν
372 2440 493 2480 τούτου
516 2445 584 2494 πῦρ
602 2442 782 2494 εἰλικρινὲς
803 2442 972 2490 ἐποίησαν
993 2443 1050 2482 διὰ
1070 2445 1137 2482 τῶν
1155 2443 1279 2493 ὀμμά-

234 2514 303 2538 των
328 2503 397 2553 ῥεῖν
427 2501 518 2538 λεῒον
539 2499 598 2538 καὶ
620 2500 749 2538 πυκνὸν
780 2499 858 2539 ὅλον
879 2501 960 2552 μέν,
981 2502 1138 2553 μάλιστα
1170 2502 1205 2540 δὲ
1236 2502 1278 2540 τὸ

235 2557 339 2608 μέσον
361 2558 640 2608 ξυμπιλήσαντ,ες
656 2561 724 2598 τῶν
742 2560 930 2609 ὀμμάτων,
945 2560 1033 2600 ὥστε
1054 2563 1093 2600 τὸ
1110 2561 1174 2611 μὲν
1193 2562 1279 2601 ἄλλο

235 2617 312 2656 ὅσον
341 2617 538 2670 παχύτερον
571 2618 704 2670 στέγειν
739 2624 831 2666 πᾶν,
865 2619 904 2657 τὸ
930 2636 1083 2658 τοιουτον
1112 2620 1147 2658 δὲ
1178 2620 1280 2670 μόνον

239 2676 323 2715 αὐτὸ
339 2675 489 2728 καθαρον
510 2676 653 2723 διηθεῒν,
711 2675 827 2716 υΟταν
846 2682 904 2716 οὖν
923 2680 1151 2732 μεθημερινον
1172 2683 1193 2731 ᾐ
1212 2683 1280 2734 φῶς

240 2748 321 2786 περι
340 2749 380 2771 το
400 2735 462 2779 τῆς
487 2733 598 2786 ὅψεως
621 2738 754 2806 (δεῖγμα,
774 2735 852 2774 τότε
874 2738 1041 2777 ἐκπῖπτον
1061 2739 1177 2789 ομοιον
1198 2739 1282 2792 πρὸς

236 2792 377 2842 ὅμοιον,
399 2791 577 2843 ξυμπαγὲς
595 2793 800 2845 γενόμενον,
818 2794 854 2834 ἓν
876 2811 979 2835 mum
997 2797 1169 2837 οἷκειωθὲν
1188 2798 1280 2843 ξυνέ-

238 2865 304 2899 στη
324 2851 418 2890 κατὰ
444 2851 508 2898 τὴν
531 2854 599 2890 τῶν
625 2853 796 2904 ὀμμάτων
820 2856 1030 2926 εὐθυωρίαν,
1051 2857 1119 2908 ὅπῃ
1135 2874 1218 2933 γπερ
1241 2857 1281 2896 ἂν

239 2909 417 2962 ἀντερείδῃ
436 2909 476 2948 τὸ
496 2911 714 2962 προσπῖπτον
733 2912 865 2951 ἔνδοθεν
885 2914 968 2966 πρὸς
987 2914 1005 2953 ὃ
1025 2918 1093 2953 τῶν
1114 2915 1179 2961 ἔξω
1201 2916 1279 2961 ξυν-

239 2967 378 3007 έπεσεν.
436 2966 669 3019 Ὁμοιοπαθὲς
697 2969 739 3016 δὴ
774 2970 816 3008 δι’
837 2972 1026 3020 ὁμοιότητα
1047 2980 1116 3012 παν
1137 2973 1280 3025 γενόμε-

237 3042 314 3074 νον,
338 3027 416 3065 ὅτου
437 3043 473 3066 τε
495 3027 536 3066 ἂν
558 3029 642 3068 αὐτό
669 3045 753 3067 ποτε
783 3030 983 3082 ἐφάπτηται
1004 3033 1063 3071 καὶ
1092 3033 1110 3071 ὃ
1132 3034 1171 3072 ἂν
1193 3034 1280 3073 ἄλλο

1335 1851 1459 1892 speculi
1481 1850 1635 1891 demum,
1653 1850 1766 1883 sitatis
1789 1851 1870 1882 tacta
1893 1851 1953 1882 erit
1977 1850 2164 1890 conversio,
2186 1853 2222 1883 ut
2237 1849 2384 1883 elatiores

1340 1971 1492 2019 ἐκείνου,
1522 1971 1653 2011 τούτων
1675 1971 1735 2016 τὰς
1766 1971 1917 2019 κινήσεις
1947 1970 2096 2010 διαδιδὸν
2133 1972 2181 2014 εἰς
2220 1970 2314 2008 ἅπαν
2344 1969 2385 2009 τὸ

1337 2035 1439 2081 σῶμα
1468 2035 1573 2085 μέχρι
1593 2035 1654 2078 τῆς
1675 2034 1791 2085 ψυχῆς
1818 2030 1981 2078 αἴσθησιν
2004 2029 2205 2082 παρέσχετο
2223 2029 2380 2077 ταύτην,
2428 2034 2430 2038 ’

1337 2095 1359 2143 ᾗ
1381 2090 1421 2138 δὴ
1445 2093 1526 2144 ὑρᾷν
1547 2106 1624 2145 φαυ
1629 2107 1677 2131 εν
1735 2091 1959 2134 Ἀπελθόντος
1979 2091 2016 2129 δὲ
2037 2090 2083 2134 εἷς
2101 2090 2211 2128 νύκτα
2229 2093 2289 2129 του
2305 2088 2384 2140 ξυγ-

1337 2165 1470 2201 γενους
1477 2150 1584 2202 πυρὸς
1605 2152 1711 2189 ἀποτε
1705 2147 1870 2200 ’τμηταν
1900 2148 1988 2201 πρὸς
2015 2148 2083 2202 γὰρ
2112 2148 2274 2198 ἀνόμοιον
2297 2146 2384 2192 ἐξιον

1339 2209 1541 2249 ἀλλοιοῦταί
1557 2225 1593 2248 τε
1610 2209 1695 2248 αὐτὸ
1711 2209 1770 2247 καὶ
1785 2207 2085 2255 κατασὸέννυται,
2103 2206 2255 2259 ξυμφυὲς
2270 2206 2386 2245 οὐκέτι

1339 2271 1388 2321 τῷ
1417 2269 1566 2316 πλησίον
1603 2268 1678 2319 ἀέρι
1710 2266 1933 2318 γιγνόμενον,
1959 2265 2020 2304 ἅτε
2052 2270 2122 2318 π’ῢρ
2156 2266 2219 2304 οὐκ
2252 2265 2383 2317 ἔχοντι.

1343 2327 1502 2367 Παύεταί
1515 2343 1553 2366 τε
1571 2332 1628 2365 οὐν
1643 2329 1752 2379 ὁρῶν,
1771 2326 1821 2364 ἔτι
1838 2341 1873 2363 τε
1891 2324 2076 2376 ἐπαγωγὸν
2090 2325 2245 2377 γίγνεται
2258 2323 2384 2362 ὕπνου·

1341 2386 1519 2439 σωτηρίαν
1539 2385 1615 2443 γὰρ
1638 2385 1681 2433 ἢν
1708 2387 1739 2425 οἱ
1762 2383 1833 2423 θεοι
1866 2387 1927 2431 τῆς
1955 2384 2069 2437 ὅψεως
2088 2381 2380 2437 ἐμηχανήσαντο,

1341 2445 1403 2492 τὴν
1424 2461 1492 2484 των
1517 2445 1700 2499 βλεφάρων
1726 2444 1846 2498 φύσιν,
1867 2441 1950 2482 ὅταν
1979 2458 2092 2481 ταυτα
2113 2441 2302 2494 ξυμμύσῃ,
2321 2457 2387 2480 κα·
2411 2451 2436 2486 6
2472 2490 2477 2493 .
2512 2456 2517 2457 ⁷

1341 2504 1514 2557 θείργνυσι
1534 2503 1596 2550 τὴν
1629 2507 1689 2542 τοῦ
1710 2502 1816 2553 πυρὸς
1837 2502 1930 2547 ἐντὸς
1960 2502 2131 2552 δύναμιν,
2153 2504 2176 2548 ἡ
2208 2500 2246 2539 83.
2268 2501 2384 2554 διαχεῖ
2420 2526 2427 2535 -

1344 2579 1381 2601 τε
1405 2563 1466 2601 καὶ
1484 2562 1651 2614 ὁμαλύνει
1669 2561 1732 2606 τὰς
1753 2561 1847 2605 ἐντὸς
1867 2560 2043 2608 κινήσεις,
2068 2561 2328 2612 ὅμαλυνθεισῶν
2348 2560 2385 2598 δὲ
2422 2567 2426 2573 “
2468 2589 2493 2619 3.
2509 2561 2541 2592 a‘

1343 2621 1476 2675 ἦσυγία
1509 2622 1683 2674 γίγνεται,
1712 2619 1900 2673 γενομένης
1930 2619 1967 2657 δε
1989 2619 2121 2665 πολλῆς
2149 2617 2210 2668 μὲν
2238 2617 2387 2670 ἡσυχίας
2433 2633 2435 2636 ·
2518 2615 2523 2622 ”

2407 2791 2468 2926 r

1344 2679 1585 2733 βραχυόνειρος
1607 2679 1711 2723 ύπνος
1738 2678 1927 2730 ἐμπίπτει,
1958 2677 2252 2730 καταλειφθεισῶν
2277 2676 2317 2715 δέ
2334 2690 2386 2713 τι-

1341 2755 1406 2778 νων
1430 2739 1599 2786 κινήσεων
1636 2738 1823 2789 μειζόνων,
1853 2731 1922 2775 οἶαι
1952 2736 2011 2775 καὶ
2035 2738 2071 2775 ἐν
2092 2735 2212 2780 οἵοις
2195 2752 2235 2774 αν
2264 2733 2385 2777 τόποις

1340 2797 1394 2836 λε’
1365 2814 1555 2848 ειπωνται,
1590 2800 1734 2836 τόιαυτα
1771 2796 1831 2836 καὶ
1869 2800 2020 2834 τοσαῦτα
2051 2795 2269 2847 παρέσχοντο
2298 2794 2387 2845 ἀφο-

1344 2857 1538 2908 μοιωθέντα
1555 2855 1650 2901 ἐντὸς
1669 2855 1732 2901 ἔξω
1757 2871 1795 2894 τε
1813 2855 1999 2908 ἔγερθεῖσιν
2026 2851 2386 2905 ἀπομνημονευόμενα

1343 2932 1424 2969 φαν·
1426 2916 1606 2967 τάσματα.
1661 2916 1712 2955 Τὸ
1731 2915 1767 2953 δὲ
1786 2929 1867 2967 περι
1886 2913 2032 2960 τὴντῶν
2052 2912 2257 2964 κατόπτρων
2282 2911 2389 2949 εἰδυ-

1342 2976 1522 3024 λοποιίαν,
1544 2975 1604 3014 καὶ
1625 2975 1740 3015 ιιιάντα
1766 2973 1867 3013 ὅσα’
1852 2975 1989 3026 εμφανῆ
2018 2971 2077 3009 καὶ
2104 2972 2204 3021 λεῖα,
2235 2968 2388 3020 κατιδεῖν

1344 3035 1419 3074 οὐδὲ
1422 3050 1439 3072 ν
1458 3035 1530 3073 ἔτι
1522 3035 1697 3087 χαλεπόν·
1713 3034 1752 3072 ἐκ
1767 3031 1836 3085 γὰρ
1849 3034 1910 3078 τῆς
1926 3031 2019 3074 ἐντὸς
2036 3030 2133 3074 ἐκτός
2149 3045 2185 3068 τε
2201 3045 2260 3067 του
2284 3028 2391 3080 πυρὸς
2435 3044 2437 3046 ·
2477 3039 2485 3043 ’

240 3158 301 3191 bus
322 3158 423 3192 utitur
446 3159 600 3192 ministris
620 3160 721 3202 deus,
745 3171 847 3202 quum
870 3162 982 3203 optimi
1005 3164 1162 3204 speciem,
1180 3167 1284 3206 quoad

243 3216 309 3248 lieri
330 3218 452 3257 potest,
472 3217 581 3252 eflicit.
623 3218 684 3252 Sed
703 3219 889 3252 existimant
908 3220 1047 3262 plerique
1064 3231 1127 3254 non
1143 3223 1213 3255 haec
1229 3224 1285 3255 ad-

242 3274 384 3314 Juvantia
405 3285 574 3308 causarum
588 3301 597 3318 ‚
624 3277 680 3310 sed
704 3278 761 3310 lias
780 3278 866 3320 ipsas
890 3288 961 3312 esse
983 3281 1128 3312 omnium
1151 3291 1284 3323 causas,

244 3342 317 3374 quoe
338 3334 402 3365 vim
423 3334 559 3368 habeant
578 3336 702 3376 frigoris
717 3339 750 3370 et
765 3337 896 3378 caloris,
914 3339 1125 3372 concretionis
1138 3342 1170 3372 et
1186 3341 1284 3381 liquo-

244 3391 305 3431 ris,
328 3394 455 3426 careant
478 3398 587 3426 autem
605 3396 695 3430 omni
712 3395 915 3437 intelligentia
934 3400 1030 3438 atque
1049 3399 1171 3431 ratione
1185 3413 1195 3431 ι
1213 3408 1286 3440 quae

246 3449 308 3482 nisi
323 3450 356 3482 in
373 3451 499 3493 animo,
518 3453 607 3486 nulla
622 3453 683 3487 alia
700 3453 733 3488 in
760 3456 874 3488 natura
894 3456 1104 3498 reperiantur.
1150 3457 1285 3491 Animus

1348 3169 1455 3200 autem
1471 3177 1601 3201 sensum
1617 3175 1747 3200 omnem
1764 3165 1875 3206 effugit
1887 3165 2065 3198 oculorum.
2111 3164 2152 3195 At
2167 3162 2246 3203 ignis
2260 3163 2293 3194 et
2307 3169 2389 3201 aqua

1347 3227 1376 3258 et
1392 3227 1497 3259 anima
1519 3228 1551 3258 et
1569 3229 1654 3259 terra
1677 3234 1812 3267 corpora
1829 3226 1925 3263 sunt,
1943 3232 2044 3264 eaque
2060 3225 2247 3254 cernuntur.
2291 3218 2388 3252 Illum

1347 3285 1455 3316 autem
1474 3285 1529 3326 qui
1555 3285 1772 3326 intelligentiae
1793 3283 2023 3325 saph-numne
2044 3289 2079 3312 se
2095 3283 2272 3311 amatorem
2291 3277 2388 3318 proli-

1347 3346 1445 3384 tetur,
1463 3354 1592 3377 necesse
1609 3346 1656 3377 est
1676 3343 1880 3384 intelligentis
1895 3341 2111 3384 sapientisque
2130 3340 2255 3371 naturoe
2271 3338 2389 3379 primas

1350 3409 1465 3433 causas
1484 3402 1673 3443 conquirere
1696 3388 1708 3434 :¹
1719 3400 1835 3435 deinde
1851 3399 2007 3433 secundas
2025 3406 2136 3431 causas
2153 3405 2262 3429 rerum
2277 3404 2389 3445 earum

1349 3468 1423 3500 quae
1444 3461 1625 3494 necessario
1642 3462 1775 3494 movent
1796 3460 1893 3501 alias,
1909 3468 1984 3492 cum
2007 3458 2087 3499 ipsae
2108 3455 2149 3489 ab
2169 3454 2241 3488 aliis
2258 3463 2388 3487 moven-
