2606 3828
293 252 366 284 412

293 335 421 385 stippo
432 324 594 372 ascribit
606 364 615 382 ‚
631 335 862 372 Plutarchus
882 333 1028 370 Zenoni
1043 332 1243 382 attribuit,
1261 333 1328 372 alii

292 394 466 432 Platonis
488 395 606 432 fuisse
624 393 894 442 tradiderunt)

344 466 392 491 ⁶2.
427 452 621 504 Ὀργισθεὶς
655 466 740 503 προς
772 450 945 502 Αἰσχίνην
979 451 1054 500 μετ’
1076 451 1114 488 οὐ
1144 451 1253 499 πολύ,
1275 452 1329 492 Οὐ

291 510 642 585 διαλλαχθησόμεθα,
671 512 708 548 οὐ
726 509 887 560 παυσόμε
873 513 954 556 ε,θα
991 513 1088 558 εἰπε,
1122 511 1328 563 ληροῦντεςς

290 571 380 610 ἀλλὰ
409 571 607 620 ἀναμενεῖς,
640 569 704 612 ἕως
741 569 780 606 ἄν
810 585 859 612 τις
885 571 979 619 ’ἡμᾶς
1009 569 1067 607 ἐπὶ
1100 585 1163 617 της
1191 569 1331 614 κυλικος

289 632 450 683 φλυαρων
474 628 616 671 διαλλοίξ
618 643 665 676 η;
692 626 752 665 καὶ
783 626 840 672 ὅς,
875 626 1069 677 Ἀσμένως,
1097 627 1182 681 ἔφη·
1218 630 1331 676 Μνη-

290 689 412 739 μόνευε
445 687 572 734 τοίνυν,
597 690 690 725 εἶπεν
714 686 957 735 Ἀρίστιππος,
977 685 1031 724 ὅτι
1060 701 1113 725 σοι
1142 686 1328 760 πρότερος,

289 746 524 800 πρεσὸύτερος
546 744 609 794 ὤν,
631 746 843 796 προσηλθεν.
879 744 952 783 Καὶ
973 747 990 783 ὁ
1013 744 1202 796 Αἰσχίνης,
1223 739 1329 796 Ευγε,

287 806 327 851 νὴ
351 805 412 851 τὴν
434 803 563 855 ἽΙραν,
582 802 731 853 εὐλόγοις
751 797 871 848 εἶπας·
894 802 970 842 ἐπεὶ
999 803 1120 855 πολλῶ
1141 818 1207 852 μου
1238 805 1328 855 βελ-

287 863 367 901 τίων
390 863 571 914 ὑπάρχεις.
600 860 697 912 Ἐγὼ
717 861 780 912 μὲν
810 862 878 915 γὰρ
909 862 1053 915 ἔχθρας,
1077 877 1118 900 συ
1148 862 1184 901 δὲ
1216 862 1331 915 φιλίας

287 922 415 974 ἄρχεις.

338 982 543 1031 (Diogenes
561 979 740 1018 Laertius
768 979 839 1018 lib.
872 979 931 1026 11,
952 981 1016 1020 83.
1049 982 1132 1018 Hoc
1156 992 1234 1018 non
1267 977 1330 1018 ΖΕ-

287 1041 434 1088 schini,
456 1040 521 1078 sed
543 1039 652 1077 fratri
673 1039 819 1077 dixisse
845 1040 1089 1090 Aristippum
1110 1049 1248 1078 auctor
1268 1049 1329 1078 est

285 1100 457 1138 Stobaeus
470 1099 575 1139 Flor.
590 1098 792 1146 LXXXIV,
815 1113 827 1135 1
838 1112 861 1148 9
874 1112 882 1138 :
895 1098 928 1137 Ἀ
937 1099 1116 1149 ρίστιππος
1127 1097 1234 1150 ἔφησε
1246 1098 1330 1150 πρὸς

283 1161 340 1198 τὸν
356 1160 512 1212 ἀδελφόν·
525 1158 710 1209 Μέμνησο,
723 1157 775 1196 ὅτι
786 1160 846 1204 τ’ῆς
859 1157 920 1207 μὲν
936 1157 1148 1201 διαστάσεως
1162 1155 1204 1196 σὺ
1218 1157 1328 1208 ἤρξω,

283 1221 345 1265 τῆς
366 1217 403 1255 δὲ
424 1217 612 1260 διαλύσεως
637 1216 721 1267 ἐγώ.
744 1217 794 1254 At
810 1230 895 1254 cum
927 1216 1075 1255 Laertii
1105 1217 1330 1254 narratione

284 1278 464 1327 congruit
494 1276 691 1315 Plutarchi
723 1271 987 1314 testimoninm
1024 1277 1080 1314 De
1111 1275 1331 1314 cohibenda

285 1338 343 1375 ira
365 1350 450 1388 cap.
474 1339 521 1375 14
536 1336 591 1374 ita
609 1335 818 1374 scribentis
842 1349 851 1372 :
874 1338 892 1374 ὁ
917 1335 945 1373 δ’
964 1334 1206 1387 Ἀρίστιππος,
1224 1336 1330 1387 ὀργῆς

287 1398 382 1447 αὐτῷ
402 1395 489 1448 πρὸς
522 1394 696 1447 Αἰσχίνην
713 1393 918 1445 γενομένης,
947 1394 1007 1432 καί
1035 1410 1125 1437 τινος
1145 1393 1299 1438 εἰπόντος
1317 1408 1325 1416 “

283 1449 332 1493 ’Ὦ
353 1435 581 1507 Ἀρίστιππε,
601 1457 666 1491 ποῦ
689 1456 769 1504 ὑμῖν
800 1456 822 1500 ἡ
851 1453 970 1506 φιλία;
991 1452 1184 1501 Καθεύδει,
1207 1452 1327 1505 φησίν,

285 1511 354 1562 ἐγὼ
387 1512 422 1551 δὲ
456 1511 564 1559 αὐτὴν
597 1513 720 1563 ἐγερῶ.
759 1511 830 1550 Καὶ
864 1527 913 1549 τι)
946 1512 1097 1564 Αἰσχίνῃ
1130 1510 1330 1564 προσελθὼν

286 1575 392 1610 εἶπεν·
415 1571 537 1616 Οὕτως
556 1586 609 1609 σοι
638 1571 729 1609 δοκῶ
749 1570 975 1619 παντάπασιν
997 1571 1130 1624 ἀτυχής
1163 1587 1214 1615 τις
1239 1565 1331 1610 εἶναι

285 1631 345 1670 καὶ
395 1630 603 1678 ἀνήκεστος,
638 1630 728 1668 ὥστε
763 1629 813 1679 μὴ
846 1630 1023 1673 νουθεσίας
1070 1630 1213 1683 τυχεῖν;
1252 1633 1270 1668 ὃ
1297 1630 1328 1668 δ’

284 1689 473 1742 Αἰσχίνης·
496 1690 606 1729 Οὐδὲν
628 1688 722 1742 (ἔφη)
745 1689 962 1740 θαυμαστόν,
983 1691 1012 1726 εἷ
1041 1688 1127 1742 πρὸς
1151 1689 1267 1727 πάντα
1286 1692 1329 1741 τῇ

285 1748 383 1800 φύσει
405 1764 471 1800 μου
501 1747 689 1801 διαφέρων,
710 1748 888 1785 κάνταῦθα
906 1747 945 1785 τὸ
966 1747 1041 1786 δέον
1063 1747 1230 1801 πρότερος
1249 1764 1330 1787 συν-

286 1807 403 1859 εἶδες.)

336 1878 384 1905 53.
419 1866 554 1918 Κρατεῖ
572 1865 697 1912 ἡδονῆς
717 1865 783 1917 οὐχ
802 1866 819 1902 ὃ
841 1865 1077 1917 ἀπεχόμενος,
1097 1866 1174 1904 ἀλλ’
1195 1868 1212 1905 ὃ
1234 1866 1328 1919 χρώ-

285 1939 384 1975 μενος
415 1923 490 1974 μέν,
515 1923 564 1973 μὴ
595 1923 898 1976 παρεκφερόμενος
929 1925 986 1972 δέ,
1004 1923 1122 1978 ὥσπερ
1158 1925 1219 1963 καὶ
1244 1924 1328 1968 νεὼς

284 1981 344 2020 καὶ
363 1980 493 2031 ἵππου,
511 1983 577 2034 οὐχ
596 1985 613 2021 ὁ
632 1980 681 2033 μὴ
707 1981 907 2035 χρώμενος,
925 1984 1001 2021 ἀλλ’
1025 1986 1042 2021 ὃ
1064 1983 1225 2035 μετάγων
1250 1983 1329 2023 ὅποι

286 2040 462 2092 βούλεται.

350 2100 535 2152 (Stobaeus
554 2100 659 2140 Flor.
683 2101 807 2148 XVII,
839 2104 885 2141 18
910 2101 1150 2155 Ἀριστίππου.
1179 2103 1328 2155 Scripsi

284 2159 586 2213 παρεκφερόμενος
615 2174 703 2198 cum
736 2160 940 2209 Jacobsi0;
966 2161 1079 2200 codd.
1108 2161 1327 2215 προεκφερό-

284 2224 414 2270 μενος.)

321 2351 374 2379 52.
398 2348 506 2384 Quum
528 2346 699 2387 aliqnando
728 2346 870 2379 AEscliini
892 2346 1096 2378 vehementer
1116 2346 1322 2387 irasceretur,

283 2405 368 2437 haud
388 2405 492 2437 mutto
510 2406 601 2446 post,
618 2406 741 2438 Nonne
767 2406 804 2437 in
830 2406 1004 2445 qratiam,
1028 2405 1090 2445 ait,
1109 2405 1330 2438 redibimus?

282 2473 395 2497 nonne
414 2464 595 2497 delirandi
623 2461 729 2506 finem
750 2463 954 2504 faciemus?
971 2467 1063 2497 Num
1090 2465 1326 2506 exspectabis,

283 2524 390 2557 donec
415 2526 564 2565 nuqator
581 2524 712 2566 aliquis
737 2526 830 2557 inter
852 2523 997 2565 scyphos
1023 2533 1085 2557 nos
1104 2525 1329 2558 reconciliet?

282 2585 367 2616 Tum
377 2583 557 2623 AEscliines,
575 2583 748 2623 Libenter,
762 2583 876 2624 inquit.
895 2583 1076 2624 Aristippus
1090 2593 1165 2616 vero
1180 2583 1324 2624 subjecit,

283 2644 452 2674 Memento
465 2650 556 2682 erq0,
568 2650 622 2673 me
635 2643 796 2682 quamvis
807 2643 911 2673 aetate
922 2643 955 2673 te
964 2650 1196 2682 praecurram,
1210 2644 1326 2674 tamen

281 2703 433 2741 priorem
453 2699 501 2731 ad
525 2701 558 2731 te
580 2700 775 2731 accessisse.
793 2700 870 2731 Mox
894 2699 1080 2739 AEscllines,
1102 2702 1200 2732 Recte
1219 2708 1326 2739 sane,

283 2758 403 2798 inquit,
419 2766 482 2798 per
507 2758 701 2796 lunonem,
724 2766 766 2790 ac
785 2757 979 2798 prudenter
997 2757 1141 2798 dist-istu
1166 2767 1249 2790 nam
1276 2767 1328 2790 me

283 2817 395 2848 mutto
425 2816 547 2848 melior
577 2825 622 2848 es.
651 2818 723 2856 qu
742 2818 832 2847 enim
853 2817 1065 2856 inimicitias,
1085 2819 1125 2849 tu
1150 2816 1327 2848 concordis

284 2876 448 2907 amicitia
467 2876 501 2906 et
520 2875 684 2906 caritatis
703 2873 953 2911 auctorsuisti.

327 2937 377 2966 53.
401 2932 509 2964 Vincit
529 2932 745 2972 voluptatem,
766 2940 830 2963 non
856 2932 910 2972 qui
941 2933 1066 2972 penitus
1095 2933 1251 2974 abstinet,
1272 2933 1326 2966 sed

285 2992 340 3033 qui
361 2992 422 3023 hoc
440 2991 537 3024 modo
562 2991 673 3030 utitur,
694 2995 730 3022 ut
749 2999 950 3030 nequaquam
973 2994 1176 3023 transversus
1192 2995 1304 3032 agatur
1316 3003 1325 3032 ;

286 3053 320 3082 ut
336 3059 449 3083 navem
467 3052 498 3082 et
517 3058 636 3090 equum
655 3048 850 3088 moderatur,
867 3048 952 3080 haud
974 3049 1028 3089 qui
1054 3058 1120 3081 non
1141 3050 1252 3090 utitur,
1270 3051 1326 3083 sed

286 3109 359 3149 qui,
375 3118 440 3149 quo
458 3107 602 3146 libuerit,
623 3106 772 3139 traducit..
1291 3150 1293 3152 Ι

329 3170 379 3200 54.
404 3167 583 3207 Aristippus
601 3164 794 3207 Cyrenensis
811 3164 1018 3205 philosophus
1035 3165 1196 3197 hominem
1210 3166 1326 3198 iratum

286 3227 318 3259 et
339 3226 553 3267 asperioribus
573 3225 678 3257 verbis
693 3223 875 3264 jurgantem
890 3223 1092 3263 conspicatus
1110 3236 1118 3255 :
1138 3226 1188 3256 Ne
1208 3225 1325 3264 verba,

287 3284 401 3324 inquit,
415 3293 476 3325 per
486 3286 579 3316 iram
590 3283 854 3325 proloquamur,
867 3281 928 3313 sed
942 3281 1051 3314 verbis
1064 3283 1156 3313 iram
1171 3285 1328 3316 nostram

289 3342 471 3374 leniamus.

331 3404 382 3431 55.
406 3399 587 3440 Aristippus
622 3400 850 3441 interrogatus,
877 3399 952 3440 quid
990 3400 1074 3431 esset
1105 3399 1326 3432 admirandum

290 3457 323 3488 in
341 3457 424 3498 vita,
444 3458 626 3499 respondit,
646 3459 703 3491 Vir
716 3459 843 3499 probus
861 3461 895 3491 et
908 3457 1127 3500 nzoderatus,
1143 3460 1326 3500 qnoniam,

975 246 1073 284 CYR
1084 245 1383 286 ENAICORUM
1413 247 1748 290 FRAGMENTA.

1447 348 1494 374 οι.
1529 335 1752 389 Ἀρίστιππος
1783 339 1981 389 Κυρηναῖος
2011 339 2196 394 φιλόσοφος
2221 340 2432 392 θεασάμενός

1391 408 1468 432 τινα
1497 396 1719 447 ὀργιζόμενον
1751 396 1812 434 καὶ
1845 395 1901 434 διὰ
1933 400 2003 436 τῶν
2034 397 2147 451 λόγοιν
2174 400 2434 452 χαλεπαίνοντα

1390 450 1474 504 ἔφη·
1505 452 1567 501 Μὴ
1590 453 1665 498 τους
1696 453 1818 505 λόγους
1851 455 1896 492 δι’
1928 456 2032 507 ὀργῆς
2062 456 2221 510 ἄγωμεν,
2250 458 2343 497 ἀλλὰ
2369 457 2433 506 τὴν

1389 510 1496 563 ὀργὴν
1514 511 1571 552 διὰ
1589 515 1657 551 τῶν
1675 511 1785 564 λόγων
1806 513 2049 564 καταπαύωμε
2051 530 2082 555 ν.

1443 569 1629 619 (Stobaeus
1648 570 1750 610 Fulot
1769 570 1850 620 XX,
1867 574 1916 610 63
1937 571 2192 626 Ἀριστίππου.)

1444 642 1494 668 55.
1527 628 1749 681 Ἀρίστιππος
1770 630 1978 703 ἐρωτηθείς,
1997 630 2031 670 τί
2057 632 2258 683 θαυμαστόν
2278 634 2373 674 ἐστιν
2398 635 2433 673 ἐν

1391 689 1440 740 τῷ
1463 686 1550 740 βίῳ,
1566 688 1799 740 Ἀνθρωπος’
1784 688 1958 739 επιεικής,
1988 683 2097 738 εἶπεν,
2120 690 2180 728 καὶ
2201 690 2360 744 μέτριος,
2380 693 2434 732 ὅτι
2494 696 2498 699 ’

1393 747 1428 785 ἐν
1444 747 1618 791 πολλοῖςε
1606 747 1773 800 υποίρχων
1795 749 1984 800 μοχθηροῖς
2005 750 2044 788 οὗ
2069 748 2314 802 διέστραπται.

1445 805 1634 856 (Stobaeus
1655 806 1757 845 Flor.
1776 807 1974 855 XXXVII,
1997 809 2046 847 25
2068 808 2323 861 Αρίστιππος.)

1445 877 1491 903 56.
1522 863 1745 918 Ἀρίστιππος
1773 868 1791 904 ὃ
1821 865 2017 918 Κυρηναῖος
2048 868 2232 921 φιλόσοφος
2272 871 2434 908 τοσοῦτον

1392 921 1457 975 ἔφη
1478 922 1657 975 διαφέρειν
1681 924 1863 974 βασιλείαν
1882 924 2105 978 τυραννίδος,
2121 925 2200 966 ὅσον
2225 922 2330 979 νόμος
2354 928 2434 966 dvo-

1392 981 1475 1032 μίας
1495 981 1554 1019 καὶ
1575 982 1752 1034 ἐλευθερία
1773 982 1944 1027 δουλείας.

1449 1040 1636 1092 (Stobaeus
1659 1041 1762 1081 Ρίοι.
1781 1041 1918 1091 XLIX,
1940 1044 1986 1080 18
2003 1035 2258 1100 Ἀριστίππου.)

1443 1114 1488 1139 57
1517 1101 1590 1139 Γ
1553 1115 1590 1137 ου
1604 1099 1784 1139 Διονυσίου
1797 1099 1956 1151 λέγοντος
1969 1116 2054 1154 προς
2069 1100 2142 1141 'At
2145 1117 2307 1150 στιππον,
2319 1103 2434 1143 Οὐδὲν

1390 1158 1607 1211 ὠφέλημαι(
1595 1158 1662 1198 υπὸ
1679 1175 1763 1208 σου,
1781 1158 1909 1207 ἈληθῗΙ
1933 1159 1974 1198 λέ
1958 1175 2102 1211 γεις,ε
2085 1117 2198 1214 εἶπεν,
2217 1162 2246 1201 εἴ
2261 1161 2364 1215 γὰρ’
2343 1161 2434 1216 ωφέ·

1388 1217 1504 1263 λησο,
1543 1215 1723 1254 ἐπέπαυσο
1756 1215 1798 1255 ἂν
1834 1220 1896 1265 τῆς
1930 1217 2150 1272 τυραννίδος,
2181 1217 2302 1274 ὥσπερ
2340 1221 2436 1275 ἱερᾶς

1388 1274 1502 1313 νόσου.

1445 1333 1634 1384 (Stobaeus
1654 1333 1756 1373 Flor.
1778 1334 1913 1383 XLIX,
1932 1350 1980 1374 22
2003 1336 2257 1390 Ἀριστίππου.)

1444 1407 1490 1432 58.
1521 1394 1602 1445 Οὐχ
1633 1392 1754 1447 ὥσπερ
1784 1394 1951 1445 ὑπόδημα
1981 1395 2019 1433 τὸ
2049 1398 2165 1446 μεῖζον
2199 1394 2434 1448 δύσχρηστον,

1391 1452 1484 1490 οὕτω
1509 1452 1570 1491 καὶ
1589 1454 1612 1498 ἡ
1633 1451 1764 1490 πλείων
1784 1456 1924 1501 κτῆσις·
1941 1457 2002 1492 τοῦ
2025 1454 2089 1505 μὲν
2107 1453 2174 1507 γὰρ
2192 1455 2228 1492 ἔν
2246 1457 2290 1506 τῇ
2309 1453 2436 1507 χρήσει

1392 1512 1431 1549 τὸ
1451 1510 1612 1564 περιττὸν
1640 1511 1836 1561 ἐμποδίζει·
1864 1515 1907 1565 τῇ
1928 1513 1964 1551 δὲ
1984 1513 2044 1551 καὶ
2062 1512 2126 1566 ὅλῃ
2158 1515 2313 1566 χρῆσθαι
2343 1512 2435 1552 κατὰ

1391 1570 1511 1622 καιρὸν
1528 1570 1640 1615 ἔξεστι
1656 1570 1716 1609 καὶ
1732 1570 1846 1623 μέρει.

1445 1629 1633 1679 (Stobaeus
1653 1629 1755 1668 Floi.
1770 1629 1882 1678 XCV,
1901 1631 1949 1668 32
1965 1629 2226 1683 Ἀριστίππου.)
2460 1677 2466 1683 ⁴

1444 1701 1494 1728 59.
1528 1687 1753 1740 Ἀρίστιππος
1763 1689 1912 1741 γυναῖκα
1928 1688 2041 1734 καλὴν
2053 1688 2180 1740 μικρὰν
2190 1687 2286 1737 ἰδών,
2297 1688 2436 1741 Μικρον

1390 1746 1497 1785 κακὸν
1518 1746 1596 1797 μέν,
1623 1747 1714 1798 μέγα
1735 1747 1770 1784 δὲ
1792 1746 1948 1796 καλόν,”
1929 1762 2010 1801 εφη.

1444 1805 1657 1857 (Antonius
1677 1805 1834 1844 Melissa
1853 1805 1977 1843 Serm.
1999 1805 2047 1844 de
2075 1805 2240 1844 muliere
2268 1803 2361 1843 forti
2389 1817 2433 1843 ac

1391 1872 1629 1916 temperante
1644 1878 1734 1916 pag.
1753 1866 1868 1916 607.)
2301 1898 2313 1910 .

1443 1937 1492 1962 oo.
1527 1923 1750 1976 Ἀρίστιππος
1771 1927 1788 1962 ὃ
1819 1925 2040 1976 Κυρηναῖκὸς
2068 1922 2253 1978 φιλόσοφος
2282 1938 2433 1976 παρεκε-

1388 1980 1539 2020 λεύσατο
1557 1987 1628 2026 τοῖς
1647 1981 1733 2026 νέοις
1750 1986 1898 2021 τοιαῦτα
1918 1983 2038 2034 ἐφόδια
2055 1986 2225 2030 κτᾶσθαι,
2245 1982 2346 2022 ἅτινα
2365 1983 2430 2021 αὖ·

1387 2046 1458 2085 τοῖς
1476 2041 1536 2079 καὶ
1555 2040 1774 2092 ναυαγήσασι
1797 2040 2093 2092 συγκολυμὸήσει.
2186 2036 2190 2039 ’

1444 2100 1652 2152 (Antonius
1671 2109 1708 2139 et
1733 2100 1927 2139 Maximus
1945 2100 2068 2141 Serm.
2089 2100 2137 2138 de
2165 2101 2376 2155 disciplina
2395 2109 2435 2140 et

1389 2159 1643 2211 philosophia
1660 2173 1697 2211 p.
1722 2161 1825 2210 704.)

1443 2232 1488 2257 612
1524 2217 1766 2271 Ἀρίστιππος,
1784 2218 1904 2266 ἐπειδή
1925 2233 2011 2257 ποτε
2035 2218 2163 2265 πλέων,
2182 2221 2244 2256 τοῦ
2275 2217 2429 2269 σκάφους

1388 2350 1528 2381 etiamsi
1544 2349 1640 2381 inter
1657 2348 1788 2381 multos
1807 2347 1979 2388 improbos
1998 2346 2153 2379 homines
2173 2348 2341 2387 versetur,
2363 2354 2432 2379 non

1389 2410 1506 2440 tamen
1524 2409 1708 2448 propterea
1721 2406 1950 2448 depravatur.

1399 2450 1403 2460 ἃ
1432 2469 1482 2498 56.
1508 2466 1688 2507 Aristippus
1705 2465 1898 2506 Cyrenensis
1911 2464 2122 2506 philosophus
2134 2473 2267 2506 regnum
2283 2473 2302 2496 a
2320 2465 2432 2505 tyran-

1388 2523 1463 2557 nide
1487 2525 1615 2557 tantum
1636 2524 1753 2556 distare
1779 2522 1878 2562 dixit,
1901 2515 2059 2565 quantum
2086 2522 2135 2556 lex
2157 2532 2176 2555 a
2194 2521 2323 2555 licentia
2341 2523 2375 2554 et
2392 2521 2432 2554 li·

1387 2583 1496 2616 bertas
1515 2592 1533 2615 a
1550 2583 1704 2615 servitute
1718 2582 1864 2615 distaret

1432 2646 1483 2676 57
1508 2644 1616 2681 Quum
1630 2641 1802 2682 Dionysius
1812 2641 2022 2682 exprobraret
2032 2638 2299 2681 Aristippo,quod
2309 2638 2431 2671 nullam

1387 2710 1425 2732 ex
1443 2703 1512 2741 ejus
1525 2700 1666 2732 amicitia
1682 2699 1852 2732 utilitatem
1868 2698 2015 2740 cepisset,
2036 2700 2122 2731 Vera
2134 2698 2298 2739 loqueris,
2310 2696 2429 2738 inquit;

1386 2761 1418 2792 si
1441 2758 1527 2801 qaid
1559 2760 1653 2791 enim
1681 2758 1743 2791 tibi
1766 2758 1997 2799 profuissem,
2019 2757 2230 2798 tyrannide,
2257 2759 2430 2798 tanquam

1386 2818 1503 2851 morbo
1517 2817 1709 2857 comitiali,
1727 2816 1835 2849 libera
1842 2819 1895 2849 tus
1909 2825 2011 2849 esses.

1431 2881 1484 2910 58.
1506 2879 1577 2910 Non
1595 2875 1868 2917 quemadmodum
1893 2874 2019 2907 calceus
2038 2873 2140 2914 major
2157 2873 2280 2906 inutilis
2311 2873 2373 2914 est,
2387 2873 2431 2905 ita

1387 2938 1419 2969 et
1435 2935 1595 2977 possessio
1608 2934 1755 2975 amplior.
1766 2935 1848 2966 Nam
1862 2933 1961 2965 nimia
1974 2933 2072 2965 calcei
2088 2932 2275 2973 magnitudo
2288 2933 2428 2964 utentem

1388 2994 1523 3034 impedit
1543 3006 1551 3026 ε
1572 2993 1690 3034 opibus
1712 2994 1819 3025 autem
1836 2992 1886 3024 vel
1903 2991 2062 3024 universis
2078 2991 2129 3024 vel
2146 3000 2186 3024 ex
2211 2993 2300 3032 parte
2324 2990 2431 3030 aliqua

1387 3061 1448 3084 suo
1468 3055 1612 3093 tempore
1627 3052 1675 3084 uti
1694 3052 1779 3084 licet.

1430 3114 1480 3143 59.
1505 3111 1688 3151 Aristippus
1699 3110 1864 3142 mulierem
1881 3109 2057 3151 pulchram,
2069 3109 2124 3142 sed
2139 3118 2271 3150 parvam
2280 3107 2428 3150 intuitus,

1391 3172 1565 3206 Parvum,
1585 3169 1705 3210 inquit,
1722 3169 1872 3208 malum,
1887 3168 1948 3201 sed
1964 3176 2134 3207 maenum
2149 3167 2263 3201 decus.

1430 3231 1483 3259 60.
1508 3228 1707 3269 Aristippus,
1737 3227 1934 3268 Cyrenaicus
1961 3226 2190 3267 philosophus,
2213 3226 2429 3258 adolescentes

1387 3285 1574 3317 cohortatus
1595 3288 1662 3326 est,
1686 3288 1721 3318 ut
1747 3285 1903 3326 ejusmodi
1932 3285 2048 3317 viatica
2073 3285 2133 3317 sibi
2161 3286 2330 3326 pararent,
2354 3291 2428 3325 quae

1387 3344 1483 3375 etiam
1502 3353 1574 3376 cum
1591 3345 1754 3386 naufragis
1772 3353 1835 3376 una
1855 3345 1984 3385 possent
2000 3345 2139 3376 enatare.

1432 3405 1483 3434 61.
1509 3402 1694 3443 Aristippus
1714 3411 1813 3442 quum
1839 3401 2011 3440 aliquando
2041 3401 2215 3441 navigans,
2240 3400 2338 3432 fracta
2356 3408 2427 3432 sca-

1389 3460 1468 3501 pha,
1499 3461 1530 3492 in
1566 3463 1841 3501 Syracusanorum
1874 3461 1962 3493 littus
1997 3459 2115 3500 eJectus
2150 3462 2252 3499 esset,
2285 3459 2423 3500 primum
