2638 3840
330 246 464 275 vaux
1199 233 1267 271 DE
1297 231 1625 273 PROTAGORA.

330 323 667 362 nobilissimorum
692 322 892 360 hominum
911 320 1061 372 judicia
1085 319 1130 356 de
1149 332 1190 357 se
1210 319 1375 358 honori-
1433 329 1550 371 prout
1585 332 1754 371 praesens
1799 318 2026 370 reipublicae
2069 318 2243 357 conditio
2275 319 2477 370 postulare

331 382 583 420 licentissime
603 388 831 418 consecutus
852 388 921 417 est.
946 379 1192 429 Quapropter
1211 380 1376 417 Athenas
1433 379 1644 427 videretur,
1663 378 1803 429 partim
1817 386 1979 416 novaret
1993 377 2135 430 partim
2155 377 2372 428 abrogaret.
2390 378 2478 416 Cal·

330 454 508 492 quoque,
531 440 894 478 liberalissimorum
925 437 1142 476 studiorum
1163 437 1375 475 laudanda·
1433 437 1601 476 limacho
1617 437 1720 475 enim
1742 436 1925 475 archonte
1946 436 2135 488 primam,
2167 436 2361 475 Praxitele
2383 437 2479 475 alte-

328 513 493 550 rumque
523 499 698 537 omnium
730 499 867 536 artium
900 497 1162 544 domicilium,
1183 511 1228 535 ea
1251 506 1377 535 mente
1435 508 1517 533 ram
1553 494 1846 533 Atheniensium
1884 495 2102 542 coloniam,
2136 493 2249 544 cujus
2279 495 2413 546 Lysias
2442 504 2480 533 et

327 558 437 606 adiit,
457 567 500 596 ut
518 558 574 596 ibi
585 557 833 609 sophisticam
851 566 986 603 artem,
1002 556 1122 603 idest,
1143 556 1375 594 rhetoricam

327 631 415 655 cum
435 617 687 669 philosophia
706 615 966 666 conjunctam,
985 615 1246 666 profiteretur.
1271 616 1376 654 Con-

327 677 415 726 tigit
433 677 506 715 hoc
527 677 629 714 circa
649 675 918 726 Olympiadem
942 673 1213 724 octogesimam
1241 687 1376 713 secun-

325 734 414 773 dam
443 735 505 773 vel
536 748 680 773 annum
712 742 799 771 ante
833 733 924 771 Chr.
950 733 1041 778 451.
1063 732 1219 772 Primus
1250 742 1374 771 autem
1433 731 1597 769 eundem
1618 732 1745 769 locum
1769 731 1886 770 missa
1905 740 1977 772 est.
2000 731 2251 782 Nequaquam
2270 742 2366 768 vero
2387 729 2482 767 Pro-

327 793 551 831 Graecorum
568 791 826 844 philosophus
845 791 918 829 fuit
934 791 1002 842 qui
1022 791 1197 830 venalem
1216 791 1377 830 haberet
1434 798 1587 839 tagoras
1607 790 1778 828 civitatis
1807 790 1984 840 regendae
2003 790 2209 842 imperitus
2228 797 2324 836 erat,
2344 796 2388 827 ut
2409 790 2478 839 qui

1435 553 1654 592 Herodotus
1688 553 1899 605 participes
1923 554 2045 601 fuere,
2072 552 2244 591 Thurios
2278 553 2480 592 deductam

326 852 543 890 doctrinam
575 864 619 889 ac
651 850 867 888 mercedem
901 863 923 888 a
954 850 1161 902 discipulis
1186 851 1373 901 exigeret.
1435 862 1513 886 non
1536 850 1660 887 solum
1683 849 1838 887 virtutis
1862 858 1899 888 et
1926 849 2185 900 eloquentiae,
2207 861 2342 886 verum
2363 847 2481 886 etiam

1434 625 1518 651 esse
1544 621 1693 651 veteres
1727 613 1939 663 scriptores
1971 612 2122 650 docent.
2157 611 2229 649 llla
2260 611 2303 649 in
2335 624 2479 650 annum

1435 681 1522 710 ante
1541 672 1636 711 Chr.
1659 686 1698 711 n.
1733 673 1808 717 445
1839 672 1992 721 incidit,
2022 673 2104 710 haec
2132 670 2296 709 biennio
2331 678 2420 722 post
2438 670 2480 708 in

325 909 516 948 Poscebat
544 908 666 958 igitur
684 921 707 946 a
728 908 894 958 singulis
924 908 1172 948 auditoribus
1204 923 1277 961 pro
1304 910 1372 948 do·
1434 907 1660 958 reipublicae
1702 907 1801 945 bene
1830 907 2146 946 administrandae
2177 907 2406 957 magistrum
2440 919 2482 946 se

328 969 439 1006 cendi
461 967 596 1005 labore
617 975 795 1004 centenas
811 967 958 1015 minas,
978 981 1064 1018 quae
1087 968 1134 1006 ad
1153 977 1292 1007 nostrae
1309 982 1375 1020 pe-
1433 965 1696 1016 profiteretur.
1719 965 1853 1003 Testes
1873 974 1964 1003 sunt
1982 965 2061 1003 duo
2079 965 2164 1016 ejus
2184 964 2296 1012 libri,
2313 965 2410 1003 alter
2432 964 2481 1004 de

326 1027 450 1064 cuniae
461 1026 629 1064 rationes
639 1034 828 1063 revocatae
842 1026 919 1064 duo
935 1026 1013 1065 fere
1028 1027 1152 1065 millia
1166 1041 1374 1066 numm-um
1433 1023 1633 1075 republica
1646 1053 1656 1070 ‚
1681 1025 1776 1061 alter
1794 1023 1842 1061 de
1857 1024 2130 1074 antiquissima
2145 1037 2275 1063 rerum
2296 1023 2481 1075 publica=

324 1084 590 1136 imperialium
605 1084 795 1131 efficiunt,
810 1093 876 1122 aut
887 1084 1012 1136 majus
1029 1086 1144 1124 etiam
1159 1086 1376 1138 disciplinae
1434 1096 1519 1121 lum
1550 1084 1701 1121 ratione
1732 1083 1992 1134 compositus,
2018 1082 2066 1120 de
2085 1083 2227 1134 quibus
2259 1083 2363 1121 infra
2386 1096 2481 1133 age-

323 1144 493 1196 pretium
537 1145 727 1182 statuebat
765 1145 858 1194 (20).
892 1144 950 1182 Ad
987 1158 1101 1196 quem
1136 1146 1373 1184 audiendum
1435 1155 1535 1180 mus.
1568 1141 1672 1187 Quin
1706 1142 1823 1179 etiam
1858 1141 1914 1178 ita
1943 1141 2175 1179 exercitatus
2207 1142 2249 1179 in
2280 1140 2482 1192 republica

323 1217 442 1254 quum
487 1202 664 1241 discendi
715 1202 847 1253 cupidi
895 1202 1156 1242 adolescentes
1202 1204 1376 1255 undique
1434 1201 1654 1248 videbatur,
1674 1209 1716 1238 ut
1730 1202 1836 1239 Crito
1863 1200 2039 1238 libellum
2060 1200 2302 1252 Πρωταγόρας
2321 1199 2344 1247 ἢ
2363 1201 2480 1240 Πολι-

325 1262 493 1299 Athenas
514 1260 937 1310 confluerent,·ingens
964 1262 1226 1300 studiosorum
1250 1264 1375 1301 homi·
1432 1259 1525 1303 τικός
1544 1260 1774 1311 inscriptum
1795 1259 1926 1297 ederet
1949 1259 2042 1310 (23).
2069 1259 2177 1298 Adde
2197 1259 2302 1311 quod
2318 1260 2481 1312 Apollo·-

321 1335 414 1359 num
446 1333 629 1359 numerus
648 1319 734 1370 ejus
758 1320 909 1358 scholas
942 1320 1225 1371 frequentabat.
1262 1320 1369 1360 Nihil
1433 1320 1555 1359 dorus
1599 1319 1679 1371 (24)
1723 1319 1825 1371 apud
1863 1319 2075 1369 Diogenem
2089 1347 2099 1366 ,
2153 1319 2480 1370 quemadmodum

322 1380 427 1418 enim
448 1379 645 1430 antiquius
661 1378 887 1428 Protagorae
906 1379 953 1417 de
974 1393 1102 1417 rerum
1127 1388 1265 1417 natura
1285 1379 1369 1418 dis-
1434 1394 1552 1432 supra
1597 1379 1704 1427 dixi,
1743 1379 1848 1417 circa
1891 1378 2162 1430 Olympiadem
2203 1379 2479 1437 octogesimam

321 1437 588 1489 putationibus
609 1436 843 1487 dicendique
869 1450 913 1475 ac
939 1437 1198 1489 philosophiae
1230 1451 1374 1489 praece·
1433 1448 1607 1489 quartam
1642 1437 1810 1475 maxime
1837 1437 2019 1475 floruisse
2049 1437 2302 1487 Protagoram
2339 1437 2476 1486 tradit,

322 1498 401 1548 ptis
414 1496 657 1548 judicabant.
679 1495 808 1540 Quid?
829 1495 934 1545 quod
951 1496 1066 1533 etiam
1088 1496 1135 1534 de
1154 1497 1298 1546 linguae
1319 1497 1373 1534 le·
1434 1498 1518 1536 sine
1537 1497 1660 1535 dubio
1688 1505 1840 1548 tempus
1869 1496 2088 1547 disciplinae
2115 1495 2385 1536 Thurinorum
2408 1510 2480 1548 per

322 1557 437 1607 gibus
471 1565 508 1594 et
541 1564 621 1593 arte
654 1555 906 1605 grammatica
937 1564 1019 1592 tum
1060 1555 1254 1594 subtiliter
1291 1564 1371 1594 tum
1433 1557 1545 1595 illum
1567 1556 1719 1606 legibus
1741 1556 1909 1594 astrictae
1928 1555 2168 1605 significans.
2188 1556 2478 1607 Apollodorum

322 1617 479 1667 copiose
494 1613 721 1653 disserebat.
740 1614 869 1659 Quum
890 1627 983 1652 vero
1004 1614 1067 1652 his
1090 1615 1240 1664 ingenii
1261 1614 1370 1652 doti-
1435 1616 1611 1666 sequitur
1641 1614 1833 1653 Eusebius
1857 1615 1899 1652 in
1918 1614 2123 1652 Chronicis
2152 1615 2324 1653 secundo
2343 1615 2478 1666 Olym-

321 1674 395 1713 bus
413 1674 631 1719 excelleret,
652 1672 764 1711 brevi
776 1673 942 1712 Periclis
959 1672 1273 1712 benevolentiam
1296 1673 1370 1712 sibi

323 1733 562 1771 conciliavit.
611 1733 764 1771 Etenim
784 1732 955 1770 Pericles
982 1741 1063 1770 tum
1090 1732 1371 1784 rempublicam

322 1790 642 1840 administrabat,
664 1790 759 1828 belli
787 1792 972 1842 pacisque
1005 1791 1155 1830 artibus
1188 1792 1372 1843 princeps

321 1850 503 1901 idemque
523 1849 766 1888 eruditorum
794 1850 995 1887 hominum
1022 1851 1160 1888 fautor.
1192 1851 1371 1889 Familia·

322 1909 477 1947 rissime
498 1918 624 1947 autem
646 1908 819 1959 sophista
834 1921 921 1947 eum
942 1923 1053 1947 usum
1075 1923 1159 1948 esse
1186 1910 1371 1960 intelligi-

323 1976 385 2005 tur
404 1981 451 2006 ex
467 1968 535 2006 illa
550 1967 843 2005 narratiuncula
857 1981 971 2018 quam
998 1968 1112 2006 habet
1135 1968 1367 2007 Plutarchus

326 2025 406 2080 (αι)
426 2028 467 2064 in
484 2027 569 2077 ejus
582 2026 677 2063 vita.
698 2025 842 2063 Ferunt
860 2026 963 2063 enim
980 2026 1150 2064 civitatis
1164 2036 1369 2075 rectorem,

322 2099 440 2135 quum
460 2084 710 2135 quinquertio
726 2083 883 2134 quidam
895 2083 1108 2135 Epitimum
1126 2085 1368 2124 Pharsalium

317 2143 450 2194 jaculo
469 2144 615 2182 invitus
634 2143 852 2188 occidisset,
892 2157 977 2181 cum
1011 2144 1224 2194 Protagora
1247 2154 1370 2184 totum

321 2203 423 2240 diem
456 2202 690 2253 disputando
720 2202 768 2240 de
800 2202 936 2240 mortis
967 2202 1081 2240 istius
1106 2216 1221 2241 causa
1251 2213 1288 2241 et
1309 2217 1372 2242 au-

322 2270 428 2299 ctore
443 2262 715 2300 consumsisse.
733 2260 969 2306 Quaerebant
979 2262 1161 2300 videlicet
1171 2262 1368 2314 jaculone,

320 2332 369 2356 an
389 2319 683 2370 quinquertioni
699 2349 709 2366 ‚
735 2333 783 2357 an
803 2319 1056 2357 certaminum
1081 2320 1242 2360 arbitris
1257 2335 1372 2361 causa

1432 1741 1528 1771 stam
1543 1741 1725 1779 statuens,
1740 1741 1854 1782 atque
1873 1732 1914 1769 in
1926 1732 2059 1770 eadem
2074 1733 2263 1770 sententia
2278 1731 2483 1784 Syncellus

1433 1805 1588 1843 quoque
1605 1801 1662 1830 est
1679 1792 1896 1841 Chronogr.
1917 1805 1958 1842 p.
1977 1793 2054 1836 248
2080 1792 2127 1830 A.
2146 1791 2275 1837 Quum
2296 1792 2418 1842 igitur
2438 1793 2480 1831 in

1432 1851 1581 1890 Italiam
1612 1852 1675 1889 vir
1703 1860 1740 1889 et
1766 1850 1906 1889 studiis
1925 1850 2114 1888 doctrinae
2134 1859 2172 1888 et
2193 1851 2363 1901 regenda
2381 1851 2480 1891 civi-

1432 1917 1508 1946 tate
1539 1908 1723 1960 princeps
1750 1908 1952 1960 profectus
1983 1917 2098 1955 esset,
2137 1918 2350 1960 procurato
2376 1911 2481 1962 quod

1432 1968 1469 2005 ei
1491 1967 1660 2005 Pericles
1675 1967 1832 2005 dederat
1846 1967 2003 2017 negotio
2017 1997 2028 2018 ,
2043 1967 2261 2006 Siculorum
2280 1968 2479 2009 rhetorum

1432 2025 1590 2064 Coracis
1603 2035 1641 2064 et
1653 2026 1772 2079 [l'isiae
1790 2026 1915 2075 gloria
1931 2035 2072 2075 motus,
2090 2035 2132 2064 ut
2142 2041 2228 2066 mea
2242 2029 2316 2066 fert
2328 2029 2479 2080 opinio,

1437 2085 1613 2123 Siciliam
1631 2086 1753 2136 petiit.
1786 2085 1978 2131 Quamvis
1999 2087 2099 2124 enim
2116 2095 2227 2125 antea
2243 2086 2327 2138 jam
2347 2088 2478 2126 dicere

1433 2145 1613 2196 coepisset
1655 2144 1920 2183 adolescentes
1960 2145 2101 2183 docere
2143 2153 2181 2182 et
2232 2145 2478 2196 prudentiam

1432 2217 1519 2242 cum
1539 2203 1763 2254 eloquentia
1795 2203 2037 2254 conjungere
2074 2216 2084 2242 :
2115 2213 2246 2242 tamen
2267 2203 2368 2242 nihil
2399 2204 2480 2243 nisi

1432 2276 1562 2301 rerum
1582 2262 1795 2300 illustrium
1828 2262 2111 2330 disputationes
2138 2263 2224 2300 sive
2242 2262 2352 2301 locos
2371 2276 2481 2301 com-

1432 2334 1568 2359 munes
1588 2322 1816 2373 scripserat,
1839 2321 1984 2372 quibus
1998 2323 2065 2372 qui
2078 2334 2123 2359 οι
2124 2321 2274 2360 ationes
2285 2320 2478 2360 haberent

1431 2382 1688 2432 uterentur(2
1668 2381 1746 2431 25).
1783 2381 1815 2417 A
1848 2380 1991 2418 Corace
2017 2394 2110 2431 ergo
2140 2389 2179 2419 et
2205 2380 2342 2428 Tisia,
2384 2381 2480 2420 artis

1432 2440 1613 2477 oratoriae
1632 2439 1922 2487 inventoribus,
1953 2452 2086 2477 veram
2121 2439 2276 2478 dicendi
2297 2439 2480 2490 discipli-

1433 2511 1523 2535 nam
1559 2498 1813 2547 Protagoram
1846 2499 1888 2536 in
1908 2497 2044 2536 Sicilia
2075 2499 2270 2550 accepisse
2289 2498 2475 2550 conjicio.

321 2378 458 2416 mortis
474 2378 616 2416 rectius
636 2377 930 2427 attribueretur.
947 2378 1064 2416 Dedit
1088 2388 1279 2429 praeterea
1297 2381 1369 2419 Pe·

321 2437 434 2474 ricles
452 2437 661 2474 maximum
686 2436 824 2487 quanti
855 2437 1108 2486 Protagoram
1142 2431 1282 2476 faceret
1300 2439 1371 2476 do-

322 2504 539 2532 cumentum
562 2504 701 2545 quarto
718 2495 964 2546 Olympiadis
983 2496 1228 2546 octogesimae
1246 2498 1369 2536 tertiae

324 2566 426 2590 anno
442 2554 503 2591 vel
525 2562 612 2590 ante
628 2553 719 2593 Chr.
745 2553 836 2598 445.
858 2553 1013 2606 Quippe
1040 2556 1187 2594 colonis
1210 2569 1256 2594 eo
1273 2566 1372 2595 tem·
1435 2557 1511 2596 Diu
1541 2566 1667 2595 autem
1699 2557 1740 2594 in
1760 2557 1840 2595 illis
1860 2556 2087 2606 regionibus
2108 2557 2193 2596 fuit.
2232 2558 2384 2595 Etenim
2407 2557 2478 2596 vix

323 2625 420 2662 pore
439 2625 487 2649 ex
508 2612 799 2650 Atheniensium
815 2615 912 2651 urbe
930 2615 1101 2653 Thurios
1116 2616 1369 2666 proficiscen·
1432 2625 1520 2654 ante
1558 2615 1768 2654 secundum
1805 2615 2040 2667 olympiadis
2074 2617 2318 2666 octogesimae
2362 2625 2480 2654 sextae

324 2671 429 2708 tibus
443 2679 508 2708 aut
525 2684 652 2709 comes
669 2671 872 2721 adjunctus
890 2681 948 2710 est
965 2673 1196 2723 Protagoras
1212 2684 1277 2713 aut
1293 2676 1373 2714 dux
1401 2686 1404 2715 1
1431 2687 1580 2712 annum
1597 2675 1657 2713 vel
1682 2683 1769 2713 ante
1785 2674 1877 2712 Chr
1899 2675 1974 2719 435
1994 2674 2207 2726 sophistam
2228 2673 2341 2712 Italia
2355 2683 2393 2712 et
2413 2674 2479 2713 Si-

325 2729 553 2780 praefectus,
577 2742 622 2767 eo
645 2730 811 2768 consilio
835 2740 876 2768 ut
897 2730 1086 2770 Thurinis
1104 2733 1207 2782 leges
1228 2734 1372 2772 scribe·
1402 2755 1404 2781 Ι
1432 2734 1521 2771 cilia
1549 2733 1716 2781 relictis,
1748 2733 1819 2771 ubi
1856 2746 2033 2784 magnam
2061 2734 2215 2772 laudem
2246 2744 2478 2774 consecutus

324 2797 395 2829 ret.
418 2788 476 2826 vel
498 2788 627 2838 potius
649 2796 690 2825 ut
714 2797 862 2827 veteres
889 2789 1103 2828 Charondae
1129 2790 1206 2844 (22)
1239 2793 1366 2842 leges,
1402 2784 1404 2829 Ι
1431 2802 1527 2840 erat,
1549 2793 1752 2844 repetiisse
1780 2792 1971 2830 Graeciam
1997 2792 2205 2844 probabile
2224 2802 2294 2832 est.
2318 2793 2479 2839 Quaeri-

325 2937 583 2976 cognominatum
598 2946 668 2969 esse
682 2940 839 2970 testantur
849 2939 962 2971 Suidas
975 2949 1007 2973 v.
1024 2942 1213 2985 Δημόκριτος
1221 2946 1252 2976 et
1266 2944 1367 2977 Clem.
1430 2953 1481 2980 τος
1495 2967 1504 2982 ,
1520 2943 1635 2984 ἡμέραν
1649 2942 1722 2980 ὅὶην
1739 2943 1902 2974 ἀναλῶσαι
1928 2943 2006 2983 μετὰ
2019 2943 2234 2986 Πρωταγόρου
2250 2945 2476 2987 διαποροῦντα,

325 2985 415 3016 Alex.
440 2988 563 3017 Strom.
592 2985 647 3017 lib.
676 2987 718 3017 VI
744 2995 775 3026 p.
806 2989 863 3018 631
894 2990 935 3019 D.
965 3006 1004 3011 —-
1032 2990 1095 3029 (20)
1087 2990 1213 3028 )Plat0
1241 2993 1368 3031 l’rotag.
1430 2991 1559 3032 πότερον
1579 2991 1616 3023 τὸ
1632 2990 1819 3031 ἂκὸντιον,ἢ
1835 2991 1888 3023 τὸν
1900 2991 2052 3032 βυθόντα,
2067 2993 2086 3030 ἢ
2103 2992 2173 3028 τοὺς
2189 2992 2382 3030 ἀγωνοθέτας
2394 2991 2476 3024 κατὰ

327 3042 358 3072 p.
385 3034 447 3064 -349
474 3034 524 3064 Α·
550 3032 589 3063 σύ
611 3032 641 3072 γ’
670 3031 842 3072 ἀναφανδὸν
880 3035 1009 3066 σεαυτὸν
1034 3037 1304 3078 ὑποκηρυξάμενος
1328 3039 1369 3075 εἷς
1429 3039 1483 3071 τὸν
1510 3039 1675 3080 ὀρθότατον
1699 3037 1791 3078 λόγον
1820 3038 1939 3074 αἰτίους
1967 3039 2028 3080 χρὴ
2046 3041 2102 3070 τοῦ
2126 3039 2242 3076 πάθους
2258 3041 2412 3080 ἡγεῖσθαι.
2431 3056 2475 3063 —-

325 3079 439 3114 πάντας
451 3077 522 3114 τοὺς
535 3077 698 3116 Ἕλληνας,
714 3079 862 3118 σοφιστὴν
873 3079 1087 3122 ἐπονομάσας,
1103 3085 1233 3116 σεαυτὸν
1250 3084 1368 3124 ἀπέφη·
1431 3086 1497 3127 (22)
1525 3086 1607 3118 Vide
1628 3094 1702 3126 quae
1733 3094 1831 3126 supra
1866 3085 2009 3117 diximus
2036 3085 2077 3117 de
2106 3085 2286 3118 Charonda.
2316 3086 2407 3119 Adde
2435 3086 2472 3118 1..

325 3135 377 3161 vce:
392 3124 581 3160 παιδεύσεως
595 3125 646 3155 καὶ
660 3124 768 3165 ἀρετῆς
781 3125 979 3166 διδάσκαὶον,
1000 3131 1119 3169 πρῶτος
1133 3131 1244 3162 τούτο.)
1261 3131 1370 3170 μισθὸν
1430 3133 1575 3166 Schilleri
1590 3136 1623 3166 et
1635 3133 1696 3166 Th.
1718 3132 1844 3165 Miilleri
1867 3132 1907 3165 de
1925 3132 2142 3164 Thurinorum
2165 3132 2264 3171 rebus
2280 3132 2473 3174 disputatio-

326 3172 461 3226 ἀξιωοας
481 3171 639 3226 ἅφνυσραι.
656 3171 747 3211 Diog.
763 3172 947 3227 Laert311b.
969 3175 1014 3206 lX
1025 3198 1034 3214 ,
1057 3178 1094 3206 52
1118 3189 1124 3207 :
1143 3176 1231 3212 οὗτος
1249 3179 1369 3218 πρῶτος
1431 3189 1489 3213 nes
1503 3181 1666 3222 Gottingae
1681 3182 1760 3214 1838
1772 3180 1998 3222 promulgatas.
2011 3179 2170 3219 Diogenes
2183 3180 2330 3212 Laertius
2347 3179 2403 3212 lib.
2415 3181 2473 3219 lx,

329 3220 436 3272 unctio-t
454 3218 655 3258 εἰσεπραξατο
683 3221 759 3258 μνᾶς
789 3219 917 3275 ἑκατον.
948 3239 987 3246 -
1005 3222 1070 3262 (21)
1099 3223 1292 3259 Plutarchus
1309 3225 1365 3257 vit..
1431 3232 1495 3260 50:
1514 3228 1723 3270 Πρωταγόρας
1796 3227 1991 3269 Ἇόδηρίτης,
2012 3227 2092 3259 καθά
2120 3238 2212 3268 φησιν
2235 3227 2439 3268 Ἡρακλείδης
2456 3229 2474 3259 ὁ

328 3266 439 3297 Pericl.
457 3274 525 3306 cap.
544 3268 583 3298 36
600 3274 608 3293 t
625 3266 662 3298 τὸ
677 3266 709 3297 δὲ
724 3276 880 3307 μειρακιον
897 3267 914 3298 ὁ
929 3267 1106 3305 Ξάνθιππος
1120 3269 1168 3301 ἐπὶ
1190 3271 1290 3312 τούτῳ
1306 3283 1365 3313 χα-
1429 3276 1581 3311 Ποντικὸς
1602 3276 1633 3307 ἐν
1651 3279 1716 3314 τοῖς
1727 3276 1797 3317 περὶ
1818 3274 1922 3316 νόμων
1935 3298 1944 3314 ,
1959 3274 1992 3312 ὃς
2005 3274 2058 3306 καὶ
2076 3274 2218 3316 Θουρίοις
2232 3275 2343 3314 νόμους
2355 3274 2474 3316 γράψαι

327 3315 426 3349 λεπῶς
448 3314 593 3350 διατεθεὶς
614 3313 759 3355 ἐλοιδόρει
779 3314 833 3346 τὸν
850 3315 983 3357 πατέρα,
1003 3320 1125 3358 πρῶτον
1146 3318 1200 3355 μὲν
1227 3319 1364 3361 ἐκφέρων
1430 3322 1520 3362 φησὶν
1541 3323 1647 3355 αὐτόν.
1663 3340 1703 3346 -—-
1732 3323 1796 3363 (23)
1824 3322 1983 3362 Diogenes
2010 3322 2155 3354 Laertius
2179 3321 2235 3353 lib.
2266 3323 2310 3361 Π,
2342 3324 2413 3354 121.
2433 3341 2474 3351 ..-

327 3362 377 3392 ἐπὶ
401 3362 512 3402 γέλωτι
531 3362 585 3398 τὰς
612 3361 693 3393 οἶκοι
716 3361 875 3402 διατριὸὰς
892 3362 1008 3403 αὐτοῦ,
1028 3364 1081 3395 καὶ
1100 3366 1169 3400 τοὺς
1186 3365 1296 3405 >eiwons
1317 3366 1368 3401 οὓς
1430 3371 1495 3409 (24)
1531 3370 1688 3409 Diogenes
1715 3369 1861 3403 Laertius
1894 3369 1956 3401 lib.
1988 3370 2046 3408 IX,
2079 3373 2118 3401 56
2148 3381 2156 3401 :
2182 3368 2408 3410 Ἀπολὶόδωρος
2437 3369 2472 3402 δέ

328 3408 424 3439 ἐποίει
453 3408 531 3449 μετὰ
553 3412 615 3440 τῶν
632 3412 798 3450 σοφιστῶν.
845 3409 1018 3442 [lenimen
1048 3411 1106 3450 γάρ
1131 3423 1209 3448 τινος
1233 3412 1369 3454 ἀκοντίῳ
1429 3426 1551 3455 φησιν-.
1558 3416 1742 3458 ..ἀκμάζειν
1761 3415 1891 3459 [αὐτὸν]
1913 3417 1993 3448 κατὰ
2019 3417 2074 3454 τὴν
2090 3415 2234 3458 τετάρτην
2253 3417 2306 3447 καὶ
2326 3415 2474 3456 ὀγδοηκο-

328 3456 516 3492 πατάξαντος
532 3456 694 3497 Ἐπίτιμον
710 3457 762 3489 τὸν
774 3456 981 3499 &apamiam
968 3458 1141 3500 ακουσίως,
1155 3460 1207 3491 καὶ
1226 3460 1367 3493 κτείναν-
1396 3473 1404 3497 ι
1429 3462 1505 3500 στήν
1520 3462 1706 3504 ὀλυμπιάδα.
1729 3484 1769 3490 -
1788 3463 1855 3506 (25)
1868 3463 1950 3497 Vide
1966 3463 2223 3496 dissertationem
2240 3463 2281 3496 de
2300 3462 2473 3504 sophistis.

1431 1674 1560 1726 piadis
1579 1674 1824 1724 octogesimae
1852 1682 2000 1724 quartae
2027 1686 2130 1711 anno
2150 1674 2326 1723 viguisse
2347 1675 2481 1725 sophi·
2538 1687 2549 1698 ⁹
