<?xml version="1.0" encoding="UTF-8"?>
<!DOCTYPE html PUBLIC "-//W3C//DTD XHTML 1.0 Transitional//EN"
    "http://www.w3.org/TR/xhtml1/DTD/xhtml1-transitional.dtd">
<html xmlns="http://www.w3.org/1999/xhtml" xml:lang="en" lang="en">
 <head>
  <title>
</title>
<meta http-equiv="Content-Type" content="text/html;charset=utf-8" />
  <meta name='ocr-system' content='tesseract 3.04.00' />
  <meta name='ocr-capabilities' content='ocr_page ocr_carea ocr_par ocr_line ocrx_word'/>
</head>
<body>
  <div class='ocr_page' id='page_1' title='image "./fragmentaphiloso02mulluoft_0348.png"; bbox 0 0 2606 3828; ppageno 0'>
   <div class='ocr_carea' id='block_1_1' title="bbox 345 236 423 270">
    <p class='ocr_par' dir='ltr' id='par_1_1' title="bbox 345 236 423 270">
     <span class='ocr_line' id='line_1_1' title="bbox 345 236 423 270; baseline 0 0"><span class='ocrx_word' id='word_1_1' title='bbox 345 236 423 270; x_wconf 68' lang='lat'><strong>240</strong></span> 
     </span>
    </p>
   </div>
   <div class='ocr_carea' id='block_1_2' title="bbox 323 312 1372 2950">
    <p class='ocr_par' dir='ltr' id='par_1_2' title="bbox 330 312 1372 1118">
     <span class='ocr_line' id='line_1_2' title="bbox 339 312 1369 358; baseline -0.006 -8"><span class='ocrx_word' id='word_1_2' title='bbox 339 325 427 358; x_wconf 81' lang='lat' dir='ltr'><strong>paam</strong></span> <span class='ocrx_word' id='word_1_3' title='bbox 466 316 621 350; x_wconf 87' lang='lat' dir='ltr'><strong>rationem</strong></span> <span class='ocrx_word' id='word_1_4' title='bbox 662 315 847 349; x_wconf 74' lang='lat' dir='ltr'><strong>trahendam</strong></span> <span class='ocrx_word' id='word_1_5' title='bbox 871 323 970 355; x_wconf 84' lang='lat' dir='ltr'><strong>usque</strong></span> <span class='ocrx_word' id='word_1_6' title='bbox 1003 313 1043 345; x_wconf 88' lang='lat' dir='ltr'><strong>ad</strong></span> <span class='ocrx_word' id='word_1_7' title='bbox 1072 313 1287 353; x_wconf 78' lang='lat' dir='ltr'><strong>intelligentiae</strong></span> <span class='ocrx_word' id='word_1_8' title='bbox 1317 312 1369 345; x_wconf 90' lang='lat' dir='ltr'><strong>lu-</strong></span> 
     </span>
     <span class='ocr_line' id='line_1_3' title="bbox 336 372 1371 417; baseline -0.005 -7"><span class='ocrx_word' id='word_1_9' title='bbox 336 386 417 410; x_wconf 85' lang='lat' dir='ltr'><strong>cem.</strong></span> <span class='ocrx_word' id='word_1_10' title='bbox 463 376 597 409; x_wconf 80' lang='lat' dir='ltr'><strong>Difficile</strong></span> <span class='ocrx_word' id='word_1_11' title='bbox 626 385 704 417; x_wconf 89' lang='lat' dir='ltr'><strong>opus</strong></span> <span class='ocrx_word' id='word_1_12' title='bbox 724 375 869 412; x_wconf 86' lang='lat' dir='ltr'><strong>omnino,</strong></span> <span class='ocrx_word' id='word_1_13' title='bbox 899 374 946 405; x_wconf 91' lang='lat' dir='ltr'><strong>vel</strong></span> <span class='ocrx_word' id='word_1_14' title='bbox 974 372 1117 413; x_wconf 82' lang='lat' dir='ltr'><strong>assequi,</strong></span> <span class='ocrx_word' id='word_1_15' title='bbox 1150 372 1239 411; x_wconf 86' lang='lat' dir='ltr'><strong>longe</strong></span> <span class='ocrx_word' id='word_1_16' title='bbox 1264 373 1371 405; x_wconf 89' lang='lat' dir='ltr'><strong>tamen</strong></span> 
     </span>
     <span class='ocr_line' id='line_1_4' title="bbox 336 431 1372 474; baseline -0.004 -7"><span class='ocrx_word' id='word_1_17' title='bbox 336 436 507 474; x_wconf 66' lang='lat' dir='ltr'><strong>«inilicitum,</strong></span> <span class='ocrx_word' id='word_1_18' title='bbox 532 435 692 467; x_wconf 84' lang='lat' dir='ltr'><strong>declarare</strong></span> <span class='ocrx_word' id='word_1_19' title='bbox 714 443 749 465; x_wconf 90' lang='lat' dir='ltr'><strong>ac</strong></span> <span class='ocrx_word' id='word_1_20' title='bbox 773 434 894 465; x_wconf 78' lang='lat' dir='ltr'><strong>(locere.</strong></span> <span class='ocrx_word' id='word_1_21' title='bbox 940 431 1023 463; x_wconf 81' lang='lat' dir='ltr'><strong>Talis</strong></span> <span class='ocrx_word' id='word_1_22' title='bbox 1052 431 1168 471; x_wconf 92' lang='lat' dir='ltr'><strong>quippe</strong></span> <span class='ocrx_word' id='word_1_23' title='bbox 1189 433 1303 462; x_wconf 89' lang='lat' dir='ltr'><strong>natura</strong></span> <span class='ocrx_word' id='word_1_24' title='bbox 1324 433 1372 463; x_wconf 83' lang='lat' dir='ltr'><strong>est</strong></span> 
     </span>
     <span class='ocr_line' id='line_1_5' title="bbox 337 488 1371 534; baseline -0.007 -7"><span class='ocrx_word' id='word_1_25' title='bbox 337 494 516 532; x_wconf 83' lang='lat' dir='ltr'><strong>initiorum;</strong></span> <span class='ocrx_word' id='word_1_26' title='bbox 542 503 614 534; x_wconf 87' lang='lat' dir='ltr'><strong>quae</strong></span> <span class='ocrx_word' id='word_1_27' title='bbox 645 502 747 533; x_wconf 80' lang='lat' dir='ltr'><strong>neque</strong></span> <span class='ocrx_word' id='word_1_28' title='bbox 779 490 934 531; x_wconf 87' lang='lat' dir='ltr'><strong>exemplis</strong></span> <span class='ocrx_word' id='word_1_29' title='bbox 973 489 1203 528; x_wconf 86' lang='lat' dir='ltr'><strong>demonstrari,</strong></span> <span class='ocrx_word' id='word_1_30' title='bbox 1227 488 1371 521; x_wconf 88' lang='lat' dir='ltr'><strong>nondum</strong></span> 
     </span>
     <span class='ocr_line' id='line_1_6' title="bbox 335 546 1370 593; baseline -0.005 -10"><span class='ocrx_word' id='word_1_31' title='bbox 335 551 397 592; x_wconf 87' lang='lat' dir='ltr'><strong>his,</strong></span> <span class='ocrx_word' id='word_1_32' title='bbox 420 562 492 593; x_wconf 73' lang='lat' dir='ltr'><strong>qum</strong></span> <span class='ocrx_word' id='word_1_33' title='bbox 507 552 545 584; x_wconf 87' lang='lat' dir='ltr'><strong>ad</strong></span> <span class='ocrx_word' id='word_1_34' title='bbox 562 551 743 592; x_wconf 76' lang='lat' dir='ltr'><strong>exemplum</strong></span> <span class='ocrx_word' id='word_1_35' title='bbox 767 550 1004 589; x_wconf 77' lang='lat' dir='ltr'><strong>comparentur,</strong></span> <span class='ocrx_word' id='word_1_36' title='bbox 1026 546 1273 587; x_wconf 82' lang='lat' dir='ltr'><strong>exsistentibus,</strong></span> <span class='ocrx_word' id='word_1_37' title='bbox 1294 556 1370 587; x_wconf 86' lang='lat' dir='ltr'><strong>pos·</strong></span> 
     </span>
     <span class='ocr_line' id='line_1_7' title="bbox 334 606 1370 652; baseline -0.007 -8"><span class='ocrx_word' id='word_1_38' title='bbox 334 613 398 651; x_wconf 71' lang='lat' dir='ltr'><strong>sit,</strong></span> <span class='ocrx_word' id='word_1_39' title='bbox 428 621 487 643; x_wconf 87' lang='lat' dir='ltr'><strong>nec</strong></span> <span class='ocrx_word' id='word_1_40' title='bbox 514 621 552 643; x_wconf 83' lang='lat' dir='ltr'><strong>ex</strong></span> <span class='ocrx_word' id='word_1_41' title='bbox 584 610 774 652; x_wconf 84' lang='lat' dir='ltr'><strong>praecedenti</strong></span> <span class='ocrx_word' id='word_1_42' title='bbox 804 609 927 640; x_wconf 82' lang='lat' dir='ltr'><strong>ratione</strong></span> <span class='ocrx_word' id='word_1_43' title='bbox 953 606 1058 646; x_wconf 88' lang='lat' dir='ltr'><strong>aliqua</strong></span> <span class='ocrx_word' id='word_1_44' title='bbox 1086 606 1239 638; x_wconf 86' lang='lat' dir='ltr'><strong>intimari.</strong></span> <span class='ocrx_word' id='word_1_45' title='bbox 1284 606 1370 638; x_wconf 87' lang='lat' dir='ltr'><strong>Nihil</strong></span> 
     </span>
     <span class='ocr_line' id='line_1_8' title="bbox 334 664 1370 711; baseline -0.005 -11"><span class='ocrx_word' id='word_1_46' title='bbox 334 670 451 711; x_wconf 88' lang='lat' dir='ltr'><strong>quippe</strong></span> <span class='ocrx_word' id='word_1_47' title='bbox 473 669 592 709; x_wconf 83' lang='lat' dir='ltr'><strong>origine</strong></span> <span class='ocrx_word' id='word_1_48' title='bbox 614 669 784 709; x_wconf 87' lang='lat' dir='ltr'><strong>antiquius.</strong></span> <span class='ocrx_word' id='word_1_49' title='bbox 830 666 890 698; x_wconf 87' lang='lat' dir='ltr'><strong>Sed</strong></span> <span class='ocrx_word' id='word_1_50' title='bbox 914 666 1052 697; x_wconf 82' lang='lat' dir='ltr'><strong>obscura</strong></span> <span class='ocrx_word' id='word_1_51' title='bbox 1077 664 1219 705; x_wconf 90' lang='lat' dir='ltr'><strong>quadam</strong></span> <span class='ocrx_word' id='word_1_52' title='bbox 1239 664 1370 696; x_wconf 88' lang='lat' dir='ltr'><strong>luminis</strong></span> 
     </span>
     <span class='ocr_line' id='line_1_9' title="bbox 335 723 1369 770; baseline -0.005 -10"><span class='ocrx_word' id='word_1_53' title='bbox 335 728 593 770; x_wconf 76' lang='lat' dir='ltr'><strong>praesumptione,</strong></span> <span class='ocrx_word' id='word_1_54' title='bbox 613 735 675 758; x_wconf 93' lang='lat' dir='ltr'><strong>non</strong></span> <span class='ocrx_word' id='word_1_55' title='bbox 694 727 727 758; x_wconf 89' lang='lat' dir='ltr'><strong>ut</strong></span> <span class='ocrx_word' id='word_1_56' title='bbox 747 724 822 766; x_wconf 90' lang='lat' dir='ltr'><strong>quid</strong></span> <span class='ocrx_word' id='word_1_57' title='bbox 843 725 883 756; x_wconf 85' lang='lat' dir='ltr'><strong>sit</strong></span> <span class='ocrx_word' id='word_1_58' title='bbox 902 725 1051 765; x_wconf 85' lang='lat' dir='ltr'><strong>explices,</strong></span> <span class='ocrx_word' id='word_1_59' title='bbox 1074 724 1129 756; x_wconf 90' lang='lat' dir='ltr'><strong>sed</strong></span> <span class='ocrx_word' id='word_1_60' title='bbox 1155 725 1267 756; x_wconf 86' lang='lat' dir='ltr'><strong>contra</strong></span> <span class='ocrx_word' id='word_1_61' title='bbox 1289 723 1369 755; x_wconf 88' lang='lat' dir='ltr'><strong>sub-</strong></span> 
     </span>
     <span class='ocr_line' id='line_1_10' title="bbox 334 782 1367 827; baseline -0.005 -8"><span class='ocrx_word' id='word_1_62' title='bbox 334 786 421 827; x_wconf 87' lang='lat' dir='ltr'><strong>latis,</strong></span> <span class='ocrx_word' id='word_1_63' title='bbox 443 795 515 827; x_wconf 77' lang='lat' dir='ltr'><strong>qum</strong></span> <span class='ocrx_word' id='word_1_64' title='bbox 537 788 628 824; x_wconf 88' lang='lat' dir='ltr'><strong>sunt,</strong></span> <span class='ocrx_word' id='word_1_65' title='bbox 654 783 806 824; x_wconf 85' lang='lat' dir='ltr'><strong>singulis,</strong></span> <span class='ocrx_word' id='word_1_66' title='bbox 826 782 911 824; x_wconf 88' lang='lat' dir='ltr'><strong>quod</strong></span> <span class='ocrx_word' id='word_1_67' title='bbox 946 783 1050 815; x_wconf 88' lang='lat' dir='ltr'><strong>solnm</strong></span> <span class='ocrx_word' id='word_1_68' title='bbox 1086 784 1242 823; x_wconf 82' lang='lat' dir='ltr'><strong>remanet,</strong></span> <span class='ocrx_word' id='word_1_69' title='bbox 1263 782 1367 823; x_wconf 88' lang='lat' dir='ltr'><strong>ipsum</strong></span> 
     </span>
     <span class='ocr_line' id='line_1_11' title="bbox 333 841 1368 885; baseline -0.004 -8"><span class='ocrx_word' id='word_1_70' title='bbox 333 854 415 884; x_wconf 75' lang='lat' dir='ltr'><strong>esso,</strong></span> <span class='ocrx_word' id='word_1_71' title='bbox 444 844 529 885; x_wconf 87' lang='lat' dir='ltr'><strong>quod</strong></span> <span class='ocrx_word' id='word_1_72' title='bbox 550 843 713 884; x_wconf 73' lang='lat' dir='ltr'><strong>quaeritur,</strong></span> <span class='ocrx_word' id='word_1_73' title='bbox 737 841 975 882; x_wconf 80' lang='lat' dir='ltr'><strong>intelligendum</strong></span> <span class='ocrx_word' id='word_1_74' title='bbox 1002 841 1167 882; x_wconf 82' lang='lat' dir='ltr'><strong>relinquas</strong></span> <span class='ocrx_word' id='word_1_75' title='bbox 1194 850 1201 870; x_wconf 75' lang='grc' dir='ltr'><em>τ</em></span> <span class='ocrx_word' id='word_1_76' title='bbox 1225 841 1287 873; x_wconf 86' lang='lat' dir='ltr'><strong>hoc</strong></span> <span class='ocrx_word' id='word_1_77' title='bbox 1305 843 1368 881; x_wconf 85' lang='lat' dir='ltr'><strong>est,</strong></span> 
     </span>
     <span class='ocr_line' id='line_1_12' title="bbox 335 899 1371 942; baseline -0.003 -7"><span class='ocrx_word' id='word_1_78' title='bbox 335 906 369 935; x_wconf 86' lang='lat' dir='ltr'><strong>nt</strong></span> <span class='ocrx_word' id='word_1_79' title='bbox 391 902 547 935; x_wconf 79' lang='lat' dir='ltr'><strong>universis</strong></span> <span class='ocrx_word' id='word_1_80' title='bbox 565 901 762 942; x_wconf 69' lang='lat' dir='ltr'><strong>corporibus,</strong></span> <span class='ocrx_word' id='word_1_81' title='bbox 793 909 866 942; x_wconf 87' lang='lat' dir='ltr'><strong>quae</strong></span> <span class='ocrx_word' id='word_1_82' title='bbox 889 901 971 932; x_wconf 87' lang='lat' dir='ltr'><strong>intra</strong></span> <span class='ocrx_word' id='word_1_83' title='bbox 993 900 1152 941; x_wconf 86' lang='lat' dir='ltr'><strong>gremium</strong></span> <span class='ocrx_word' id='word_1_84' title='bbox 1173 900 1264 932; x_wconf 83' lang='lat' dir='ltr'><strong>silvae</strong></span> <span class='ocrx_word' id='word_1_85' title='bbox 1284 899 1371 932; x_wconf 87' lang='lat' dir='ltr'><strong>varie</strong></span> 
     </span>
     <span class='ocr_line' id='line_1_13' title="bbox 334 958 1370 1001; baseline -0.003 -8"><span class='ocrx_word' id='word_1_86' title='bbox 334 962 418 993; x_wconf 85' lang='lat' dir='ltr'><strong>varia</strong></span> <span class='ocrx_word' id='word_1_87' title='bbox 446 962 635 1001; x_wconf 76' lang='lat' dir='ltr'><strong>formantur,</strong></span> <span class='ocrx_word' id='word_1_88' title='bbox 664 961 776 991; x_wconf 83' lang='lat' dir='ltr'><strong>mutua</strong></span> <span class='ocrx_word' id='word_1_89' title='bbox 802 968 841 992; x_wconf 90' lang='lat' dir='ltr'><strong>ex</strong></span> <span class='ocrx_word' id='word_1_90' title='bbox 859 958 920 991; x_wconf 90' lang='lat' dir='ltr'><strong>alio</strong></span> <span class='ocrx_word' id='word_1_91' title='bbox 937 959 970 991; x_wconf 91' lang='lat' dir='ltr'><strong>in</strong></span> <span class='ocrx_word' id='word_1_92' title='bbox 988 959 1073 991; x_wconf 88' lang='lat' dir='ltr'><strong>aliud</strong></span> <span class='ocrx_word' id='word_1_93' title='bbox 1095 959 1289 991; x_wconf 85' lang='lat' dir='ltr'><strong>resolutione</strong></span> <span class='ocrx_word' id='word_1_94' title='bbox 1307 958 1370 990; x_wconf 90' lang='lat' dir='ltr'><strong>sin·</strong></span> 
     </span>
     <span class='ocr_line' id='line_1_14' title="bbox 330 1018 1368 1060; baseline -0.003 -8"><span class='ocrx_word' id='word_1_95' title='bbox 330 1021 458 1060; x_wconf 74' lang='lat' dir='ltr'><strong>gillotim</strong></span> <span class='ocrx_word' id='word_1_96' title='bbox 475 1019 628 1057; x_wconf 82' lang='lat' dir='ltr'><strong>ademtis,</strong></span> <span class='ocrx_word' id='word_1_97' title='bbox 657 1018 761 1050; x_wconf 90' lang='lat' dir='ltr'><strong>solum</strong></span> <span class='ocrx_word' id='word_1_98' title='bbox 781 1018 889 1059; x_wconf 88' lang='lat' dir='ltr'><strong>ipsum</strong></span> <span class='ocrx_word' id='word_1_99' title='bbox 909 1027 1051 1051; x_wconf 89' lang='lat' dir='ltr'><strong>vacuum</strong></span> <span class='ocrx_word' id='word_1_100' title='bbox 1078 1018 1187 1050; x_wconf 80' lang='lat' dir='ltr'><strong>sinum</strong></span> <span class='ocrx_word' id='word_1_101' title='bbox 1219 1018 1368 1059; x_wconf 84' lang='lat' dir='ltr'><strong>specula-</strong></span> 
     </span>
     <span class='ocr_line' id='line_1_15' title="bbox 331 1077 764 1118; baseline -0.007 -7"><span class='ocrx_word' id='word_1_102' title='bbox 331 1080 414 1111; x_wconf 85' lang='lat' dir='ltr'><strong>tione</strong></span> <span class='ocrx_word' id='word_1_103' title='bbox 434 1078 546 1110; x_wconf 88' lang='lat' dir='ltr'><strong>mentis</strong></span> <span class='ocrx_word' id='word_1_104' title='bbox 566 1077 764 1118; x_wconf 80' lang='lat' dir='ltr'><strong>imagineris.</strong></span> 
     </span>
    </p>

    <p class='ocr_par' dir='ltr' id='par_1_3' title="bbox 325 1135 1369 1823">
     <span class='ocr_line' id='line_1_16' title="bbox 368 1135 1367 1175; baseline -0.002 -6"><span class='ocrx_word' id='word_1_105' title='bbox 368 1138 566 1169; x_wconf 76' lang='lat' dir='ltr'><strong>CCLXXIII.</strong></span> <span class='ocrx_word' id='word_1_106' title='bbox 596 1138 667 1174; x_wconf 87' lang='lat' dir='ltr'><strong>Qua</strong></span> <span class='ocrx_word' id='word_1_107' title='bbox 694 1137 818 1168; x_wconf 89' lang='lat' dir='ltr'><strong>ratione</strong></span> <span class='ocrx_word' id='word_1_108' title='bbox 839 1136 977 1175; x_wconf 84' lang='lat' dir='ltr'><strong>sactum,</strong></span> <span class='ocrx_word' id='word_1_109' title='bbox 1000 1137 1035 1168; x_wconf 89' lang='lat' dir='ltr'><strong>ut</strong></span> <span class='ocrx_word' id='word_1_110' title='bbox 1056 1145 1132 1168; x_wconf 91' lang='lat' dir='ltr'><strong>cum</strong></span> <span class='ocrx_word' id='word_1_111' title='bbox 1159 1135 1269 1168; x_wconf 83' lang='lat' dir='ltr'><strong>nuilus</strong></span> <span class='ocrx_word' id='word_1_112' title='bbox 1297 1143 1367 1167; x_wconf 87' lang='lat' dir='ltr'><strong>eam</strong></span> 
     </span>
     <span class='ocr_line' id='line_1_17' title="bbox 330 1195 1369 1236; baseline -0.004 -7"><span class='ocrx_word' id='word_1_113' title='bbox 330 1198 473 1229; x_wconf 69' lang='lat' dir='ltr'><strong>veterum</strong></span> <span class='ocrx_word' id='word_1_114' title='bbox 492 1195 618 1228; x_wconf 91' lang='lat' dir='ltr'><strong>dubitet</strong></span> <span class='ocrx_word' id='word_1_115' title='bbox 646 1204 736 1236; x_wconf 87' lang='lat' dir='ltr'><strong>esse,</strong></span> <span class='ocrx_word' id='word_1_116' title='bbox 770 1196 879 1228; x_wconf 86' lang='lat' dir='ltr'><strong>utrum</strong></span> <span class='ocrx_word' id='word_1_117' title='bbox 905 1197 1012 1228; x_wconf 89' lang='lat' dir='ltr'><strong>tamen</strong></span> <span class='ocrx_word' id='word_1_118' title='bbox 1045 1196 1145 1235; x_wconf 84' lang='lat' dir='ltr'><strong>facta,</strong></span> <span class='ocrx_word' id='word_1_119' title='bbox 1185 1204 1226 1227; x_wconf 91' lang='lat' dir='ltr'><strong>an</strong></span> <span class='ocrx_word' id='word_1_120' title='bbox 1255 1195 1369 1226; x_wconf 86' lang='lat' dir='ltr'><strong>contra</strong></span> 
     </span>
     <span class='ocr_line' id='line_1_18' title="bbox 328 1253 1365 1295; baseline -0.001 -9"><span class='ocrx_word' id='word_1_121' title='bbox 328 1254 444 1287; x_wconf 81' lang='lat' dir='ltr'><strong>insecta</strong></span> <span class='ocrx_word' id='word_1_122' title='bbox 463 1254 515 1293; x_wconf 88' lang='lat' dir='ltr'><strong>sit,</strong></span> <span class='ocrx_word' id='word_1_123' title='bbox 531 1253 749 1295; x_wconf 58' lang='lat' dir='ltr'><strong>disceptatum</strong></span> <span class='ocrx_word' id='word_1_124' title='bbox 765 1263 941 1295; x_wconf 86' lang='lat' dir='ltr'><strong>eorumque</strong></span> <span class='ocrx_word' id='word_1_125' title='bbox 968 1254 1113 1295; x_wconf 90' lang='lat' dir='ltr'><strong>ipsorum</strong></span> <span class='ocrx_word' id='word_1_126' title='bbox 1133 1253 1189 1295; x_wconf 92' lang='lat' dir='ltr'><strong>qui</strong></span> <span class='ocrx_word' id='word_1_127' title='bbox 1213 1253 1365 1285; x_wconf 89' lang='lat' dir='ltr'><strong>infectam</strong></span> 
     </span>
     <span class='ocr_line' id='line_1_19' title="bbox 326 1313 1367 1354; baseline -0.003 -8"><span class='ocrx_word' id='word_1_128' title='bbox 326 1315 393 1346; x_wconf 80' lang='lat' dir='ltr'><strong>sine</strong></span> <span class='ocrx_word' id='word_1_129' title='bbox 410 1313 612 1354; x_wconf 80' lang='lat' dir='ltr'><strong>generatione</strong></span> <span class='ocrx_word' id='word_1_130' title='bbox 632 1314 819 1354; x_wconf 86' lang='lat' dir='ltr'><strong>posuerunt,</strong></span> <span class='ocrx_word' id='word_1_131' title='bbox 838 1313 981 1354; x_wconf 84' lang='lat' dir='ltr'><strong>plerique</strong></span> <span class='ocrx_word' id='word_1_132' title='bbox 994 1313 1185 1345; x_wconf 88' lang='lat' dir='ltr'><strong>continuam</strong></span> <span class='ocrx_word' id='word_1_133' title='bbox 1205 1313 1367 1352; x_wconf 77' lang='lat' dir='ltr'><strong>etJugem,</strong></span> 
     </span>
     <span class='ocr_line' id='line_1_20' title="bbox 325 1370 1369 1413; baseline -0.002 -8"><span class='ocrx_word' id='word_1_134' title='bbox 325 1373 376 1405; x_wconf 89' lang='lat' dir='ltr'><strong>alii</strong></span> <span class='ocrx_word' id='word_1_135' title='bbox 405 1381 482 1405; x_wconf 81' lang='lat' dir='ltr'><strong>vero</strong></span> <span class='ocrx_word' id='word_1_136' title='bbox 507 1371 642 1404; x_wconf 81' lang='lat' dir='ltr'><strong>divisam</strong></span> <span class='ocrx_word' id='word_1_137' title='bbox 668 1373 800 1412; x_wconf 86' lang='lat' dir='ltr'><strong>putent;</strong></span> <span class='ocrx_word' id='word_1_138' title='bbox 830 1380 1024 1413; x_wconf 87' lang='lat' dir='ltr'><strong>rursumque</strong></span> <span class='ocrx_word' id='word_1_139' title='bbox 1048 1381 1182 1411; x_wconf 89' lang='lat' dir='ltr'><strong>eorum,</strong></span> <span class='ocrx_word' id='word_1_140' title='bbox 1205 1371 1260 1411; x_wconf 91' lang='lat' dir='ltr'><strong>qui</strong></span> <span class='ocrx_word' id='word_1_141' title='bbox 1286 1370 1369 1403; x_wconf 87' lang='lat' dir='ltr'><strong>divi·</strong></span> 
     </span>
     <span class='ocr_line' id='line_1_21' title="bbox 325 1427 1367 1470; baseline -0.004 -6"><span class='ocrx_word' id='word_1_142' title='bbox 325 1432 420 1464; x_wconf 87' lang='lat' dir='ltr'><strong>duam</strong></span> <span class='ocrx_word' id='word_1_143' title='bbox 446 1440 516 1464; x_wconf 74' lang='lat' dir='ltr'><strong>esse</strong></span> <span class='ocrx_word' id='word_1_144' title='bbox 545 1432 687 1469; x_wconf 85' lang='lat' dir='ltr'><strong>censent,</strong></span> <span class='ocrx_word' id='word_1_145' title='bbox 717 1430 829 1470; x_wconf 86' lang='lat' dir='ltr'><strong>partim</strong></span> <span class='ocrx_word' id='word_1_146' title='bbox 849 1429 918 1461; x_wconf 84' lang='lat' dir='ltr'><strong>sine</strong></span> <span class='ocrx_word' id='word_1_147' title='bbox 934 1429 1088 1469; x_wconf 80' lang='lat' dir='ltr'><strong>qualitate</strong></span> <span class='ocrx_word' id='word_1_148' title='bbox 1107 1430 1140 1461; x_wconf 89' lang='lat' dir='ltr'><strong>et</strong></span> <span class='ocrx_word' id='word_1_149' title='bbox 1176 1427 1367 1466; x_wconf 78' lang='lat' dir='ltr'><strong>informem,</strong></span> 
     </span>
     <span class='ocr_line' id='line_1_22' title="bbox 327 1486 1367 1530; baseline -0.004 -8"><span class='ocrx_word' id='word_1_150' title='bbox 327 1491 439 1530; x_wconf 88' lang='lat' dir='ltr'><strong>partim</strong></span> <span class='ocrx_word' id='word_1_151' title='bbox 467 1490 634 1522; x_wconf 81' lang='lat' dir='ltr'><strong>formatam</strong></span> <span class='ocrx_word' id='word_1_152' title='bbox 662 1498 730 1521; x_wconf 87' lang='lat' dir='ltr'><strong>esse</strong></span> <span class='ocrx_word' id='word_1_153' title='bbox 756 1488 984 1529; x_wconf 89' lang='lat' dir='ltr'><strong>pronuntient;</strong></span> <span class='ocrx_word' id='word_1_154' title='bbox 1009 1487 1041 1519; x_wconf 90' lang='lat' dir='ltr'><strong>hi</strong></span> <span class='ocrx_word' id='word_1_155' title='bbox 1072 1495 1149 1519; x_wconf 88' lang='lat' dir='ltr'><strong>vero</strong></span> <span class='ocrx_word' id='word_1_156' title='bbox 1177 1489 1232 1528; x_wconf 89' lang='lat' dir='ltr'><strong>qui</strong></span> <span class='ocrx_word' id='word_1_157' title='bbox 1259 1486 1367 1527; x_wconf 84' lang='lat' dir='ltr'><strong>jugem</strong></span> 
     </span>
     <span class='ocr_line' id='line_1_23' title="bbox 325 1544 1366 1588; baseline -0.005 -8"><span class='ocrx_word' id='word_1_158' title='bbox 325 1547 572 1588; x_wconf 81' lang='lat' dir='ltr'><strong>continuamque</strong></span> <span class='ocrx_word' id='word_1_159' title='bbox 590 1547 773 1588; x_wconf 79' lang='lat' dir='ltr'><strong>posuerunt,</strong></span> <span class='ocrx_word' id='word_1_160' title='bbox 792 1545 970 1586; x_wconf 82' lang='lat' dir='ltr'><strong>disceptent</strong></span> <span class='ocrx_word' id='word_1_161' title='bbox 992 1544 1075 1577; x_wconf 91' lang='lat' dir='ltr'><strong>inter</strong></span> <span class='ocrx_word' id='word_1_162' title='bbox 1097 1553 1130 1577; x_wconf 89' lang='lat' dir='ltr'><strong>se</strong></span> <span class='ocrx_word' id='word_1_163' title='bbox 1146 1544 1187 1577; x_wconf 90' lang='lat' dir='ltr'><strong>de</strong></span> <span class='ocrx_word' id='word_1_164' title='bbox 1202 1544 1366 1586; x_wconf 80' lang='lat' dir='ltr'><strong>qualitati-</strong></span> 
     </span>
     <span class='ocr_line' id='line_1_24' title="bbox 328 1603 1368 1647; baseline -0.002 -9"><span class='ocrx_word' id='word_1_165' title='bbox 328 1606 388 1638; x_wconf 86' lang='lat' dir='ltr'><strong>hus</strong></span> <span class='ocrx_word' id='word_1_166' title='bbox 423 1607 588 1647; x_wconf 87' lang='lat' dir='ltr'><strong>formaque</strong></span> <span class='ocrx_word' id='word_1_167' title='bbox 628 1614 756 1645; x_wconf 87' lang='lat' dir='ltr'><strong>eorum,</strong></span> <span class='ocrx_word' id='word_1_168' title='bbox 798 1613 871 1645; x_wconf 84' lang='lat' dir='ltr'><strong>quae</strong></span> <span class='ocrx_word' id='word_1_169' title='bbox 908 1603 1028 1636; x_wconf 79' lang='lat' dir='ltr'><strong>ibidem</strong></span> <span class='ocrx_word' id='word_1_170' title='bbox 1059 1603 1312 1644; x_wconf 78' lang='lat' dir='ltr'><strong>conformantur,</strong></span> <span class='ocrx_word' id='word_1_171' title='bbox 1335 1605 1368 1636; x_wconf 88' lang='lat' dir='ltr'><strong>et</strong></span> 
     </span>
     <span class='ocr_line' id='line_1_25' title="bbox 325 1662 1364 1706; baseline -0.003 -9"><span class='ocrx_word' id='word_1_172' title='bbox 325 1665 469 1697; x_wconf 88' lang='lat' dir='ltr'><strong>omnium</strong></span> <span class='ocrx_word' id='word_1_173' title='bbox 502 1673 575 1706; x_wconf 86' lang='lat' dir='ltr'><strong>quae</strong></span> <span class='ocrx_word' id='word_1_174' title='bbox 600 1664 687 1696; x_wconf 91' lang='lat' dir='ltr'><strong>hisce</strong></span> <span class='ocrx_word' id='word_1_175' title='bbox 714 1663 863 1695; x_wconf 82' lang='lat' dir='ltr'><strong>accidunt</strong></span> <span class='ocrx_word' id='word_1_176' title='bbox 895 1676 902 1695; x_wconf 91' lang='lat'>:</span> <span class='ocrx_word' id='word_1_177' title='bbox 935 1666 1045 1694; x_wconf 90' lang='lat' dir='ltr'><strong>utrum</strong></span> <span class='ocrx_word' id='word_1_178' title='bbox 1072 1671 1114 1694; x_wconf 89' lang='lat' dir='ltr'><strong>ex</strong></span> <span class='ocrx_word' id='word_1_179' title='bbox 1139 1662 1220 1695; x_wconf 86' lang='lat' dir='ltr'><strong>silva</strong></span> <span class='ocrx_word' id='word_1_180' title='bbox 1245 1671 1364 1703; x_wconf 84' lang='lat' dir='ltr'><strong>prove-</strong></span> 
     </span>
     <span class='ocr_line' id='line_1_26' title="bbox 326 1721 1359 1764; baseline -0.002 -9"><span class='ocrx_word' id='word_1_181' title='bbox 326 1724 425 1764; x_wconf 79' lang='lat' dir='ltr'><strong>niant,</strong></span> <span class='ocrx_word' id='word_1_182' title='bbox 443 1732 483 1755; x_wconf 91' lang='lat' dir='ltr'><strong>an</strong></span> <span class='ocrx_word' id='word_1_183' title='bbox 503 1732 544 1756; x_wconf 91' lang='lat' dir='ltr'><strong>ex</strong></span> <span class='ocrx_word' id='word_1_184' title='bbox 559 1723 622 1755; x_wconf 89' lang='lat' dir='ltr'><strong>alio</strong></span> <span class='ocrx_word' id='word_1_185' title='bbox 649 1723 770 1764; x_wconf 87' lang='lat' dir='ltr'><strong>potiore</strong></span> <span class='ocrx_word' id='word_1_186' title='bbox 789 1722 919 1754; x_wconf 89' lang='lat' dir='ltr'><strong>numine</strong></span> <span class='ocrx_word' id='word_1_187' title='bbox 938 1721 1234 1754; x_wconf 81' lang='lat' dir='ltr'><strong>accommodentur.</strong></span> <span class='ocrx_word' id='word_1_188' title='bbox 1267 1724 1359 1760; x_wconf 87' lang='lat' dir='ltr'><strong>Quo·-</strong></span> 
     </span>
     <span class='ocr_line' id='line_1_27' title="bbox 325 1781 1021 1823; baseline -0.001 -9"><span class='ocrx_word' id='word_1_189' title='bbox 325 1792 398 1814; x_wconf 87' lang='lat' dir='ltr'><strong>rum</strong></span> <span class='ocrx_word' id='word_1_190' title='bbox 418 1782 556 1815; x_wconf 87' lang='lat' dir='ltr'><strong>breviter</strong></span> <span class='ocrx_word' id='word_1_191' title='bbox 576 1782 828 1823; x_wconf 87' lang='lat' dir='ltr'><strong>perstringentur</strong></span> <span class='ocrx_word' id='word_1_192' title='bbox 843 1781 1021 1822; x_wconf 88' lang='lat' dir='ltr'><strong>opiniones.</strong></span> 
     </span>
    </p>

    <p class='ocr_par' dir='ltr' id='par_1_4' title="bbox 323 1839 1368 2950">
     <span class='ocr_line' id='line_1_28' title="bbox 365 1839 1366 1880; baseline -0.002 -6"><span class='ocrx_word' id='word_1_193' title='bbox 365 1843 558 1874; x_wconf 70' lang='lat' dir='ltr'><strong>ccbxxtv.</strong></span> <span class='ocrx_word' id='word_1_194' title='bbox 580 1841 707 1874; x_wconf 76' lang='lat' dir='ltr'><strong>Hebraei</strong></span> <span class='ocrx_word' id='word_1_195' title='bbox 731 1840 844 1873; x_wconf 88' lang='lat' dir='ltr'><strong>silvam</strong></span> <span class='ocrx_word' id='word_1_196' title='bbox 865 1844 1046 1880; x_wconf 82' lang='lat' dir='ltr'><strong>generatam</strong></span> <span class='ocrx_word' id='word_1_197' title='bbox 1073 1849 1144 1873; x_wconf 78' lang='lat' dir='ltr'><strong>esse</strong></span> <span class='ocrx_word' id='word_1_198' title='bbox 1160 1839 1366 1872; x_wconf 76' lang='lat' dir='ltr'><strong>confitentur.</strong></span> 
     </span>
     <span class='ocr_line' id='line_1_29' title="bbox 324 1899 1366 1941; baseline -0.001 -9"><span class='ocrx_word' id='word_1_199' title='bbox 324 1903 467 1939; x_wconf 86' lang='lat' dir='ltr'><strong>Quorum</strong></span> <span class='ocrx_word' id='word_1_200' title='bbox 487 1900 737 1941; x_wconf 87' lang='lat' dir='ltr'><strong>sapientissimus</strong></span> <span class='ocrx_word' id='word_1_201' title='bbox 772 1902 898 1941; x_wconf 85' lang='lat' dir='ltr'><strong>Moyses</strong></span> <span class='ocrx_word' id='word_1_202' title='bbox 923 1909 987 1931; x_wconf 91' lang='lat' dir='ltr'><strong>non</strong></span> <span class='ocrx_word' id='word_1_203' title='bbox 1020 1899 1162 1932; x_wconf 90' lang='lat' dir='ltr'><strong>humana</strong></span> <span class='ocrx_word' id='word_1_204' title='bbox 1195 1899 1366 1940; x_wconf 83' lang='lat' dir='ltr'><strong>facundia,</strong></span> 
     </span>
     <span class='ocr_line' id='line_1_30' title="bbox 323 1959 1367 2000; baseline -0.001 -8"><span class='ocrx_word' id='word_1_205' title='bbox 323 1960 378 1992; x_wconf 85' lang='lat' dir='ltr'><strong>sed</strong></span> <span class='ocrx_word' id='word_1_206' title='bbox 396 1959 521 2000; x_wconf 89' lang='lat' dir='ltr'><strong>divina,</strong></span> <span class='ocrx_word' id='word_1_207' title='bbox 541 1961 578 1992; x_wconf 90' lang='lat' dir='ltr'><strong>ut</strong></span> <span class='ocrx_word' id='word_1_208' title='bbox 596 1960 721 1999; x_wconf 91' lang='lat' dir='ltr'><strong>ferunt,</strong></span> <span class='ocrx_word' id='word_1_209' title='bbox 738 1960 947 2000; x_wconf 81' lang='lat' dir='ltr'><strong>inspiratione</strong></span> <span class='ocrx_word' id='word_1_210' title='bbox 971 1962 1150 2000; x_wconf 86' lang='lat' dir='ltr'><strong>vegetatus,</strong></span> <span class='ocrx_word' id='word_1_211' title='bbox 1175 1960 1209 1992; x_wconf 90' lang='lat' dir='ltr'><strong>in</strong></span> <span class='ocrx_word' id='word_1_212' title='bbox 1228 1969 1266 1992; x_wconf 93' lang='lat' dir='ltr'><strong>eo</strong></span> <span class='ocrx_word' id='word_1_213' title='bbox 1285 1959 1367 1992; x_wconf 90' lang='lat' dir='ltr'><strong>libro</strong></span> 
     </span>
     <span class='ocr_line' id='line_1_31' title="bbox 323 2019 1368 2060; baseline 0 -9"><span class='ocrx_word' id='word_1_214' title='bbox 323 2020 378 2060; x_wconf 89' lang='lat' dir='ltr'><strong>qui</strong></span> <span class='ocrx_word' id='word_1_215' title='bbox 393 2020 435 2051; x_wconf 78' lang='lat' dir='ltr'><strong>de</strong></span> <span class='ocrx_word' id='word_1_216' title='bbox 453 2020 616 2060; x_wconf 79' lang='lat' dir='ltr'><strong>qenitura</strong></span> <span class='ocrx_word' id='word_1_217' title='bbox 633 2019 757 2051; x_wconf 83' lang='lat' dir='ltr'><strong>mundi</strong></span> <span class='ocrx_word' id='word_1_218' title='bbox 775 2021 943 2059; x_wconf 90' lang='lat' dir='ltr'><strong>censetur,</strong></span> <span class='ocrx_word' id='word_1_219' title='bbox 962 2019 1002 2051; x_wconf 88' lang='lat' dir='ltr'><strong>ab</strong></span> <span class='ocrx_word' id='word_1_220' title='bbox 1021 2019 1154 2051; x_wconf 88' lang='lat' dir='ltr'><strong>exordio</strong></span> <span class='ocrx_word' id='word_1_221' title='bbox 1171 2019 1275 2051; x_wconf 88' lang='lat' dir='ltr'><strong>sicest</strong></span> <span class='ocrx_word' id='word_1_222' title='bbox 1294 2028 1368 2060; x_wconf 89' lang='lat' dir='ltr'><strong>pro-</strong></span> 
     </span>
     <span class='ocr_line' id='line_1_32' title="bbox 324 2078 1364 2120; baseline 0 -9"><span class='ocrx_word' id='word_1_223' title='bbox 324 2079 427 2120; x_wconf 78' lang='lat' dir='ltr'><strong>fatus,</strong></span> <span class='ocrx_word' id='word_1_224' title='bbox 455 2078 548 2119; x_wconf 85' lang='lat' dir='ltr'><strong>juxta</strong></span> <span class='ocrx_word' id='word_1_225' title='bbox 577 2079 875 2120; x_wconf 79' lang='lat' dir='ltr'><strong>interpretationem</strong></span> <span class='ocrx_word' id='word_1_226' title='bbox 903 2079 1106 2119; x_wconf 73' lang='lat' dir='ltr'><strong>septuaginta</strong></span> <span class='ocrx_word' id='word_1_227' title='bbox 1144 2078 1364 2119; x_wconf 89' lang='lat' dir='ltr'><strong>prudentium.</strong></span> 
     </span>
     <span class='ocr_line' id='line_1_33' title="bbox 327 2138 1364 2178; baseline -0.001 -7"><span class='ocrx_word' id='word_1_228' title='bbox 327 2140 431 2171; x_wconf 82' lang='lat' dir='ltr'><strong>Initio</strong></span> <span class='ocrx_word' id='word_1_229' title='bbox 450 2140 540 2170; x_wconf 84' lang='lat' dir='ltr'><strong>Deus</strong></span> <span class='ocrx_word' id='word_1_230' title='bbox 549 2138 639 2178; x_wconf 82' lang='lat' dir='ltr'><strong>jecit</strong></span> <span class='ocrx_word' id='word_1_231' title='bbox 658 2138 783 2171; x_wconf 80' lang='lat' dir='ltr'><strong>coelum</strong></span> <span class='ocrx_word' id='word_1_232' title='bbox 798 2140 830 2170; x_wconf 85' lang='lat' dir='ltr'><strong>et</strong></span> <span class='ocrx_word' id='word_1_233' title='bbox 848 2140 991 2170; x_wconf 77' lang='lat' dir='ltr'><strong>terram.</strong></span> <span class='ocrx_word' id='word_1_234' title='bbox 1019 2138 1130 2170; x_wconf 84' lang='lat' dir='ltr'><strong>Terra</strong></span> <span class='ocrx_word' id='word_1_235' title='bbox 1144 2140 1265 2170; x_wconf 83' lang='lat' dir='ltr'><strong>autem</strong></span> <span class='ocrx_word' id='word_1_236' title='bbox 1285 2139 1364 2170; x_wconf 86' lang='lat' dir='ltr'><strong>erat</strong></span> 
     </span>
     <span class='ocr_line' id='line_1_34' title="bbox 325 2198 1367 2241; baseline -0.004 -7"><span class='ocrx_word' id='word_1_237' title='bbox 325 2201 511 2234; x_wconf 79' lang='lat' dir='ltr'><strong>invisibilis</strong></span> <span class='ocrx_word' id='word_1_238' title='bbox 533 2203 565 2233; x_wconf 83' lang='lat' dir='ltr'><strong>et</strong></span> <span class='ocrx_word' id='word_1_239' title='bbox 585 2202 821 2241; x_wconf 81' lang='lat' dir='ltr'><strong>incomposita.</strong></span> <span class='ocrx_word' id='word_1_240' title='bbox 878 2201 920 2232; x_wconf 85' lang='lat' dir='ltr'><strong>Ut</strong></span> <span class='ocrx_word' id='word_1_241' title='bbox 941 2208 1017 2231; x_wconf 86' lang='lat' dir='ltr'><strong>vero</strong></span> <span class='ocrx_word' id='word_1_242' title='bbox 1033 2199 1077 2231; x_wconf 89' lang='lat' dir='ltr'><strong>ait</strong></span> <span class='ocrx_word' id='word_1_243' title='bbox 1090 2198 1204 2240; x_wconf 80' lang='lat' dir='ltr'><strong>Aquila</strong></span> <span class='ocrx_word' id='word_1_244' title='bbox 1223 2207 1231 2227; x_wconf 92' lang='lat'><strong>:</strong></span> <span class='ocrx_word' id='word_1_245' title='bbox 1252 2199 1367 2239; x_wconf 77' lang='lat' dir='ltr'><strong>Caput</strong></span> 
     </span>
     <span class='ocr_line' id='line_1_35' title="bbox 326 2259 1362 2299; baseline -0.005 -6"><span class='ocrx_word' id='word_1_246' title='bbox 326 2269 444 2294; x_wconf 83' lang='lat' dir='ltr'><strong>rerum</strong></span> <span class='ocrx_word' id='word_1_247' title='bbox 466 2260 620 2293; x_wconf 82' lang='lat' dir='ltr'><strong>condidit</strong></span> <span class='ocrx_word' id='word_1_248' title='bbox 638 2262 728 2292; x_wconf 78' lang='lat' dir='ltr'><strong>Deus</strong></span> <span class='ocrx_word' id='word_1_249' title='bbox 743 2260 867 2292; x_wconf 85' lang='lat' dir='ltr'><strong>caelum</strong></span> <span class='ocrx_word' id='word_1_250' title='bbox 887 2261 921 2291; x_wconf 85' lang='lat' dir='ltr'><strong>et</strong></span> <span class='ocrx_word' id='word_1_251' title='bbox 941 2261 1085 2291; x_wconf 83' lang='lat' dir='ltr'><strong>terram.</strong></span> <span class='ocrx_word' id='word_1_252' title='bbox 1126 2259 1233 2291; x_wconf 78' lang='lat' dir='ltr'><strong>Terra</strong></span> <span class='ocrx_word' id='word_1_253' title='bbox 1254 2265 1362 2299; x_wconf 85' lang='lat' dir='ltr'><strong>porro</strong></span> 
     </span>
     <span class='ocr_line' id='line_1_36' title="bbox 325 2316 1366 2359; baseline -0.004 -7"><span class='ocrx_word' id='word_1_254' title='bbox 325 2321 444 2352; x_wconf 82' lang='lat' dir='ltr'><strong>inanis</strong></span> <span class='ocrx_word' id='word_1_255' title='bbox 460 2322 538 2352; x_wconf 85' lang='lat' dir='ltr'><strong>erat</strong></span> <span class='ocrx_word' id='word_1_256' title='bbox 559 2320 591 2352; x_wconf 85' lang='lat' dir='ltr'><strong>ct</strong></span> <span class='ocrx_word' id='word_1_257' title='bbox 617 2319 720 2352; x_wconf 76' lang='lat' dir='ltr'><strong>nihil.</strong></span> <span class='ocrx_word' id='word_1_258' title='bbox 764 2319 822 2351; x_wconf 73' lang='lat' dir='ltr'><strong>Vel</strong></span> <span class='ocrx_word' id='word_1_259' title='bbox 842 2320 877 2351; x_wconf 89' lang='lat' dir='ltr'><strong>ut</strong></span> <span class='ocrx_word' id='word_1_260' title='bbox 894 2319 1108 2359; x_wconf 89' lang='lat' dir='ltr'><strong>Symmachus</strong></span> <span class='ocrx_word' id='word_1_261' title='bbox 1130 2330 1139 2350; x_wconf 70' lang='grc' dir='ltr'>ι</span> <span class='ocrx_word' id='word_1_262' title='bbox 1157 2317 1205 2350; x_wconf 84' lang='lat' dir='ltr'><strong>Ab</strong></span> <span class='ocrx_word' id='word_1_263' title='bbox 1222 2316 1366 2349; x_wconf 77' lang='lat' dir='ltr'><strong>exordio</strong></span> 
     </span>
     <span class='ocr_line' id='line_1_37' title="bbox 323 2375 1366 2417; baseline -0.005 -6"><span class='ocrx_word' id='word_1_264' title='bbox 323 2378 478 2411; x_wconf 76' lang='lat' dir='ltr'><strong>condidit</strong></span> <span class='ocrx_word' id='word_1_265' title='bbox 501 2382 588 2412; x_wconf 79' lang='lat' dir='ltr'><strong>Deus</strong></span> <span class='ocrx_word' id='word_1_266' title='bbox 614 2379 740 2411; x_wconf 74' lang='lat' dir='ltr'><strong>coetum</strong></span> <span class='ocrx_word' id='word_1_267' title='bbox 761 2380 794 2410; x_wconf 88' lang='lat' dir='ltr'><strong>et</strong></span> <span class='ocrx_word' id='word_1_268' title='bbox 824 2380 967 2410; x_wconf 77' lang='lat' dir='ltr'><strong>terram.</strong></span> <span class='ocrx_word' id='word_1_269' title='bbox 1015 2379 1123 2410; x_wconf 82' lang='lat' dir='ltr'><strong>Terra</strong></span> <span class='ocrx_word' id='word_1_270' title='bbox 1153 2384 1258 2417; x_wconf 81' lang='lat' dir='ltr'><strong>porro</strong></span> <span class='ocrx_word' id='word_1_271' title='bbox 1293 2375 1366 2412; x_wconf 82' lang='lat' dir='ltr'><strong>suit</strong></span> 
     </span>
     <span class='ocr_line' id='line_1_38' title="bbox 324 2433 1366 2480; baseline -0.005 -9"><span class='ocrx_word' id='word_1_272' title='bbox 324 2440 470 2471; x_wconf 80' lang='lat' dir='ltr'><strong>otiosum</strong></span> <span class='ocrx_word' id='word_1_273' title='bbox 499 2438 603 2480; x_wconf 77' lang='lat' dir='ltr'><strong>quid,</strong></span> <span class='ocrx_word' id='word_1_274' title='bbox 638 2438 891 2479; x_wconf 76' lang='lat' dir='ltr'><strong>confusumque</strong></span> <span class='ocrx_word' id='word_1_275' title='bbox 924 2438 956 2469; x_wconf 89' lang='lat' dir='ltr'><strong>et</strong></span> <span class='ocrx_word' id='word_1_276' title='bbox 996 2435 1254 2468; x_wconf 76' lang='lat' dir='ltr'><strong>inordinatum.</strong></span> <span class='ocrx_word' id='word_1_277' title='bbox 1303 2433 1366 2467; x_wconf 88' lang='lat' dir='ltr'><strong>Sed</strong></span> 
     </span>
     <span class='ocr_line' id='line_1_39' title="bbox 325 2495 1364 2538; baseline -0.003 -10"><span class='ocrx_word' id='word_1_278' title='bbox 325 2498 477 2538; x_wconf 78' lang='lat' dir='ltr'><strong>Origenes</strong></span> <span class='ocrx_word' id='word_1_279' title='bbox 500 2498 661 2528; x_wconf 73' lang='lat' dir='ltr'><strong>asseverat</strong></span> <span class='ocrx_word' id='word_1_280' title='bbox 683 2496 726 2528; x_wconf 87' lang='lat' dir='ltr'><strong>ita</strong></span> <span class='ocrx_word' id='word_1_281' title='bbox 748 2496 808 2528; x_wconf 90' lang='lat' dir='ltr'><strong>sibi</strong></span> <span class='ocrx_word' id='word_1_282' title='bbox 829 2495 870 2527; x_wconf 89' lang='lat' dir='ltr'><strong>ab</strong></span> <span class='ocrx_word' id='word_1_283' title='bbox 898 2495 1041 2528; x_wconf 83' lang='lat' dir='ltr'><strong>Hebraeis</strong></span> <span class='ocrx_word' id='word_1_284' title='bbox 1065 2504 1136 2527; x_wconf 88' lang='lat' dir='ltr'><strong>esse</strong></span> <span class='ocrx_word' id='word_1_285' title='bbox 1163 2502 1364 2536; x_wconf 88' lang='lat' dir='ltr'><strong>persuasum,</strong></span> 
     </span>
     <span class='ocr_line' id='line_1_40' title="bbox 326 2553 1364 2596; baseline -0.002 -9"><span class='ocrx_word' id='word_1_286' title='bbox 326 2556 411 2596; x_wconf 84' lang='lat' dir='ltr'><strong>quod</strong></span> <span class='ocrx_word' id='word_1_287' title='bbox 430 2557 461 2587; x_wconf 89' lang='lat' dir='ltr'><strong>in</strong></span> <span class='ocrx_word' id='word_1_288' title='bbox 483 2556 679 2596; x_wconf 88' lang='lat' dir='ltr'><strong>aliquantum</strong></span> <span class='ocrx_word' id='word_1_289' title='bbox 696 2556 738 2587; x_wconf 87' lang='lat' dir='ltr'><strong>sit</strong></span> <span class='ocrx_word' id='word_1_290' title='bbox 756 2564 775 2587; x_wconf 89' lang='lat' dir='ltr'><strong>a</strong></span> <span class='ocrx_word' id='word_1_291' title='bbox 795 2564 871 2587; x_wconf 82' lang='lat' dir='ltr'><strong>vera</strong></span> <span class='ocrx_word' id='word_1_292' title='bbox 887 2554 1080 2596; x_wconf 84' lang='lat' dir='ltr'><strong>proprietate</strong></span> <span class='ocrx_word' id='word_1_293' title='bbox 1098 2554 1245 2587; x_wconf 85' lang='lat' dir='ltr'><strong>derivata</strong></span> <span class='ocrx_word' id='word_1_294' title='bbox 1262 2553 1364 2586; x_wconf 84' lang='lat' dir='ltr'><strong>inter-</strong></span> 
     </span>
     <span class='ocr_line' id='line_1_41' title="bbox 328 2611 1365 2654; baseline -0.001 -9"><span class='ocrx_word' id='word_1_295' title='bbox 328 2614 475 2654; x_wconf 87' lang='lat' dir='ltr'><strong>pretatio.</strong></span> <span class='ocrx_word' id='word_1_296' title='bbox 487 2614 599 2645; x_wconf 83' lang='lat' dir='ltr'><strong>Fuisse</strong></span> <span class='ocrx_word' id='word_1_297' title='bbox 613 2613 742 2646; x_wconf 90' lang='lat' dir='ltr'><strong>enimin</strong></span> <span class='ocrx_word' id='word_1_298' title='bbox 756 2613 928 2654; x_wconf 85' lang='lat' dir='ltr'><strong>exemplari</strong></span> <span class='ocrx_word' id='word_1_299' title='bbox 942 2623 950 2645; x_wconf 86' lang='lat'>:</span> <span class='ocrx_word' id='word_1_300' title='bbox 969 2615 1075 2646; x_wconf 77' lang='lat' dir='ltr'><strong>Terra</strong></span> <span class='ocrx_word' id='word_1_301' title='bbox 1088 2615 1205 2646; x_wconf 78' lang='lat' dir='ltr'><strong>autem</strong></span> <span class='ocrx_word' id='word_1_302' title='bbox 1219 2611 1365 2653; x_wconf 72' lang='lat' dir='ltr'><strong>stupida</strong></span> 
     </span>
     <span class='ocr_line' id='line_1_42' title="bbox 327 2671 1363 2713; baseline -0.002 -10"><span class='ocrx_word' id='word_1_303' title='bbox 327 2671 480 2713; x_wconf 80' lang='lat' dir='ltr'><strong>quadam</strong></span> <span class='ocrx_word' id='word_1_304' title='bbox 494 2674 569 2703; x_wconf 83' lang='lat' dir='ltr'><strong>erat</strong></span> <span class='ocrx_word' id='word_1_305' title='bbox 590 2671 834 2704; x_wconf 82' lang='lat' dir='ltr'><strong>admiratione.</strong></span> <span class='ocrx_word' id='word_1_306' title='bbox 854 2672 971 2704; x_wconf 90' lang='lat' dir='ltr'><strong>Omnia</strong></span> <span class='ocrx_word' id='word_1_307' title='bbox 989 2675 1095 2703; x_wconf 87' lang='lat' dir='ltr'><strong>tamen</strong></span> <span class='ocrx_word' id='word_1_308' title='bbox 1113 2671 1184 2703; x_wconf 82' lang='lat' dir='ltr'><strong>haec</strong></span> <span class='ocrx_word' id='word_1_309' title='bbox 1210 2671 1243 2702; x_wconf 92' lang='lat' dir='ltr'><strong>in</strong></span> <span class='ocrx_word' id='word_1_310' title='bbox 1259 2679 1363 2702; x_wconf 89' lang='lat' dir='ltr'><strong>unum</strong></span> 
     </span>
     <span class='ocr_line' id='line_1_43' title="bbox 328 2729 1365 2771; baseline 0.002 -11"><span class='ocrx_word' id='word_1_311' title='bbox 328 2729 417 2770; x_wconf 87' lang='lat' dir='ltr'><strong>ajunt</strong></span> <span class='ocrx_word' id='word_1_312' title='bbox 437 2738 640 2768; x_wconf 85' lang='lat' dir='ltr'><strong>concurrere,</strong></span> <span class='ocrx_word' id='word_1_313' title='bbox 659 2730 696 2761; x_wconf 89' lang='lat' dir='ltr'><strong>ut</strong></span> <span class='ocrx_word' id='word_1_314' title='bbox 715 2731 747 2762; x_wconf 90' lang='lat' dir='ltr'><strong>et</strong></span> <span class='ocrx_word' id='word_1_315' title='bbox 772 2732 919 2770; x_wconf 83' lang='lat' dir='ltr'><strong>generata</strong></span> <span class='ocrx_word' id='word_1_316' title='bbox 936 2730 978 2762; x_wconf 89' lang='lat' dir='ltr'><strong>sit</strong></span> <span class='ocrx_word' id='word_1_317' title='bbox 996 2739 1045 2771; x_wconf 87' lang='lat' dir='ltr'><strong>ea,</strong></span> <span class='ocrx_word' id='word_1_318' title='bbox 1064 2738 1137 2771; x_wconf 86' lang='lat' dir='ltr'><strong>quae</strong></span> <span class='ocrx_word' id='word_1_319' title='bbox 1153 2730 1298 2770; x_wconf 86' lang='lat' dir='ltr'><strong>subjecta</strong></span> <span class='ocrx_word' id='word_1_320' title='bbox 1316 2731 1365 2762; x_wconf 89' lang='lat' dir='ltr'><strong>est</strong></span> 
     </span>
     <span class='ocr_line' id='line_1_44' title="bbox 330 2789 1363 2831; baseline 0.003 -11"><span class='ocrx_word' id='word_1_321' title='bbox 330 2789 478 2820; x_wconf 85' lang='lat' dir='ltr'><strong>universo</strong></span> <span class='ocrx_word' id='word_1_322' title='bbox 505 2789 642 2829; x_wconf 77' lang='lat' dir='ltr'><strong>corpori,</strong></span> <span class='ocrx_word' id='word_1_323' title='bbox 663 2789 759 2829; x_wconf 71' lang='lat' dir='ltr'><strong>silva,</strong></span> <span class='ocrx_word' id='word_1_324' title='bbox 779 2797 1002 2830; x_wconf 87' lang='lat' dir='ltr'><strong>sermonesque</strong></span> <span class='ocrx_word' id='word_1_325' title='bbox 1032 2790 1119 2831; x_wconf 90' lang='lat' dir='ltr'><strong>ipsos</strong></span> <span class='ocrx_word' id='word_1_326' title='bbox 1148 2791 1193 2823; x_wconf 87' lang='lat' dir='ltr'><strong>sic</strong></span> <span class='ocrx_word' id='word_1_327' title='bbox 1209 2791 1363 2831; x_wconf 84' lang='lat' dir='ltr'><strong>interpre-</strong></span> 
     </span>
     <span class='ocr_line' id='line_1_45' title="bbox 328 2847 1363 2891; baseline 0.003 -13"><span class='ocrx_word' id='word_1_328' title='bbox 328 2849 446 2879; x_wconf 75' lang='lat' dir='ltr'><strong>tantur.</strong></span> <span class='ocrx_word' id='word_1_329' title='bbox 491 2847 619 2880; x_wconf 86' lang='lat' dir='ltr'><strong>Initium</strong></span> <span class='ocrx_word' id='word_1_330' title='bbox 636 2848 766 2881; x_wconf 86' lang='lat' dir='ltr'><strong>minime</strong></span> <span class='ocrx_word' id='word_1_331' title='bbox 785 2850 1014 2890; x_wconf 89' lang='lat' dir='ltr'><strong>temporarium</strong></span> <span class='ocrx_word' id='word_1_332' title='bbox 1032 2850 1106 2882; x_wconf 90' lang='lat' dir='ltr'><strong>dici.</strong></span> <span class='ocrx_word' id='word_1_333' title='bbox 1152 2852 1262 2891; x_wconf 87' lang='lat' dir='ltr'><strong>Neque</strong></span> <span class='ocrx_word' id='word_1_334' title='bbox 1278 2850 1363 2883; x_wconf 87' lang='lat' dir='ltr'><strong>enim</strong></span> 
     </span>
     <span class='ocr_line' id='line_1_46' title="bbox 333 2906 1364 2950; baseline 0.004 -12"><span class='ocrx_word' id='word_1_335' title='bbox 333 2906 433 2938; x_wconf 82' lang='lat' dir='ltr'><strong>ullum</strong></span> <span class='ocrx_word' id='word_1_336' title='bbox 459 2908 587 2947; x_wconf 81' lang='lat' dir='ltr'><strong>tempus</strong></span> <span class='ocrx_word' id='word_1_337' title='bbox 611 2907 708 2939; x_wconf 88' lang='lat' dir='ltr'><strong>fuisse</strong></span> <span class='ocrx_word' id='word_1_338' title='bbox 722 2911 795 2940; x_wconf 88' lang='lat' dir='ltr'><strong>ante</strong></span> <span class='ocrx_word' id='word_1_339' title='bbox 814 2908 926 2940; x_wconf 89' lang='lat' dir='ltr'><strong>mundi</strong></span> <span class='ocrx_word' id='word_1_340' title='bbox 938 2909 1176 2942; x_wconf 83' lang='lat' dir='ltr'><strong>exornationem</strong></span> <span class='ocrx_word' id='word_1_341' title='bbox 1194 2909 1319 2950; x_wconf 90' lang='lat' dir='ltr'><strong>dieique</strong></span> <span class='ocrx_word' id='word_1_342' title='bbox 1332 2912 1364 2942; x_wconf 88' lang='lat' dir='ltr'><strong>et</strong></span> 
     </span>
    </p>
   </div>
   <div class='ocr_carea' id='block_1_3' title="bbox 331 2965 1368 3014">
    <p class='ocr_par' dir='ltr' id='par_1_5' title="bbox 331 2965 1368 3014">
     <span class='ocr_line' id='line_1_47' title="bbox 331 2965 1368 3014; baseline 0.005 -17"><span class='ocrx_word' id='word_1_343' title='bbox 331 2967 500 2998; x_wconf 88' lang='lat' dir='ltr'><strong>nocturnas</strong></span> <span class='ocrx_word' id='word_1_344' title='bbox 519 2965 626 3006; x_wconf 80' lang='lat' dir='ltr'><strong>vices,</strong></span> <span class='ocrx_word' id='word_1_345' title='bbox 656 2966 772 3006; x_wconf 90' lang='lat' dir='ltr'><strong>quibus</strong></span> <span class='ocrx_word' id='word_1_346' title='bbox 794 2968 944 3008; x_wconf 89' lang='lat' dir='ltr'><strong>temporis</strong></span> <span class='ocrx_word' id='word_1_347' title='bbox 974 2968 1076 3010; x_wconf 88' lang='lat' dir='ltr'><strong>spatia</strong></span> <span class='ocrx_word' id='word_1_348' title='bbox 1101 2969 1244 3002; x_wconf 88' lang='lat' dir='ltr'><strong>dimensa</strong></span> <span class='ocrx_word' id='word_1_349' title='bbox 1269 2969 1368 3014; x_wconf 32' lang='lat' dir='ltr'><strong>sunta</strong></span> 
     </span>
    </p>
   </div>
   <div class='ocr_carea' id='block_1_4' title="bbox 329 3023 1363 3479">
    <p class='ocr_par' dir='ltr' id='par_1_6' title="bbox 329 3023 1363 3479">
     <span class='ocr_line' id='line_1_48' title="bbox 331 3023 1363 3069; baseline 0.003 -12"><span class='ocrx_word' id='word_1_350' title='bbox 331 3026 414 3057; x_wconf 88' lang='lat' dir='ltr'><strong>Tum</strong></span> <span class='ocrx_word' id='word_1_351' title='bbox 430 3023 510 3056; x_wconf 92' lang='lat' dir='ltr'><strong>initii</strong></span> <span class='ocrx_word' id='word_1_352' title='bbox 525 3024 640 3056; x_wconf 90' lang='lat' dir='ltr'><strong>multas</strong></span> <span class='ocrx_word' id='word_1_353' title='bbox 653 3033 724 3056; x_wconf 90' lang='lat' dir='ltr'><strong>esse</strong></span> <span class='ocrx_word' id='word_1_354' title='bbox 740 3025 994 3065; x_wconf 82' lang='lat' dir='ltr'><strong>significationes,</strong></span> <span class='ocrx_word' id='word_1_355' title='bbox 1006 3028 1044 3058; x_wconf 90' lang='lat' dir='ltr'><strong>ut</strong></span> <span class='ocrx_word' id='word_1_356' title='bbox 1061 3029 1215 3060; x_wconf 79' lang='lat' dir='ltr'><strong>Initium</strong></span> <span class='ocrx_word' id='word_1_357' title='bbox 1229 3029 1363 3069; x_wconf 76' lang='lat' dir='ltr'><strong>sapien-</strong></span> 
     </span>
     <span class='ocr_line' id='line_1_49' title="bbox 331 3077 1363 3126; baseline 0.006 -14"><span class='ocrx_word' id='word_1_358' title='bbox 331 3082 391 3112; x_wconf 83' lang='lat' dir='ltr'><strong>tioe</strong></span> <span class='ocrx_word' id='word_1_359' title='bbox 423 3081 581 3113; x_wconf 78' lang='lat' dir='ltr'><strong>timorem</strong></span> <span class='ocrx_word' id='word_1_360' title='bbox 611 3083 750 3114; x_wconf 87' lang='lat' dir='ltr'><strong>Domini</strong></span> <span class='ocrx_word' id='word_1_361' title='bbox 779 3090 849 3115; x_wconf 78' lang='lat' dir='ltr'><strong>esse</strong></span> <span class='ocrx_word' id='word_1_362' title='bbox 870 3083 1022 3116; x_wconf 89' lang='lat' dir='ltr'><strong>Salomon</strong></span> <span class='ocrx_word' id='word_1_363' title='bbox 1050 3077 1143 3117; x_wconf 60' lang='lat' dir='ltr'><strong>dixit.</strong></span> <span class='ocrx_word' id='word_1_364' title='bbox 1186 3087 1281 3126; x_wconf 88' lang='lat' dir='ltr'><strong>Item,</strong></span> <span class='ocrx_word' id='word_1_365' title='bbox 1299 3085 1363 3117; x_wconf 90' lang='lat' dir='ltr'><strong>Ini-</strong></span> 
     </span>
     <span class='ocr_line' id='line_1_50' title="bbox 329 3139 1362 3184; baseline 0.008 -14"><span class='ocrx_word' id='word_1_366' title='bbox 329 3139 410 3171; x_wconf 88' lang='lat' dir='ltr'><strong>tium</strong></span> <span class='ocrx_word' id='word_1_367' title='bbox 439 3140 604 3180; x_wconf 80' lang='lat' dir='ltr'><strong>sapientioe</strong></span> <span class='ocrx_word' id='word_1_368' title='bbox 631 3139 736 3172; x_wconf 89' lang='lat' dir='ltr'><strong>cultus</strong></span> <span class='ocrx_word' id='word_1_369' title='bbox 768 3141 836 3173; x_wconf 89' lang='lat' dir='ltr'><strong>Dei.</strong></span> <span class='ocrx_word' id='word_1_370' title='bbox 880 3142 1031 3183; x_wconf 81' lang='lat' dir='ltr'><strong>Nihilque</strong></span> <span class='ocrx_word' id='word_1_371' title='bbox 1059 3143 1185 3184; x_wconf 80' lang='lat' dir='ltr'><strong>minus,</strong></span> <span class='ocrx_word' id='word_1_372' title='bbox 1212 3147 1362 3178; x_wconf 81' lang='lat' dir='ltr'><strong>Initium</strong></span> 
     </span>
     <span class='ocr_line' id='line_1_51' title="bbox 330 3199 1362 3246; baseline 0.008 -16"><span class='ocrx_word' id='word_1_373' title='bbox 330 3201 390 3231; x_wconf 80' lang='lat' dir='ltr'><strong>viae</strong></span> <span class='ocrx_word' id='word_1_374' title='bbox 410 3199 503 3231; x_wconf 76' lang='lat' dir='ltr'><strong>bonoe</strong></span> <span class='ocrx_word' id='word_1_375' title='bbox 522 3201 621 3232; x_wconf 82' lang='lat' dir='ltr'><strong>actus</strong></span> <span class='ocrx_word' id='word_1_376' title='bbox 635 3199 766 3238; x_wconf 77' lang='lat' dir='ltr'><strong>justus.</strong></span> <span class='ocrx_word' id='word_1_377' title='bbox 781 3202 884 3241; x_wconf 80' lang='lat' dir='ltr'><strong>Atque</strong></span> <span class='ocrx_word' id='word_1_378' title='bbox 906 3201 1002 3233; x_wconf 91' lang='lat' dir='ltr'><strong>etiam</strong></span> <span class='ocrx_word' id='word_1_379' title='bbox 1019 3202 1051 3233; x_wconf 91' lang='lat' dir='ltr'><strong>in</strong></span> <span class='ocrx_word' id='word_1_380' title='bbox 1067 3204 1224 3242; x_wconf 86' lang='lat' dir='ltr'><strong>praeconio</strong></span> <span class='ocrx_word' id='word_1_381' title='bbox 1240 3205 1362 3246; x_wconf 89' lang='lat' dir='ltr'><strong>sapien-</strong></span> 
     </span>
     <span class='ocr_line' id='line_1_52' title="bbox 330 3257 1363 3304; baseline 0.008 -16"><span class='ocrx_word' id='word_1_382' title='bbox 330 3257 382 3289; x_wconf 86' lang='lat' dir='ltr'><strong>tiae</strong></span> <span class='ocrx_word' id='word_1_383' title='bbox 398 3257 536 3289; x_wconf 82' lang='lat' dir='ltr'><strong>coelestis</strong></span> <span class='ocrx_word' id='word_1_384' title='bbox 559 3259 670 3290; x_wconf 81' lang='lat' dir='ltr'><strong>auctor</strong></span> <span class='ocrx_word' id='word_1_385' title='bbox 696 3267 705 3290; x_wconf 90' lang='lat'><strong>:</strong></span> <span class='ocrx_word' id='word_1_386' title='bbox 731 3260 876 3291; x_wconf 78' lang='lat' dir='ltr'><strong>Initium</strong></span> <span class='ocrx_word' id='word_1_387' title='bbox 899 3261 978 3292; x_wconf 79' lang='lat' dir='ltr'><strong>vitae</strong></span> <span class='ocrx_word' id='word_1_388' title='bbox 1004 3263 1108 3301; x_wconf 83' lang='lat' dir='ltr'><strong>panis</strong></span> <span class='ocrx_word' id='word_1_389' title='bbox 1137 3264 1170 3294; x_wconf 86' lang='lat' dir='ltr'><strong>et</strong></span> <span class='ocrx_word' id='word_1_390' title='bbox 1200 3271 1294 3304; x_wconf 81' lang='lat' dir='ltr'><strong>aqua</strong></span> <span class='ocrx_word' id='word_1_391' title='bbox 1330 3267 1363 3297; x_wconf 83' lang='lat' dir='ltr'><strong>et</strong></span> 
     </span>
     <span class='ocr_line' id='line_1_53' title="bbox 332 3315 1355 3360; baseline 0.007 -14"><span class='ocrx_word' id='word_1_392' title='bbox 332 3316 450 3347; x_wconf 75' lang='lat' dir='ltr'><strong>tunica</strong></span> <span class='ocrx_word' id='word_1_393' title='bbox 479 3315 628 3356; x_wconf 91' lang='lat' dir='ltr'><strong>(inquit)</strong></span> <span class='ocrx_word' id='word_1_394' title='bbox 658 3317 690 3348; x_wconf 88' lang='lat' dir='ltr'><strong>et</strong></span> <span class='ocrx_word' id='word_1_395' title='bbox 725 3316 842 3348; x_wconf 88' lang='lat' dir='ltr'><strong>domus</strong></span> <span class='ocrx_word' id='word_1_396' title='bbox 872 3317 986 3350; x_wconf 91' lang='lat' dir='ltr'><strong>idonea</strong></span> <span class='ocrx_word' id='word_1_397' title='bbox 1018 3318 1160 3351; x_wconf 87' lang='lat' dir='ltr'><strong>velandis</strong></span> <span class='ocrx_word' id='word_1_398' title='bbox 1189 3320 1355 3360; x_wconf 83' lang='lat' dir='ltr'><strong>pudendis.</strong></span> 
     </span>
     <span class='ocr_line' id='line_1_54' title="bbox 329 3374 1363 3418; baseline 0.006 -14"><span class='ocrx_word' id='word_1_399' title='bbox 329 3374 453 3414; x_wconf 83' lang='lat' dir='ltr'><strong>Quippe</strong></span> <span class='ocrx_word' id='word_1_400' title='bbox 465 3374 495 3405; x_wconf 91' lang='lat' dir='ltr'><strong>in</strong></span> <span class='ocrx_word' id='word_1_401' title='bbox 508 3374 556 3406; x_wconf 87' lang='lat' dir='ltr'><strong>his</strong></span> <span class='ocrx_word' id='word_1_402' title='bbox 566 3383 631 3406; x_wconf 91' lang='lat' dir='ltr'><strong>non</strong></span> <span class='ocrx_word' id='word_1_403' title='bbox 648 3383 710 3407; x_wconf 88' lang='lat' dir='ltr'><strong>una</strong></span> <span class='ocrx_word' id='word_1_404' title='bbox 723 3375 816 3416; x_wconf 90' lang='lat' dir='ltr'><strong>initii,</strong></span> <span class='ocrx_word' id='word_1_405' title='bbox 827 3375 882 3408; x_wconf 91' lang='lat' dir='ltr'><strong>sed</strong></span> <span class='ocrx_word' id='word_1_406' title='bbox 902 3375 1040 3416; x_wconf 81' lang='lat' dir='ltr'><strong>diversa,</strong></span> <span class='ocrx_word' id='word_1_407' title='bbox 1058 3380 1090 3409; x_wconf 89' lang='lat' dir='ltr'><strong>et</strong></span> <span class='ocrx_word' id='word_1_408' title='bbox 1100 3377 1264 3418; x_wconf 87' lang='lat' dir='ltr'><strong>multiplex</strong></span> <span class='ocrx_word' id='word_1_409' title='bbox 1279 3403 1289 3417; x_wconf 92' lang='lat'><strong>,</strong></span> <span class='ocrx_word' id='word_1_410' title='bbox 1308 3379 1363 3411; x_wconf 88' lang='lat' dir='ltr'><strong>ha-</strong></span> 
     </span>
     <span class='ocr_line' id='line_1_55' title="bbox 333 3430 1362 3479; baseline 0.008 -17"><span class='ocrx_word' id='word_1_411' title='bbox 333 3430 423 3463; x_wconf 84' lang='lat' dir='ltr'><strong>betur</strong></span> <span class='ocrx_word' id='word_1_412' title='bbox 435 3432 628 3472; x_wconf 78' lang='lat' dir='ltr'><strong>significatio.</strong></span> <span class='ocrx_word' id='word_1_413' title='bbox 647 3435 812 3467; x_wconf 82' lang='lat' dir='ltr'><strong>Esttameu</strong></span> <span class='ocrx_word' id='word_1_414' title='bbox 823 3443 924 3468; x_wconf 86' lang='lat' dir='ltr'><strong>unum</strong></span> <span class='ocrx_word' id='word_1_415' title='bbox 936 3445 1041 3469; x_wconf 82' lang='lat' dir='ltr'><strong>rerum</strong></span> <span class='ocrx_word' id='word_1_416' title='bbox 1054 3437 1200 3469; x_wconf 88' lang='lat' dir='ltr'><strong>omnium</strong></span> <span class='ocrx_word' id='word_1_417' title='bbox 1221 3436 1362 3479; x_wconf 89' lang='lat' dir='ltr'><strong>initium,</strong></span> 
     </span>
    </p>
   </div>
   <div class='ocr_carea' id='block_1_5' title="bbox 1065 224 1770 267">
    <p class='ocr_par' dir='ltr' id='par_1_7' title="bbox 1065 224 1770 267">
     <span class='ocr_line' id='line_1_56' title="bbox 1065 224 1770 267; baseline -0.006 -1"><span class='ocrx_word' id='word_1_418' title='bbox 1065 226 1325 267; x_wconf 83' lang='lat' dir='ltr'><strong>CtlALctnlt</strong></span> <span class='ocrx_word' id='word_1_419' title='bbox 1357 224 1770 264; x_wconf 81' lang='lat' dir='ltr'><strong>COMMENTARIUS</strong></span> 
     </span>
    </p>
   </div>
   <div class='ocr_carea' id='block_1_6' title="bbox 1428 310 2481 1594">
    <p class='ocr_par' dir='ltr' id='par_1_8' title="bbox 1428 310 2481 1594">
     <span class='ocr_line' id='line_1_57' title="bbox 1432 310 2476 354; baseline 0 -9"><span class='ocrx_word' id='word_1_420' title='bbox 1432 313 1473 346; x_wconf 90' lang='lat' dir='ltr'><strong>de</strong></span> <span class='ocrx_word' id='word_1_421' title='bbox 1487 322 1552 354; x_wconf 91' lang='lat' dir='ltr'><strong>quo</strong></span> <span class='ocrx_word' id='word_1_422' title='bbox 1574 312 1702 346; x_wconf 84' lang='lat' dir='ltr'><strong>salomo</strong></span> <span class='ocrx_word' id='word_1_423' title='bbox 1721 311 1753 343; x_wconf 90' lang='lat' dir='ltr'><strong>in</strong></span> <span class='ocrx_word' id='word_1_424' title='bbox 1772 310 1959 352; x_wconf 87' lang='lat' dir='ltr'><strong>proverbiis,</strong></span> <span class='ocrx_word' id='word_1_425' title='bbox 1987 311 2132 343; x_wconf 81' lang='lat' dir='ltr'><strong>creavit</strong></span> <span class='ocrx_word' id='word_1_426' title='bbox 2154 318 2228 350; x_wconf 83' lang='lat' dir='ltr'><strong>me,</strong></span> <span class='ocrx_word' id='word_1_427' title='bbox 2247 310 2363 352; x_wconf 86' lang='lat' dir='ltr'><strong>inquit,</strong></span> <span class='ocrx_word' id='word_1_428' title='bbox 2386 313 2476 345; x_wconf 77' lang='lat' dir='ltr'><strong>Deua</strong></span> 
     </span>
     <span class='ocr_line' id='line_1_58' title="bbox 1431 370 2479 414; baseline 0.002 -10"><span class='ocrx_word' id='word_1_429' title='bbox 1431 374 1684 414; x_wconf 71' lang='lat' dir='ltr'><strong>proqressionis</strong></span> <span class='ocrx_word' id='word_1_430' title='bbox 1701 379 1773 405; x_wconf 71' lang='lat' dir='ltr'><strong>aum</strong></span> <span class='ocrx_word' id='word_1_431' title='bbox 1791 372 1964 411; x_wconf 77' lang='lat' dir='ltr'><strong>semitam,</strong></span> <span class='ocrx_word' id='word_1_432' title='bbox 1990 371 2049 403; x_wconf 80' lang='lat' dir='ltr'><strong>cui</strong></span> <span class='ocrx_word' id='word_1_433' title='bbox 2065 372 2182 403; x_wconf 71' lang='lat' dir='ltr'><strong>nitens</strong></span> <span class='ocrx_word' id='word_1_434' title='bbox 2201 370 2352 411; x_wconf 70' lang='lat' dir='ltr'><strong>efficeret</strong></span> <span class='ocrx_word' id='word_1_435' title='bbox 2370 378 2479 414; x_wconf 75' lang='lat' dir='ltr'><strong>opera</strong></span> 
     </span>
     <span class='ocr_line' id='line_1_59' title="bbox 1431 428 2479 473; baseline 0.001 -10"><span class='ocrx_word' id='word_1_436' title='bbox 1431 430 1574 463; x_wconf 80' lang='lat' dir='ltr'><strong>divina:</strong></span> <span class='ocrx_word' id='word_1_437' title='bbox 1594 431 1846 471; x_wconf 81' lang='lat' dir='ltr'><strong>constituitque</strong></span> <span class='ocrx_word' id='word_1_438' title='bbox 1861 431 1942 461; x_wconf 77' lang='lat' dir='ltr'><strong>ante</strong></span> <span class='ocrx_word' id='word_1_439' title='bbox 1960 428 2084 462; x_wconf 81' lang='lat' dir='ltr'><strong>mundi</strong></span> <span class='ocrx_word' id='word_1_440' title='bbox 2096 431 2234 470; x_wconf 82' lang='lat' dir='ltr'><strong>ortum,</strong></span> <span class='ocrx_word' id='word_1_441' title='bbox 2251 431 2426 473; x_wconf 74' lang='lat' dir='ltr'><strong>terraeque</strong></span> <span class='ocrx_word' id='word_1_442' title='bbox 2443 431 2479 464; x_wconf 75' lang='lat' dir='ltr'><strong>at</strong></span> 
     </span>
     <span class='ocr_line' id='line_1_60' title="bbox 1430 487 2480 532; baseline 0.001 -10"><span class='ocrx_word' id='word_1_443' title='bbox 1430 489 1602 532; x_wconf 83' lang='lat' dir='ltr'><strong>profundi</strong></span> <span class='ocrx_word' id='word_1_444' title='bbox 1620 489 1873 529; x_wconf 80' lang='lat' dir='ltr'><strong>fundationem</strong></span> <span class='ocrx_word' id='word_1_445' title='bbox 1898 499 1908 520; x_wconf 93' lang='lat'><strong>.·</strong></span> <span class='ocrx_word' id='word_1_446' title='bbox 1933 489 2018 520; x_wconf 81' lang='lat' dir='ltr'><strong>ante</strong></span> <span class='ocrx_word' id='word_1_447' title='bbox 2043 490 2181 521; x_wconf 78' lang='lat' dir='ltr'><strong>tractus</strong></span> <span class='ocrx_word' id='word_1_448' title='bbox 2191 487 2352 529; x_wconf 75' lang='lat' dir='ltr'><strong>sontium</strong></span> <span class='ocrx_word' id='word_1_449' title='bbox 2376 497 2480 531; x_wconf 71' lang='lat'><em>‹1990-</em></span> 
     </span>
     <span class='ocr_line' id='line_1_61' title="bbox 1430 546 2480 591; baseline 0.001 -10"><span class='ocrx_word' id='word_1_450' title='bbox 1430 551 1628 591; x_wconf 74' lang='lat' dir='ltr'><strong>stionesque</strong></span> <span class='ocrx_word' id='word_1_451' title='bbox 1641 550 1838 581; x_wconf 79' lang='lat' dir='ltr'><strong>montanas.</strong></span> <span class='ocrx_word' id='word_1_452' title='bbox 1883 549 2000 587; x_wconf 80' lang='lat' dir='ltr'><strong>Aperte</strong></span> <span class='ocrx_word' id='word_1_453' title='bbox 2009 546 2176 588; x_wconf 80' lang='lat' dir='ltr'><strong>indicans,</strong></span> <span class='ocrx_word' id='word_1_454' title='bbox 2192 555 2357 590; x_wconf 63' lang='lat' dir='ltr'><strong>praeeunte</strong></span> <span class='ocrx_word' id='word_1_455' title='bbox 2370 548 2480 583; x_wconf 80' lang='lat' dir='ltr'><strong>divina</strong></span> 
     </span>
     <span class='ocr_line' id='line_1_62' title="bbox 1433 605 2479 650; baseline 0.001 -10"><span class='ocrx_word' id='word_1_456' title='bbox 1433 608 1594 650; x_wconf 88' lang='lat' dir='ltr'><strong>sapientia</strong></span> <span class='ocrx_word' id='word_1_457' title='bbox 1611 607 1731 640; x_wconf 83' lang='lat' dir='ltr'><strong>coelum</strong></span> <span class='ocrx_word' id='word_1_458' title='bbox 1757 608 1941 648; x_wconf 88' lang='lat' dir='ltr'><strong>terramque</strong></span> <span class='ocrx_word' id='word_1_459' title='bbox 1966 606 2105 646; x_wconf 82' lang='lat' dir='ltr'><strong>factam,</strong></span> <span class='ocrx_word' id='word_1_460' title='bbox 2129 605 2332 649; x_wconf 81' lang='lat' dir='ltr'><strong>eandemque</strong></span> <span class='ocrx_word' id='word_1_461' title='bbox 2350 606 2479 650; x_wconf 80' lang='lat' dir='ltr'><strong>saplen-</strong></span> 
     </span>
     <span class='ocr_line' id='line_1_63' title="bbox 1433 665 2478 709; baseline 0.001 -11"><span class='ocrx_word' id='word_1_462' title='bbox 1433 666 1510 699; x_wconf 87' lang='lat' dir='ltr'><strong>tiam</strong></span> <span class='ocrx_word' id='word_1_463' title='bbox 1529 666 1673 699; x_wconf 87' lang='lat' dir='ltr'><strong>divinam</strong></span> <span class='ocrx_word' id='word_1_464' title='bbox 1689 674 1759 698; x_wconf 83' lang='lat' dir='ltr'><strong>esse</strong></span> <span class='ocrx_word' id='word_1_465' title='bbox 1781 665 2001 698; x_wconf 84' lang='lat' dir='ltr'><strong>universitatis</strong></span> <span class='ocrx_word' id='word_1_466' title='bbox 2020 665 2246 706; x_wconf 70' lang='lat' dir='ltr'><strong>primordium.</strong></span> <span class='ocrx_word' id='word_1_467' title='bbox 2281 667 2327 699; x_wconf 78' lang='lat' dir='ltr'><strong>Ex</strong></span> <span class='ocrx_word' id='word_1_468' title='bbox 2337 675 2403 708; x_wconf 89' lang='lat' dir='ltr'><strong>quo</strong></span> <span class='ocrx_word' id='word_1_469' title='bbox 2417 675 2478 709; x_wconf 88' lang='lat' dir='ltr'><strong>ap-</strong></span> 
     </span>
     <span class='ocr_line' id='line_1_64' title="bbox 1431 723 2480 768; baseline 0.002 -11"><span class='ocrx_word' id='word_1_470' title='bbox 1431 728 1530 766; x_wconf 87' lang='lat' dir='ltr'><strong>paret,</strong></span> <span class='ocrx_word' id='word_1_471' title='bbox 1549 725 1742 766; x_wconf 87' lang='lat' dir='ltr'><strong>sapientiam</strong></span> <span class='ocrx_word' id='word_1_472' title='bbox 1758 724 1874 756; x_wconf 85' lang='lat' dir='ltr'><strong>factam</strong></span> <span class='ocrx_word' id='word_1_473' title='bbox 1892 723 2025 765; x_wconf 89' lang='lat' dir='ltr'><strong>quidem</strong></span> <span class='ocrx_word' id='word_1_474' title='bbox 2039 733 2059 756; x_wconf 85' lang='lat' dir='ltr'><strong>a</strong></span> <span class='ocrx_word' id='word_1_475' title='bbox 2074 724 2227 764; x_wconf 84' lang='lat' dir='ltr'><strong>Deo,sed</strong></span> <span class='ocrx_word' id='word_1_476' title='bbox 2242 733 2306 758; x_wconf 89' lang='lat' dir='ltr'><strong>non</strong></span> <span class='ocrx_word' id='word_1_477' title='bbox 2322 724 2433 768; x_wconf 85' lang='lat' dir='ltr'><strong>aliquo</strong></span> <span class='ocrx_word' id='word_1_478' title='bbox 2444 724 2480 759; x_wconf 80' lang='lat' dir='ltr'><strong>in</strong></span> 
     </span>
     <span class='ocr_line' id='line_1_65' title="bbox 1431 783 2480 826; baseline 0.003 -9"><span class='ocrx_word' id='word_1_479' title='bbox 1431 786 1585 825; x_wconf 86' lang='lat' dir='ltr'><strong>tempore.</strong></span> <span class='ocrx_word' id='word_1_480' title='bbox 1630 785 1741 825; x_wconf 86' lang='lat' dir='ltr'><strong>Neque</strong></span> <span class='ocrx_word' id='word_1_481' title='bbox 1765 783 1852 816; x_wconf 91' lang='lat' dir='ltr'><strong>enim</strong></span> <span class='ocrx_word' id='word_1_482' title='bbox 1883 783 1978 816; x_wconf 84' lang='lat' dir='ltr'><strong>tuerit</strong></span> <span class='ocrx_word' id='word_1_483' title='bbox 2002 784 2131 825; x_wconf 83' lang='lat' dir='ltr'><strong>tempus</strong></span> <span class='ocrx_word' id='word_1_484' title='bbox 2153 783 2268 825; x_wconf 88' lang='lat' dir='ltr'><strong>ullum,</strong></span> <span class='ocrx_word' id='word_1_485' title='bbox 2294 793 2360 826; x_wconf 84' lang='lat' dir='ltr'><strong>quo</strong></span> <span class='ocrx_word' id='word_1_486' title='bbox 2390 786 2480 820; x_wconf 69' lang='lat' dir='ltr'><strong>Deua</strong></span> 
     </span>
     <span class='ocr_line' id='line_1_66' title="bbox 1431 842 2480 885; baseline 0.002 -10"><span class='ocrx_word' id='word_1_487' title='bbox 1431 843 1525 876; x_wconf 87' lang='lat' dir='ltr'><strong>fuerit</strong></span> <span class='ocrx_word' id='word_1_488' title='bbox 1538 843 1605 876; x_wconf 90' lang='lat' dir='ltr'><strong>sine</strong></span> <span class='ocrx_word' id='word_1_489' title='bbox 1620 842 1793 884; x_wconf 88' lang='lat' dir='ltr'><strong>sapientia.</strong></span> <span class='ocrx_word' id='word_1_490' title='bbox 1807 842 1968 884; x_wconf 89' lang='lat' dir='ltr'><strong>Quodque</strong></span> <span class='ocrx_word' id='word_1_491' title='bbox 1980 844 2084 875; x_wconf 81' lang='lat' dir='ltr'><strong>Deum</strong></span> <span class='ocrx_word' id='word_1_492' title='bbox 2099 842 2219 885; x_wconf 86' lang='lat' dir='ltr'><strong>percipi</strong></span> <span class='ocrx_word' id='word_1_493' title='bbox 2233 842 2480 884; x_wconf 67' lang='lat' dir='ltr'><strong>cogitationibus</strong></span> 
     </span>
     <span class='ocr_line' id='line_1_67' title="bbox 1430 901 2480 944; baseline 0.002 -10"><span class='ocrx_word' id='word_1_494' title='bbox 1430 902 1596 934; x_wconf 88' lang='lat' dir='ltr'><strong>hominum</strong></span> <span class='ocrx_word' id='word_1_495' title='bbox 1628 903 1799 943; x_wconf 87' lang='lat' dir='ltr'><strong>antequam</strong></span> <span class='ocrx_word' id='word_1_496' title='bbox 1830 901 2020 942; x_wconf 79' lang='lat' dir='ltr'><strong>sapientiam</strong></span> <span class='ocrx_word' id='word_1_497' title='bbox 2053 903 2141 944; x_wconf 82' lang='lat' dir='ltr'><strong>ejus,</strong></span> <span class='ocrx_word' id='word_1_498' title='bbox 2175 902 2220 936; x_wconf 81' lang='lat' dir='ltr'><strong>sit</strong></span> <span class='ocrx_word' id='word_1_499' title='bbox 2256 911 2404 944; x_wconf 73' lang='lat' dir='ltr'><strong>necesse,</strong></span> <span class='ocrx_word' id='word_1_500' title='bbox 2435 902 2480 936; x_wconf 80' lang='lat' dir='ltr'><strong>ob</strong></span> 
     </span>
     <span class='ocr_line' id='line_1_68' title="bbox 1431 955 2481 1004; baseline 0.004 -12"><span class='ocrx_word' id='word_1_501' title='bbox 1431 960 1636 993; x_wconf 88' lang='lat' dir='ltr'><strong>eminentiam</strong></span> <span class='ocrx_word' id='word_1_502' title='bbox 1651 962 1787 1000; x_wconf 85' lang='lat' dir='ltr'><strong>naturae,</strong></span> <span class='ocrx_word' id='word_1_503' title='bbox 1803 961 1880 1001; x_wconf 86' lang='lat' dir='ltr'><strong>quia</strong></span> <span class='ocrx_word' id='word_1_504' title='bbox 1899 961 1988 1002; x_wconf 90' lang='lat' dir='ltr'><strong>prius</strong></span> <span class='ocrx_word' id='word_1_505' title='bbox 2002 961 2096 1002; x_wconf 85' lang='lat' dir='ltr'><strong>cujus</strong></span> <span class='ocrx_word' id='word_1_506' title='bbox 2117 971 2170 996; x_wconf 76' lang='lat' dir='ltr'><strong>res</strong></span> <span class='ocrx_word' id='word_1_507' title='bbox 2194 963 2259 1004; x_wconf 83' lang='lat' dir='ltr'><strong>est,</strong></span> <span class='ocrx_word' id='word_1_508' title='bbox 2275 955 2408 995; x_wconf 82' lang='lat' dir='ltr'><strong>demum</strong></span> <span class='ocrx_word' id='word_1_509' title='bbox 2429 969 2481 996; x_wconf 73' lang='lat' dir='ltr'><strong>rea</strong></span> 
     </span>
     <span class='ocr_line' id='line_1_69' title="bbox 1430 1020 2351 1063; baseline 0.002 -10"><span class='ocrx_word' id='word_1_510' title='bbox 1430 1021 1498 1063; x_wconf 91' lang='lat' dir='ltr'><strong>ipsa</strong></span> <span class='ocrx_word' id='word_1_511' title='bbox 1511 1020 1669 1053; x_wconf 90' lang='lat' dir='ltr'><strong>noscitur.</strong></span> <span class='ocrx_word' id='word_1_512' title='bbox 1712 1023 1753 1053; x_wconf 88' lang='lat' dir='ltr'><strong>Et</strong></span> <span class='ocrx_word' id='word_1_513' title='bbox 1774 1020 1814 1054; x_wconf 90' lang='lat' dir='ltr'><strong>de</strong></span> <span class='ocrx_word' id='word_1_514' title='bbox 1828 1020 1919 1054; x_wconf 88' lang='lat' dir='ltr'><strong>initio</strong></span> <span class='ocrx_word' id='word_1_515' title='bbox 1936 1021 2067 1063; x_wconf 88' lang='lat' dir='ltr'><strong>quidem</strong></span> <span class='ocrx_word' id='word_1_516' title='bbox 2088 1023 2135 1055; x_wconf 84' lang='lat' dir='ltr'><strong>sic</strong></span> <span class='ocrx_word' id='word_1_517' title='bbox 2153 1021 2351 1055; x_wconf 86' lang='lat' dir='ltr'><strong>habendum.</strong></span> 
     </span>
     <span class='ocr_line' id='line_1_70' title="bbox 1471 1079 2479 1122; baseline 0.004 -11"><span class='ocrx_word' id='word_1_518' title='bbox 1471 1080 1648 1112; x_wconf 79' lang='lat' dir='ltr'><strong>CCLXXV.</strong></span> <span class='ocrx_word' id='word_1_519' title='bbox 1682 1079 1778 1118; x_wconf 91' lang='lat' dir='ltr'><strong>Quod</strong></span> <span class='ocrx_word' id='word_1_520' title='bbox 1806 1083 1913 1113; x_wconf 89' lang='lat' dir='ltr'><strong>autem</strong></span> <span class='ocrx_word' id='word_1_521' title='bbox 1934 1080 2063 1121; x_wconf 86' lang='lat' dir='ltr'><strong>coelum,</strong></span> <span class='ocrx_word' id='word_1_522' title='bbox 2084 1090 2225 1122; x_wconf 82' lang='lat' dir='ltr'><strong>quamve</strong></span> <span class='ocrx_word' id='word_1_523' title='bbox 2251 1084 2370 1114; x_wconf 78' lang='lat' dir='ltr'><strong>terram</strong></span> <span class='ocrx_word' id='word_1_524' title='bbox 2397 1079 2479 1115; x_wconf 75' lang='lat' dir='ltr'><strong>seri·</strong></span> 
     </span>
     <span class='ocr_line' id='line_1_71' title="bbox 1431 1138 2480 1180; baseline 0.004 -10"><span class='ocrx_word' id='word_1_525' title='bbox 1431 1142 1524 1179; x_wconf 89' lang='lat' dir='ltr'><strong>ptura</strong></span> <span class='ocrx_word' id='word_1_526' title='bbox 1541 1139 1702 1180; x_wconf 91' lang='lat' dir='ltr'><strong>loquatur,</strong></span> <span class='ocrx_word' id='word_1_527' title='bbox 1722 1138 1978 1180; x_wconf 85' lang='lat' dir='ltr'><strong>intelligendum.</strong></span> <span class='ocrx_word' id='word_1_528' title='bbox 2021 1140 2083 1179; x_wconf 89' lang='lat' dir='ltr'><strong>Qui</strong></span> <span class='ocrx_word' id='word_1_529' title='bbox 2110 1139 2320 1173; x_wconf 84' lang='lat' dir='ltr'><strong>tumultuario</strong></span> <span class='ocrx_word' id='word_1_530' title='bbox 2335 1138 2480 1174; x_wconf 76' lang='lat' dir='ltr'><strong>contenti</strong></span> 
     </span>
     <span class='ocr_line' id='line_1_72' title="bbox 1430 1197 2477 1243; baseline 0.004 -15"><span class='ocrx_word' id='word_1_531' title='bbox 1430 1199 1507 1229; x_wconf 90' lang='lat' dir='ltr'><strong>sunt</strong></span> <span class='ocrx_word' id='word_1_532' title='bbox 1542 1197 1718 1237; x_wconf 90' lang='lat' dir='ltr'><strong>intellectu,</strong></span> <span class='ocrx_word' id='word_1_533' title='bbox 1739 1198 1858 1230; x_wconf 81' lang='lat' dir='ltr'><strong>coelum</strong></span> <span class='ocrx_word' id='word_1_534' title='bbox 1881 1198 1942 1231; x_wconf 85' lang='lat' dir='ltr'><strong>hoe</strong></span> <span class='ocrx_word' id='word_1_535' title='bbox 1971 1198 2059 1240; x_wconf 93' lang='lat' dir='ltr'><strong>quod</strong></span> <span class='ocrx_word' id='word_1_536' title='bbox 2087 1198 2259 1239; x_wconf 80' lang='lat' dir='ltr'><strong>videmus;</strong></span> <span class='ocrx_word' id='word_1_537' title='bbox 2285 1200 2319 1232; x_wconf 89' lang='lat' dir='ltr'><strong>et</strong></span> <span class='ocrx_word' id='word_1_538' title='bbox 2343 1199 2477 1243; x_wconf 71' lang='lat' dir='ltr'><strong>terram,</strong></span> 
     </span>
     <span class='ocr_line' id='line_1_73' title="bbox 1431 1256 2477 1300; baseline 0.004 -13"><span class='ocrx_word' id='word_1_539' title='bbox 1431 1265 1496 1296; x_wconf 88' lang='lat' dir='ltr'><strong>qua</strong></span> <span class='ocrx_word' id='word_1_540' title='bbox 1523 1256 1747 1297; x_wconf 84' lang='lat' dir='ltr'><strong>subvehimur,</strong></span> <span class='ocrx_word' id='word_1_541' title='bbox 1764 1257 1827 1289; x_wconf 91' lang='lat' dir='ltr'><strong>dici</strong></span> <span class='ocrx_word' id='word_1_542' title='bbox 1848 1258 1984 1298; x_wconf 89' lang='lat' dir='ltr'><strong>putant:</strong></span> <span class='ocrx_word' id='word_1_543' title='bbox 2004 1267 2099 1299; x_wconf 89' lang='lat' dir='ltr'><strong>porro</strong></span> <span class='ocrx_word' id='word_1_544' title='bbox 2119 1258 2178 1300; x_wconf 88' lang='lat' dir='ltr'><strong>qui</strong></span> <span class='ocrx_word' id='word_1_545' title='bbox 2202 1257 2298 1291; x_wconf 84' lang='lat' dir='ltr'><strong>altius</strong></span> <span class='ocrx_word' id='word_1_546' title='bbox 2311 1257 2477 1300; x_wconf 74' lang='lat' dir='ltr'><strong>indagant,</strong></span> 
     </span>
     <span class='ocr_line' id='line_1_74' title="bbox 1429 1309 2475 1358; baseline 0.003 -11"><span class='ocrx_word' id='word_1_547' title='bbox 1429 1316 1546 1355; x_wconf 83' lang='lat' dir='ltr'><strong>negant</strong></span> <span class='ocrx_word' id='word_1_548' title='bbox 1572 1315 1633 1348; x_wconf 90' lang='lat' dir='ltr'><strong>hoc</strong></span> <span class='ocrx_word' id='word_1_549' title='bbox 1658 1315 1775 1348; x_wconf 89' lang='lat' dir='ltr'><strong>coelum</strong></span> <span class='ocrx_word' id='word_1_550' title='bbox 1798 1316 1839 1348; x_wconf 88' lang='lat' dir='ltr'><strong>ab</strong></span> <span class='ocrx_word' id='word_1_551' title='bbox 1864 1315 1956 1349; x_wconf 89' lang='lat' dir='ltr'><strong>initio</strong></span> <span class='ocrx_word' id='word_1_552' title='bbox 1981 1316 2121 1358; x_wconf 80' lang='lat' dir='ltr'><strong>factum,</strong></span> <span class='ocrx_word' id='word_1_553' title='bbox 2153 1317 2210 1350; x_wconf 90' lang='lat' dir='ltr'><strong>sed</strong></span> <span class='ocrx_word' id='word_1_554' title='bbox 2242 1316 2385 1350; x_wconf 82' lang='lat' dir='ltr'><strong>secundo</strong></span> <span class='ocrx_word' id='word_1_555' title='bbox 2406 1309 2475 1350; x_wconf 85' lang='lat' dir='ltr'><strong>die.</strong></span> 
     </span>
     <span class='ocr_line' id='line_1_75' title="bbox 1430 1373 2478 1417; baseline 0.002 -11"><span class='ocrx_word' id='word_1_556' title='bbox 1430 1375 1577 1415; x_wconf 89' lang='lat' dir='ltr'><strong>Namque</strong></span> <span class='ocrx_word' id='word_1_557' title='bbox 1593 1373 1687 1407; x_wconf 88' lang='lat' dir='ltr'><strong>initio</strong></span> <span class='ocrx_word' id='word_1_558' title='bbox 1719 1375 1838 1407; x_wconf 88' lang='lat' dir='ltr'><strong>factum</strong></span> <span class='ocrx_word' id='word_1_559' title='bbox 1862 1375 1985 1416; x_wconf 91' lang='lat' dir='ltr'><strong>lumen,</strong></span> <span class='ocrx_word' id='word_1_560' title='bbox 2009 1375 2107 1417; x_wconf 91' lang='lat' dir='ltr'><strong>idque</strong></span> <span class='ocrx_word' id='word_1_561' title='bbox 2123 1375 2208 1409; x_wconf 89' lang='lat' dir='ltr'><strong>diem</strong></span> <span class='ocrx_word' id='word_1_562' title='bbox 2225 1384 2297 1409; x_wconf 83' lang='lat' dir='ltr'><strong>esse</strong></span> <span class='ocrx_word' id='word_1_563' title='bbox 2311 1375 2478 1417; x_wconf 81' lang='lat' dir='ltr'><strong>cognomi·</strong></span> 
     </span>
     <span class='ocr_line' id='line_1_76' title="bbox 1430 1433 2479 1477; baseline 0.002 -12"><span class='ocrx_word' id='word_1_564' title='bbox 1430 1436 1554 1466; x_wconf 88' lang='lat' dir='ltr'><strong>natum.</strong></span> <span class='ocrx_word' id='word_1_565' title='bbox 1600 1434 1668 1466; x_wconf 80' lang='lat' dir='ltr'><strong>noc</strong></span> <span class='ocrx_word' id='word_1_566' title='bbox 1685 1442 1763 1466; x_wconf 83' lang='lat' dir='ltr'><strong>vero</strong></span> <span class='ocrx_word' id='word_1_567' title='bbox 1778 1433 1894 1466; x_wconf 91' lang='lat' dir='ltr'><strong>coelum</strong></span> <span class='ocrx_word' id='word_1_568' title='bbox 1916 1437 2042 1475; x_wconf 87' lang='lat' dir='ltr'><strong>postea,</strong></span> <span class='ocrx_word' id='word_1_569' title='bbox 2056 1434 2143 1476; x_wconf 90' lang='lat' dir='ltr'><strong>quod</strong></span> <span class='ocrx_word' id='word_1_570' title='bbox 2164 1435 2253 1468; x_wconf 82' lang='lat' dir='ltr'><strong>Deus</strong></span> <span class='ocrx_word' id='word_1_571' title='bbox 2269 1433 2479 1477; x_wconf 82' lang='lat' dir='ltr'><strong>appellaverit</strong></span> 
     </span>
     <span class='ocr_line' id='line_1_77' title="bbox 1428 1491 2480 1536; baseline 0.003 -13"><span class='ocrx_word' id='word_1_572' title='bbox 1428 1491 1633 1525; x_wconf 88' lang='lat' dir='ltr'><strong>soliditatem.</strong></span> <span class='ocrx_word' id='word_1_573' title='bbox 1678 1492 1787 1525; x_wconf 88' lang='lat' dir='ltr'><strong>Tertio</strong></span> <span class='ocrx_word' id='word_1_574' title='bbox 1810 1492 1962 1534; x_wconf 87' lang='lat' dir='ltr'><strong>deinceps</strong></span> <span class='ocrx_word' id='word_1_575' title='bbox 1983 1493 2036 1526; x_wconf 92' lang='lat' dir='ltr'><strong>die</strong></span> <span class='ocrx_word' id='word_1_576' title='bbox 2053 1493 2187 1526; x_wconf 87' lang='lat' dir='ltr'><strong>remotis</strong></span> <span class='ocrx_word' id='word_1_577' title='bbox 2200 1493 2315 1536; x_wconf 80' lang='lat' dir='ltr'><strong>aquia,</strong></span> <span class='ocrx_word' id='word_1_578' title='bbox 2330 1493 2480 1535; x_wconf 86' lang='lat' dir='ltr'><strong>apparuit</strong></span> 
     </span>
     <span class='ocr_line' id='line_1_78' title="bbox 1431 1551 2465 1594; baseline 0.003 -11"><span class='ocrx_word' id='word_1_579' title='bbox 1431 1551 1514 1583; x_wconf 87' lang='lat' dir='ltr'><strong>sicca</strong></span> <span class='ocrx_word' id='word_1_580' title='bbox 1533 1560 1543 1584; x_wconf 74' lang='grc' dir='ltr'>ε</span> <span class='ocrx_word' id='word_1_581' title='bbox 1560 1551 1653 1592; x_wconf 92' lang='lat' dir='ltr'><strong>eique</strong></span> <span class='ocrx_word' id='word_1_582' title='bbox 1669 1554 1765 1584; x_wconf 84' lang='lat' dir='ltr'><strong>terrae</strong></span> <span class='ocrx_word' id='word_1_583' title='bbox 1780 1560 1897 1584; x_wconf 91' lang='lat' dir='ltr'><strong>nomen</strong></span> <span class='ocrx_word' id='word_1_584' title='bbox 1919 1552 2117 1594; x_wconf 88' lang='lat' dir='ltr'><strong>impositum.</strong></span> <span class='ocrx_word' id='word_1_585' title='bbox 2139 1553 2182 1586; x_wconf 84' lang='lat' dir='ltr'><strong>ut</strong></span> <span class='ocrx_word' id='word_1_586' title='bbox 2203 1553 2246 1586; x_wconf 80' lang='lat' dir='ltr'><strong>sit</strong></span> <span class='ocrx_word' id='word_1_587' title='bbox 2261 1552 2408 1594; x_wconf 80' lang='lat' dir='ltr'><strong>evidens,</strong></span> <span class='ocrx_word' id='word_1_588' title='bbox 2422 1560 2465 1586; x_wconf 86' lang='lat' dir='ltr'><strong>ne</strong></span> 
     </span>
    </p>
   </div>
   <div class='ocr_carea' id='block_1_7' title="bbox 1407 1606 2479 1653">
    <p class='ocr_par' dir='ltr' id='par_1_9' title="bbox 1407 1606 2479 1653">
     <span class='ocr_line' id='line_1_79' title="bbox 1407 1606 2479 1653; baseline 0.002 -11"><span class='ocrx_word' id='word_1_589' title='bbox 1407 1606 1410 1608; x_wconf 78' lang='grc'><strong>’</strong></span> <span class='ocrx_word' id='word_1_590' title='bbox 1430 1619 1494 1651; x_wconf 90' lang='lat' dir='ltr'><strong>que</strong></span> <span class='ocrx_word' id='word_1_591' title='bbox 1526 1611 1587 1643; x_wconf 88' lang='lat' dir='ltr'><strong>hoc</strong></span> <span class='ocrx_word' id='word_1_592' title='bbox 1611 1611 1729 1643; x_wconf 83' lang='lat' dir='ltr'><strong>eoelum</strong></span> <span class='ocrx_word' id='word_1_593' title='bbox 1742 1635 1753 1652; x_wconf 86' lang='lat'><strong>,</strong></span> <span class='ocrx_word' id='word_1_594' title='bbox 1782 1611 1944 1652; x_wconf 84' lang='lat' dir='ltr'><strong>cognitum</strong></span> <span class='ocrx_word' id='word_1_595' title='bbox 1962 1611 2075 1652; x_wconf 85' lang='lat' dir='ltr'><strong>nobis;</strong></span> <span class='ocrx_word' id='word_1_596' title='bbox 2105 1621 2210 1653; x_wconf 87' lang='lat' dir='ltr'><strong>neque</strong></span> <span class='ocrx_word' id='word_1_597' title='bbox 2233 1611 2329 1651; x_wconf 87' lang='lat' dir='ltr'><strong>hanc,</strong></span> <span class='ocrx_word' id='word_1_598' title='bbox 2358 1611 2392 1644; x_wconf 90' lang='lat' dir='ltr'><strong>in</strong></span> <span class='ocrx_word' id='word_1_599' title='bbox 2413 1620 2479 1653; x_wconf 85' lang='lat' dir='ltr'><strong>qua</strong></span> 
     </span>
    </p>
   </div>
   <div class='ocr_carea' id='block_1_8' title="bbox 1425 1669 2481 2660">
    <p class='ocr_par' dir='ltr' id='par_1_10' title="bbox 1425 1669 2481 2660">
     <span class='ocr_line' id='line_1_80' title="bbox 1428 1669 2478 1739; baseline 0.002 -38"><span class='ocrx_word' id='word_1_600' title='bbox 1428 1677 1558 1709; x_wconf 89' lang='lat' dir='ltr'><strong>sumus,</strong></span> <span class='ocrx_word' id='word_1_601' title='bbox 1579 1671 1710 1710; x_wconf 85' lang='lat' dir='ltr'><strong>terram,</strong></span> <span class='ocrx_word' id='word_1_602' title='bbox 1725 1669 1766 1702; x_wconf 86' lang='lat' dir='ltr'><strong>ab</strong></span> <span class='ocrx_word' id='word_1_603' title='bbox 1779 1669 1911 1702; x_wconf 83' lang='lat' dir='ltr'><strong>exordio</strong></span> <span class='ocrx_word' id='word_1_604' title='bbox 1928 1669 2023 1711; x_wconf 85' lang='lat' dir='ltr'><strong>faeta,</strong></span> <span class='ocrx_word' id='word_1_605' title='bbox 2038 1671 2094 1703; x_wconf 91' lang='lat' dir='ltr'><strong>sed</strong></span> <span class='ocrx_word' id='word_1_606' title='bbox 2110 1670 2173 1703; x_wconf 90' lang='lat' dir='ltr'><strong>alia</strong></span> <span class='ocrx_word' id='word_1_607' title='bbox 2191 1679 2262 1704; x_wconf 85' lang='lat' dir='ltr'><strong>esse</strong></span> <span class='ocrx_word' id='word_1_608' title='bbox 2281 1670 2478 1739; x_wconf 50' lang='lat' dir='ltr'><strong>antiquiora,</strong></span> 
     </span>
     <span class='ocr_line' id='line_1_81' title="bbox 1429 1728 2478 1772; baseline 0.002 -11"><span class='ocrx_word' id='word_1_609' title='bbox 1429 1728 1593 1762; x_wconf 90' lang='lat' dir='ltr'><strong>intellectu</strong></span> <span class='ocrx_word' id='word_1_610' title='bbox 1613 1729 1738 1771; x_wconf 87' lang='lat' dir='ltr'><strong>potius,</strong></span> <span class='ocrx_word' id='word_1_611' title='bbox 1763 1739 1860 1770; x_wconf 90' lang='lat' dir='ltr'><strong>quam</strong></span> <span class='ocrx_word' id='word_1_612' title='bbox 1874 1730 2024 1763; x_wconf 91' lang='lat' dir='ltr'><strong>sensibus</strong></span> <span class='ocrx_word' id='word_1_613' title='bbox 2036 1754 2045 1770; x_wconf 90' lang='lat'><strong><em>‚</em></strong></span> <span class='ocrx_word' id='word_1_614' title='bbox 2064 1730 2254 1765; x_wconf 83' lang='lat' dir='ltr'><strong>haurienda.</strong></span> <span class='ocrx_word' id='word_1_615' title='bbox 2300 1731 2396 1765; x_wconf 76' lang='lat' dir='ltr'><strong>Aliud</strong></span> <span class='ocrx_word' id='word_1_616' title='bbox 2418 1731 2478 1772; x_wconf 63' lang='lat' dir='ltr'><strong>igi-</strong></span> 
     </span>
     <span class='ocr_line' id='line_1_82' title="bbox 1428 1788 2478 1837; baseline 0.005 -18"><span class='ocrx_word' id='word_1_617' title='bbox 1428 1788 1481 1819; x_wconf 88' lang='lat' dir='ltr'><strong>tur</strong></span> <span class='ocrx_word' id='word_1_618' title='bbox 1512 1797 1622 1820; x_wconf 87' lang='lat' dir='ltr'><strong>verum</strong></span> <span class='ocrx_word' id='word_1_619' title='bbox 1652 1788 1772 1821; x_wconf 83' lang='lat' dir='ltr'><strong>coelum</strong></span> <span class='ocrx_word' id='word_1_620' title='bbox 1794 1789 1834 1837; x_wconf 65' lang='lat' dir='ltr'><strong>&gt;et</strong></span> <span class='ocrx_word' id='word_1_621' title='bbox 1857 1788 1943 1821; x_wconf 90' lang='lat' dir='ltr'><strong>aliud</strong></span> <span class='ocrx_word' id='word_1_622' title='bbox 1981 1788 2136 1831; x_wconf 86' lang='lat' dir='ltr'><strong>quiddam</strong></span> <span class='ocrx_word' id='word_1_623' title='bbox 2161 1798 2234 1823; x_wconf 88' lang='lat' dir='ltr'><strong>esse</strong></span> <span class='ocrx_word' id='word_1_624' title='bbox 2263 1790 2478 1833; x_wconf 82' lang='lat' dir='ltr'><strong>soliditatem,</strong></span> 
     </span>
     <span class='ocr_line' id='line_1_83' title="bbox 1428 1847 2481 1892; baseline 0.003 -13"><span class='ocrx_word' id='word_1_625' title='bbox 1428 1847 1588 1889; x_wconf 85' lang='lat' dir='ltr'><strong>scriptura</strong></span> <span class='ocrx_word' id='word_1_626' title='bbox 1613 1849 1752 1881; x_wconf 88' lang='lat' dir='ltr'><strong>testatur</strong></span> <span class='ocrx_word' id='word_1_627' title='bbox 1787 1857 1796 1877; x_wconf 68' lang='grc' dir='ltr'><strong>ι</strong></span> <span class='ocrx_word' id='word_1_628' title='bbox 1825 1848 2006 1890; x_wconf 87' lang='lat' dir='ltr'><strong>eodemque</strong></span> <span class='ocrx_word' id='word_1_629' title='bbox 2039 1848 2136 1882; x_wconf 91' lang='lat' dir='ltr'><strong>modo</strong></span> <span class='ocrx_word' id='word_1_630' title='bbox 2165 1849 2254 1882; x_wconf 88' lang='lat' dir='ltr'><strong>aliud</strong></span> <span class='ocrx_word' id='word_1_631' title='bbox 2277 1851 2419 1892; x_wconf 86' lang='lat' dir='ltr'><strong>terram,</strong></span> <span class='ocrx_word' id='word_1_632' title='bbox 2446 1852 2481 1884; x_wconf 89' lang='lat' dir='ltr'><strong>et</strong></span> 
     </span>
     <span class='ocr_line' id='line_1_84' title="bbox 1427 1906 2350 1946; baseline 0.003 -8"><span class='ocrx_word' id='word_1_633' title='bbox 1427 1906 1505 1938; x_wconf 87' lang='lat' dir='ltr'><strong>item</strong></span> <span class='ocrx_word' id='word_1_634' title='bbox 1528 1906 1615 1939; x_wconf 90' lang='lat' dir='ltr'><strong>aliud</strong></span> <span class='ocrx_word' id='word_1_635' title='bbox 1637 1906 1768 1940; x_wconf 85' lang='lat' dir='ltr'><strong>siccam.</strong></span> <span class='ocrx_word' id='word_1_636' title='bbox 2346 1943 2350 1946; x_wconf 69' lang='grc'><em>,</em></span> 
     </span>
     <span class='ocr_line' id='line_1_85' title="bbox 1469 1966 2477 2010; baseline 0.004 -12"><span class='ocrx_word' id='word_1_637' title='bbox 1469 1967 1671 1999; x_wconf 81' lang='lat' dir='ltr'><strong>CCLXXVI.</strong></span> <span class='ocrx_word' id='word_1_638' title='bbox 1711 1966 1804 2005; x_wconf 90' lang='lat' dir='ltr'><strong>Quod</strong></span> <span class='ocrx_word' id='word_1_639' title='bbox 1825 1966 1923 2008; x_wconf 86' lang='lat' dir='ltr'><strong>igitur</strong></span> <span class='ocrx_word' id='word_1_640' title='bbox 1941 1966 2022 2000; x_wconf 86' lang='lat' dir='ltr'><strong>illud</strong></span> <span class='ocrx_word' id='word_1_641' title='bbox 2039 1967 2156 2000; x_wconf 83' lang='lat' dir='ltr'><strong>coelum</strong></span> <span class='ocrx_word' id='word_1_642' title='bbox 2177 1968 2268 2010; x_wconf 80' lang='lat' dir='ltr'><strong>prins</strong></span> <span class='ocrx_word' id='word_1_643' title='bbox 2287 1977 2387 2010; x_wconf 87' lang='lat' dir='ltr'><strong>qnam</strong></span> <span class='ocrx_word' id='word_1_644' title='bbox 2412 1977 2477 2003; x_wconf 70' lang='lat' dir='ltr'><strong>em·</strong></span> 
     </span>
     <span class='ocr_line' id='line_1_86' title="bbox 1426 2025 2478 2067; baseline 0.002 -9"><span class='ocrx_word' id='word_1_645' title='bbox 1426 2026 1495 2058; x_wconf 84' lang='lat' dir='ltr'><strong>tera</strong></span> <span class='ocrx_word' id='word_1_646' title='bbox 1513 2027 1600 2059; x_wconf 90' lang='lat' dir='ltr'><strong>Deus</strong></span> <span class='ocrx_word' id='word_1_647' title='bbox 1619 2025 1780 2067; x_wconf 75' lang='lat' dir='ltr'><strong>condidit,</strong></span> <span class='ocrx_word' id='word_1_648' title='bbox 1799 2035 1940 2067; x_wconf 87' lang='lat' dir='ltr'><strong>quamve</strong></span> <span class='ocrx_word' id='word_1_649' title='bbox 1960 2028 2104 2059; x_wconf 81' lang='lat' dir='ltr'><strong>terram?</strong></span> <span class='ocrx_word' id='word_1_650' title='bbox 2126 2027 2220 2060; x_wconf 86' lang='lat' dir='ltr'><strong>Philo</strong></span> <span class='ocrx_word' id='word_1_651' title='bbox 2239 2031 2385 2062; x_wconf 80' lang='lat' dir='ltr'><strong>carentes</strong></span> <span class='ocrx_word' id='word_1_652' title='bbox 2402 2037 2478 2061; x_wconf 84' lang='lat' dir='ltr'><strong>cor·</strong></span> 
     </span>
     <span class='ocr_line' id='line_1_87' title="bbox 1427 2084 2478 2128; baseline 0.003 -12"><span class='ocrx_word' id='word_1_653' title='bbox 1427 2093 1525 2126; x_wconf 87' lang='lat' dir='ltr'><strong>pere,</strong></span> <span class='ocrx_word' id='word_1_654' title='bbox 1555 2086 1653 2125; x_wconf 89' lang='lat' dir='ltr'><strong>atque</strong></span> <span class='ocrx_word' id='word_1_655' title='bbox 1684 2084 1897 2125; x_wconf 84' lang='lat' dir='ltr'><strong>intelligibiles</strong></span> <span class='ocrx_word' id='word_1_656' title='bbox 1912 2109 1920 2124; x_wconf 95' lang='lat'><strong>,</strong></span> <span class='ocrx_word' id='word_1_657' title='bbox 1944 2085 2097 2118; x_wconf 84' lang='lat' dir='ltr'><strong>essentias</strong></span> <span class='ocrx_word' id='word_1_658' title='bbox 2118 2094 2190 2119; x_wconf 81' lang='lat' dir='ltr'><strong>esse</strong></span> <span class='ocrx_word' id='word_1_659' title='bbox 2213 2089 2344 2127; x_wconf 85' lang='lat' dir='ltr'><strong>censet;</strong></span> <span class='ocrx_word' id='word_1_660' title='bbox 2366 2085 2478 2128; x_wconf 80' lang='lat' dir='ltr'><strong>ideas,</strong></span> 
     </span>
     <span class='ocr_line' id='line_1_88' title="bbox 1426 2144 2478 2193; baseline 0.004 -17"><span class='ocrx_word' id='word_1_661' title='bbox 1426 2147 1458 2177; x_wconf 91' lang='lat' dir='ltr'><strong>et</strong></span> <span class='ocrx_word' id='word_1_662' title='bbox 1483 2144 1681 2186; x_wconf 85' lang='lat' dir='ltr'><strong>exemplaria</strong></span> <span class='ocrx_word' id='word_1_663' title='bbox 1704 2147 1770 2177; x_wconf 89' lang='lat' dir='ltr'><strong>tam</strong></span> <span class='ocrx_word' id='word_1_664' title='bbox 1799 2145 1892 2177; x_wconf 84' lang='lat' dir='ltr'><strong>siccae</strong></span> <span class='ocrx_word' id='word_1_665' title='bbox 1919 2145 2014 2177; x_wconf 88' lang='lat' dir='ltr'><strong>istius</strong></span> <span class='ocrx_word' id='word_1_666' title='bbox 2038 2147 2155 2186; x_wconf 85' lang='lat' dir='ltr'><strong>terrae,</strong></span> <span class='ocrx_word' id='word_1_667' title='bbox 2173 2154 2271 2187; x_wconf 87' lang='lat' dir='ltr'><strong>quam</strong></span> <span class='ocrx_word' id='word_1_668' title='bbox 2291 2145 2478 2193; x_wconf 82' lang='lat' dir='ltr'><strong>soliditatis.</strong></span> 
     </span>
     <span class='ocr_line' id='line_1_89' title="bbox 1429 2203 2478 2246; baseline 0.003 -11"><span class='ocrx_word' id='word_1_669' title='bbox 1429 2203 1577 2244; x_wconf 88' lang='lat' dir='ltr'><strong>Denique</strong></span> <span class='ocrx_word' id='word_1_670' title='bbox 1598 2203 1694 2235; x_wconf 88' lang='lat' dir='ltr'><strong>etiam</strong></span> <span class='ocrx_word' id='word_1_671' title='bbox 1715 2203 1881 2236; x_wconf 87' lang='lat' dir='ltr'><strong>hominem</strong></span> <span class='ocrx_word' id='word_1_672' title='bbox 1910 2204 1999 2245; x_wconf 93' lang='lat' dir='ltr'><strong>prius</strong></span> <span class='ocrx_word' id='word_1_673' title='bbox 2030 2203 2282 2246; x_wconf 85' lang='lat' dir='ltr'><strong>intelligibilem,</strong></span> <span class='ocrx_word' id='word_1_674' title='bbox 2308 2205 2342 2237; x_wconf 87' lang='lat' dir='ltr'><strong>et</strong></span> <span class='ocrx_word' id='word_1_675' title='bbox 2367 2213 2478 2238; x_wconf 73' lang='lat' dir='ltr'><strong>exem-</strong></span> 
     </span>
     <span class='ocr_line' id='line_1_90' title="bbox 1429 2262 2476 2306; baseline 0.004 -12"><span class='ocrx_word' id='word_1_676' title='bbox 1429 2262 1516 2303; x_wconf 92' lang='lat' dir='ltr'><strong>plum</strong></span> <span class='ocrx_word' id='word_1_677' title='bbox 1532 2262 1741 2304; x_wconf 87' lang='lat' dir='ltr'><strong>archetypum</strong></span> <span class='ocrx_word' id='word_1_678' title='bbox 1755 2263 1879 2303; x_wconf 86' lang='lat' dir='ltr'><strong>generis</strong></span> <span class='ocrx_word' id='word_1_679' title='bbox 1890 2262 2036 2304; x_wconf 89' lang='lat' dir='ltr'><strong>humani,</strong></span> <span class='ocrx_word' id='word_1_680' title='bbox 2051 2265 2126 2296; x_wconf 89' lang='lat' dir='ltr'><strong>tune</strong></span> <span class='ocrx_word' id='word_1_681' title='bbox 2141 2263 2272 2296; x_wconf 90' lang='lat' dir='ltr'><strong>demum</strong></span> <span class='ocrx_word' id='word_1_682' title='bbox 2285 2272 2476 2306; x_wconf 83' lang='lat' dir='ltr'><strong>corporeum</strong></span> 
     </span>
     <span class='ocr_line' id='line_1_91' title="bbox 1428 2321 2470 2357; baseline 0.003 -4"><span class='ocrx_word' id='word_1_683' title='bbox 1428 2322 1548 2354; x_wconf 87' lang='lat' dir='ltr'><strong>factum</strong></span> <span class='ocrx_word' id='word_1_684' title='bbox 1566 2330 1585 2353; x_wconf 89' lang='lat' dir='ltr'><strong>a</strong></span> <span class='ocrx_word' id='word_1_685' title='bbox 1614 2323 1683 2354; x_wconf 87' lang='lat' dir='ltr'><strong>Deo</strong></span> <span class='ocrx_word' id='word_1_686' title='bbox 1714 2330 1784 2354; x_wconf 84' lang='lat' dir='ltr'><strong>esse</strong></span> <span class='ocrx_word' id='word_1_687' title='bbox 1815 2321 1906 2354; x_wconf 89' lang='lat' dir='ltr'><strong>dicit.</strong></span> <span class='ocrx_word' id='word_1_688' title='bbox 1950 2322 2013 2355; x_wconf 83' lang='lat' dir='ltr'><strong>Alii</strong></span> <span class='ocrx_word' id='word_1_689' title='bbox 2042 2322 2186 2355; x_wconf 88' lang='lat' dir='ltr'><strong>nonita.</strong></span> <span class='ocrx_word' id='word_1_690' title='bbox 2222 2322 2286 2355; x_wconf 87' lang='lat' dir='ltr'><strong>Sed</strong></span> <span class='ocrx_word' id='word_1_691' title='bbox 2313 2322 2470 2357; x_wconf 78' lang='lat' dir='ltr'><strong>scientem</strong></span> 
     </span>
     <span class='ocr_line' id='line_1_92' title="bbox 1426 2379 2474 2422; baseline 0.003 -10"><span class='ocrx_word' id='word_1_692' title='bbox 1426 2381 1612 2421; x_wconf 90' lang='lat' dir='ltr'><strong>prophetam</strong></span> <span class='ocrx_word' id='word_1_693' title='bbox 1629 2379 1709 2412; x_wconf 91' lang='lat' dir='ltr'><strong>duas</strong></span> <span class='ocrx_word' id='word_1_694' title='bbox 1728 2389 1796 2413; x_wconf 83' lang='lat' dir='ltr'><strong>esse</strong></span> <span class='ocrx_word' id='word_1_695' title='bbox 1811 2380 1935 2422; x_wconf 90' lang='lat' dir='ltr'><strong>species</strong></span> <span class='ocrx_word' id='word_1_696' title='bbox 1959 2390 2066 2413; x_wconf 85' lang='lat' dir='ltr'><strong>rerum</strong></span> <span class='ocrx_word' id='word_1_697' title='bbox 2082 2381 2248 2422; x_wconf 87' lang='lat' dir='ltr'><strong>omnium,</strong></span> <span class='ocrx_word' id='word_1_698' title='bbox 2273 2381 2406 2414; x_wconf 74' lang='lat' dir='ltr'><strong>atteram</strong></span> <span class='ocrx_word' id='word_1_699' title='bbox 2422 2381 2474 2415; x_wconf 89' lang='lat' dir='ltr'><strong>in·</strong></span> 
     </span>
     <span class='ocr_line' id='line_1_93' title="bbox 1425 2439 2474 2485; baseline -0.001 -14"><span class='ocrx_word' id='word_1_700' title='bbox 1425 2439 1639 2481; x_wconf 88' lang='lat' dir='ltr'><strong>telligibilem,</strong></span> <span class='ocrx_word' id='word_1_701' title='bbox 1659 2440 1793 2472; x_wconf 87' lang='lat' dir='ltr'><strong>alteram</strong></span> <span class='ocrx_word' id='word_1_702' title='bbox 1822 2439 1973 2485; x_wconf 86' lang='lat' dir='ltr'><strong>sensilem</strong></span> <span class='ocrx_word' id='word_1_703' title='bbox 1985 2463 1995 2481; x_wconf 98' lang='lat'><strong>,</strong></span> <span class='ocrx_word' id='word_1_704' title='bbox 2014 2448 2068 2473; x_wconf 89' lang='lat' dir='ltr'><strong>eas</strong></span> <span class='ocrx_word' id='word_1_705' title='bbox 2087 2440 2246 2481; x_wconf 83' lang='lat' dir='ltr'><strong>virtutes,</strong></span> <span class='ocrx_word' id='word_1_706' title='bbox 2260 2448 2335 2481; x_wconf 78' lang='lat' dir='ltr'><strong>quoe</strong></span> <span class='ocrx_word' id='word_1_707' title='bbox 2351 2443 2474 2476; x_wconf 61' lang='lat' dir='ltr'><strong>utram,</strong></span> 
     </span>
     <span class='ocr_line' id='line_1_94' title="bbox 1425 2498 2471 2540; baseline 0.003 -10"><span class='ocrx_word' id='word_1_708' title='bbox 1425 2507 1490 2540; x_wconf 90' lang='lat' dir='ltr'><strong>que</strong></span> <span class='ocrx_word' id='word_1_709' title='bbox 1502 2500 1649 2531; x_wconf 87' lang='lat' dir='ltr'><strong>naturam</strong></span> <span class='ocrx_word' id='word_1_710' title='bbox 1681 2498 1907 2539; x_wconf 79' lang='lat' dir='ltr'><strong>circumplexae</strong></span> <span class='ocrx_word' id='word_1_711' title='bbox 1925 2499 2131 2539; x_wconf 86' lang='lat' dir='ltr'><strong>contineant,</strong></span> <span class='ocrx_word' id='word_1_712' title='bbox 2152 2499 2272 2531; x_wconf 86' lang='lat' dir='ltr'><strong>eoelum</strong></span> <span class='ocrx_word' id='word_1_713' title='bbox 2291 2500 2325 2532; x_wconf 87' lang='lat' dir='ltr'><strong>et</strong></span> <span class='ocrx_word' id='word_1_714' title='bbox 2351 2501 2471 2533; x_wconf 82' lang='lat' dir='ltr'><strong>terram</strong></span> 
     </span>
     <span class='ocr_line' id='line_1_95' title="bbox 1425 2558 2475 2600; baseline 0.002 -10"><span class='ocrx_word' id='word_1_715' title='bbox 1425 2558 1678 2599; x_wconf 86' lang='lat' dir='ltr'><strong>cognominasse.</strong></span> <span class='ocrx_word' id='word_1_716' title='bbox 1760 2558 1887 2591; x_wconf 83' lang='lat' dir='ltr'><strong>coelum</strong></span> <span class='ocrx_word' id='word_1_717' title='bbox 1932 2558 2062 2599; x_wconf 86' lang='lat' dir='ltr'><strong>quidem</strong></span> <span class='ocrx_word' id='word_1_718' title='bbox 2077 2581 2089 2599; x_wconf 89' lang='lat'><strong>,</strong></span> <span class='ocrx_word' id='word_1_719' title='bbox 2123 2558 2345 2600; x_wconf 84' lang='lat' dir='ltr'><strong>incorpoream</strong></span> <span class='ocrx_word' id='word_1_720' title='bbox 2379 2562 2475 2592; x_wconf 86' lang='lat' dir='ltr'><strong>natu·</strong></span> 
     </span>
     <span class='ocr_line' id='line_1_96' title="bbox 1425 2617 2474 2660; baseline 0.001 -10"><span class='ocrx_word' id='word_1_721' title='bbox 1425 2626 1515 2657; x_wconf 87' lang='lat' dir='ltr'><strong>ram;</strong></span> <span class='ocrx_word' id='word_1_722' title='bbox 1536 2619 1653 2650; x_wconf 89' lang='lat' dir='ltr'><strong>terram</strong></span> <span class='ocrx_word' id='word_1_723' title='bbox 1676 2626 1768 2659; x_wconf 78' lang='lat' dir='ltr'><strong>vero,</strong></span> <span class='ocrx_word' id='word_1_724' title='bbox 1787 2626 1861 2658; x_wconf 89' lang='lat' dir='ltr'><strong>quae</strong></span> <span class='ocrx_word' id='word_1_725' title='bbox 1883 2617 2064 2650; x_wconf 87' lang='lat' dir='ltr'><strong>substantia</strong></span> <span class='ocrx_word' id='word_1_726' title='bbox 2091 2619 2142 2650; x_wconf 83' lang='lat' dir='ltr'><strong>est</strong></span> <span class='ocrx_word' id='word_1_727' title='bbox 2161 2626 2344 2659; x_wconf 86' lang='lat' dir='ltr'><strong>corporum,</strong></span> <span class='ocrx_word' id='word_1_728' title='bbox 2376 2623 2474 2660; x_wconf 80' lang='lat' dir='ltr'><strong>quam</strong></span> 
     </span>
    </p>
   </div>
   <div class='ocr_carea' id='block_1_9' title="bbox 1408 2673 2468 2719">
    <p class='ocr_par' dir='ltr' id='par_1_11' title="bbox 1408 2673 2468 2719">
     <span class='ocr_line' id='line_1_97' title="bbox 1408 2673 2468 2719; baseline 0.001 -9"><span class='ocrx_word' id='word_1_729' title='bbox 1408 2673 1531 2710; x_wconf 63' lang='lat' dir='ltr'><strong>”Graeci</strong></span> <span class='ocrx_word' id='word_1_730' title='bbox 1562 2678 1636 2715; x_wconf 80' lang='grc' dir='ltr'>ὓλην</span> <span class='ocrx_word' id='word_1_731' title='bbox 1661 2678 1788 2711; x_wconf 82' lang='lat' dir='ltr'><strong>vocant.</strong></span> <span class='ocrx_word' id='word_1_732' title='bbox 1809 2677 2028 2718; x_wconf 87' lang='lat' dir='ltr'><strong>Astipulantur</strong></span> <span class='ocrx_word' id='word_1_733' title='bbox 2053 2677 2103 2709; x_wconf 87' lang='lat' dir='ltr'><strong>his</strong></span> <span class='ocrx_word' id='word_1_734' title='bbox 2118 2685 2157 2709; x_wconf 87' lang='lat' dir='ltr'><strong>ea</strong></span> <span class='ocrx_word' id='word_1_735' title='bbox 2179 2685 2255 2718; x_wconf 83' lang='lat' dir='ltr'><strong>quae</strong></span> <span class='ocrx_word' id='word_1_736' title='bbox 2275 2678 2468 2719; x_wconf 81' lang='lat' dir='ltr'><strong>sequuntur.</strong></span> 
     </span>
    </p>
   </div>
   <div class='ocr_carea' id='block_1_10' title="bbox 1423 2734 2499 3013">
    <p class='ocr_par' dir='ltr' id='par_1_12' title="bbox 1423 2734 2499 3013">
     <span class='ocr_line' id='line_1_98' title="bbox 1427 2734 2473 2776; baseline 0 -8"><span class='ocrx_word' id='word_1_737' title='bbox 1427 2737 1533 2768; x_wconf 86' lang='lat' dir='ltr'><strong>Terra</strong></span> <span class='ocrx_word' id='word_1_738' title='bbox 1545 2738 1667 2768; x_wconf 82' lang='lat' dir='ltr'><strong>autem</strong></span> <span class='ocrx_word' id='word_1_739' title='bbox 1681 2737 1761 2768; x_wconf 83' lang='lat' dir='ltr'><strong>erat</strong></span> <span class='ocrx_word' id='word_1_740' title='bbox 1777 2735 1980 2776; x_wconf 82' lang='lat' dir='ltr'><strong>invisibilis,</strong></span> <span class='ocrx_word' id='word_1_741' title='bbox 1995 2737 2028 2768; x_wconf 87' lang='lat' dir='ltr'><strong>et</strong></span> <span class='ocrx_word' id='word_1_742' title='bbox 2045 2735 2220 2776; x_wconf 78' lang='lat' dir='ltr'><strong>informis,</strong></span> <span class='ocrx_word' id='word_1_743' title='bbox 2237 2734 2300 2769; x_wconf 82' lang='lat' dir='ltr'><strong>hoc</strong></span> <span class='ocrx_word' id='word_1_744' title='bbox 2311 2736 2374 2776; x_wconf 86' lang='lat' dir='ltr'><strong>est,</strong></span> <span class='ocrx_word' id='word_1_745' title='bbox 2390 2734 2473 2768; x_wconf 81' lang='lat' dir='ltr'><strong>silva</strong></span> 
     </span>
     <span class='ocr_line' id='line_1_99' title="bbox 1423 2793 2471 2836; baseline 0.002 -10"><span class='ocrx_word' id='word_1_746' title='bbox 1423 2803 1590 2836; x_wconf 90' lang='lat' dir='ltr'><strong>corporea,</strong></span> <span class='ocrx_word' id='word_1_747' title='bbox 1605 2795 1698 2827; x_wconf 87' lang='lat' dir='ltr'><strong>vetus</strong></span> <span class='ocrx_word' id='word_1_748' title='bbox 1716 2794 1828 2827; x_wconf 87' lang='lat' dir='ltr'><strong>mundi</strong></span> <span class='ocrx_word' id='word_1_749' title='bbox 1848 2793 2040 2836; x_wconf 86' lang='lat' dir='ltr'><strong>substantia,</strong></span> <span class='ocrx_word' id='word_1_750' title='bbox 2063 2793 2153 2835; x_wconf 86' lang='lat' dir='ltr'><strong>prius</strong></span> <span class='ocrx_word' id='word_1_751' title='bbox 2171 2802 2271 2836; x_wconf 85' lang='lat' dir='ltr'><strong>quam</strong></span> <span class='ocrx_word' id='word_1_752' title='bbox 2289 2793 2395 2827; x_wconf 78' lang='lat' dir='ltr'><strong>efficta</strong></span> <span class='ocrx_word' id='word_1_753' title='bbox 2413 2795 2471 2828; x_wconf 82' lang='lat' dir='ltr'><strong>Dei</strong></span> 
     </span>
     <span class='ocr_line' id='line_1_100' title="bbox 1423 2851 2499 2895; baseline 0.002 -10"><span class='ocrx_word' id='word_1_754' title='bbox 1423 2853 1547 2895; x_wconf 80' lang='lat' dir='ltr'><strong>opificis</strong></span> <span class='ocrx_word' id='word_1_755' title='bbox 1563 2853 1702 2886; x_wconf 83' lang='lat' dir='ltr'><strong>sollertia</strong></span> <span class='ocrx_word' id='word_1_756' title='bbox 1722 2855 1865 2886; x_wconf 87' lang='lat' dir='ltr'><strong>sumeret</strong></span> <span class='ocrx_word' id='word_1_757' title='bbox 1891 2853 2028 2893; x_wconf 85' lang='lat' dir='ltr'><strong>formas,</strong></span> <span class='ocrx_word' id='word_1_758' title='bbox 2051 2852 2148 2885; x_wconf 88' lang='lat' dir='ltr'><strong>etiam</strong></span> <span class='ocrx_word' id='word_1_759' title='bbox 2165 2853 2247 2887; x_wconf 87' lang='lat' dir='ltr'><strong>tune</strong></span> <span class='ocrx_word' id='word_1_760' title='bbox 2269 2851 2414 2895; x_wconf 87' lang='lat' dir='ltr'><strong>decolor,</strong></span> <span class='ocrx_word' id='word_1_761' title='bbox 2431 2854 2467 2887; x_wconf 82' lang='lat' dir='ltr'><strong>et</strong></span> <span class='ocrx_word' id='word_1_762' title='bbox 2487 2886 2499 2893; x_wconf 75' lang='grc'>,</span> 
     </span>
     <span class='ocr_line' id='line_1_101' title="bbox 1423 2911 2471 2953; baseline 0.002 -9"><span class='ocrx_word' id='word_1_763' title='bbox 1423 2913 1512 2945; x_wconf 89' lang='lat' dir='ltr'><strong>omni</strong></span> <span class='ocrx_word' id='word_1_764' title='bbox 1525 2921 1635 2945; x_wconf 89' lang='lat' dir='ltr'><strong>carens</strong></span> <span class='ocrx_word' id='word_1_765' title='bbox 1650 2912 1816 2953; x_wconf 87' lang='lat' dir='ltr'><strong>qualitate.</strong></span> <span class='ocrx_word' id='word_1_766' title='bbox 1860 2912 1954 2951; x_wconf 90' lang='lat' dir='ltr'><strong>Quod</strong></span> <span class='ocrx_word' id='word_1_767' title='bbox 1971 2921 2046 2945; x_wconf 90' lang='lat' dir='ltr'><strong>vero</strong></span> <span class='ocrx_word' id='word_1_768' title='bbox 2063 2912 2126 2945; x_wconf 87' lang='lat' dir='ltr'><strong>tale</strong></span> <span class='ocrx_word' id='word_1_769' title='bbox 2143 2913 2208 2953; x_wconf 82' lang='lat' dir='ltr'><strong>est,</strong></span> <span class='ocrx_word' id='word_1_770' title='bbox 2221 2911 2368 2948; x_wconf 74' lang='lat' dir='ltr'><strong>invisible</strong></span> <span class='ocrx_word' id='word_1_771' title='bbox 2383 2913 2471 2946; x_wconf 81' lang='lat' dir='ltr'><strong>certe</strong></span> 
     </span>
     <span class='ocr_line' id='line_1_102' title="bbox 1424 2970 2471 3013; baseline 0 -9"><span class='ocrx_word' id='word_1_772' title='bbox 1424 2971 1573 3013; x_wconf 90' lang='lat' dir='ltr'><strong>habetur,</strong></span> <span class='ocrx_word' id='word_1_773' title='bbox 1601 2972 1636 3005; x_wconf 88' lang='lat' dir='ltr'><strong>et</strong></span> <span class='ocrx_word' id='word_1_774' title='bbox 1659 2971 1811 3004; x_wconf 79' lang='lat' dir='ltr'><strong>informe.</strong></span> <span class='ocrx_word' id='word_1_775' title='bbox 1855 2971 1967 3004; x_wconf 83' lang='lat' dir='ltr'><strong>Inanis</strong></span> <span class='ocrx_word' id='word_1_776' title='bbox 1989 2980 2096 3013; x_wconf 87' lang='lat' dir='ltr'><strong>porro,</strong></span> <span class='ocrx_word' id='word_1_777' title='bbox 2125 2972 2159 3004; x_wconf 87' lang='lat' dir='ltr'><strong>et</strong></span> <span class='ocrx_word' id='word_1_778' title='bbox 2184 2970 2278 3004; x_wconf 81' lang='lat' dir='ltr'><strong>nihil</strong></span> <span class='ocrx_word' id='word_1_779' title='bbox 2303 2971 2471 3013; x_wconf 78' lang='lat' dir='ltr'><strong>propterea</strong></span> 
     </span>
    </p>
   </div>
   <div class='ocr_carea' id='block_1_11' title="bbox 1423 3030 2543 3074">
    <p class='ocr_par' dir='ltr' id='par_1_13' title="bbox 1423 3030 2543 3074">
     <span class='ocr_line' id='line_1_103' title="bbox 1423 3030 2543 3074; baseline 0.001 -10"><span class='ocrx_word' id='word_1_780' title='bbox 1423 3031 1527 3069; x_wconf 87' lang='lat' dir='ltr'><strong>dicta,</strong></span> <span class='ocrx_word' id='word_1_781' title='bbox 1546 3032 1632 3074; x_wconf 90' lang='lat' dir='ltr'><strong>quia,</strong></span> <span class='ocrx_word' id='word_1_782' title='bbox 1654 3040 1730 3064; x_wconf 88' lang='lat' dir='ltr'><strong>cum</strong></span> <span class='ocrx_word' id='word_1_783' title='bbox 1749 3031 1792 3064; x_wconf 83' lang='lat' dir='ltr'><strong>sit</strong></span> <span class='ocrx_word' id='word_1_784' title='bbox 1816 3031 1961 3063; x_wconf 91' lang='lat' dir='ltr'><strong>omnium</strong></span> <span class='ocrx_word' id='word_1_785' title='bbox 1983 3031 2175 3072; x_wconf 88' lang='lat' dir='ltr'><strong>qualitatum</strong></span> <span class='ocrx_word' id='word_1_786' title='bbox 2202 3030 2378 3072; x_wconf 83' lang='lat' dir='ltr'><strong>receptrix,</strong></span> <span class='ocrx_word' id='word_1_787' title='bbox 2395 3040 2470 3072; x_wconf 85' lang='lat' dir='ltr'><strong>pro·</strong></span> <span class='ocrx_word' id='word_1_788' title='bbox 2537 3062 2543 3065; x_wconf 71' lang='grc'>,</span> 
     </span>
    </p>
   </div>
   <div class='ocr_carea' id='block_1_12' title="bbox 1422 3090 2469 3486">
    <p class='ocr_par' dir='ltr' id='par_1_14' title="bbox 1422 3090 2469 3486">
     <span class='ocr_line' id='line_1_104' title="bbox 1423 3090 2468 3132; baseline -0.001 -9"><span class='ocrx_word' id='word_1_789' title='bbox 1423 3091 1526 3132; x_wconf 89' lang='lat' dir='ltr'><strong>priam</strong></span> <span class='ocrx_word' id='word_1_790' title='bbox 1542 3091 1666 3125; x_wconf 88' lang='lat' dir='ltr'><strong>nullam</strong></span> <span class='ocrx_word' id='word_1_791' title='bbox 1684 3090 1781 3123; x_wconf 88' lang='lat' dir='ltr'><strong>habet</strong></span> <span class='ocrx_word' id='word_1_792' title='bbox 1792 3098 1831 3124; x_wconf 91' lang='lat' dir='ltr'><strong>ex</strong></span> <span class='ocrx_word' id='word_1_793' title='bbox 1851 3091 1981 3123; x_wconf 88' lang='lat' dir='ltr'><strong>natura.</strong></span> <span class='ocrx_word' id='word_1_794' title='bbox 1996 3090 2086 3123; x_wconf 85' lang='lat' dir='ltr'><strong>Silva</strong></span> <span class='ocrx_word' id='word_1_795' title='bbox 2099 3099 2186 3131; x_wconf 81' lang='lat' dir='ltr'><strong>ergo,</strong></span> <span class='ocrx_word' id='word_1_796' title='bbox 2203 3091 2241 3122; x_wconf 89' lang='lat' dir='ltr'><strong>ut</strong></span> <span class='ocrx_word' id='word_1_797' title='bbox 2252 3098 2328 3131; x_wconf 80' lang='lat' dir='ltr'><strong>quoe</strong></span> <span class='ocrx_word' id='word_1_798' title='bbox 2337 3091 2468 3132; x_wconf 81' lang='lat' dir='ltr'><strong>cuneta,</strong></span> 
     </span>
     <span class='ocr_line' id='line_1_105' title="bbox 1425 3139 2469 3190; baseline 0.001 -9"><span class='ocrx_word' id='word_1_799' title='bbox 1425 3158 1499 3190; x_wconf 83' lang='lat' dir='ltr'><strong>quae</strong></span> <span class='ocrx_word' id='word_1_800' title='bbox 1524 3149 1696 3190; x_wconf 84' lang='lat' dir='ltr'><strong>accidunt,</strong></span> <span class='ocrx_word' id='word_1_801' title='bbox 1718 3148 1854 3190; x_wconf 87' lang='lat' dir='ltr'><strong>recipiat</strong></span> <span class='ocrx_word' id='word_1_802' title='bbox 1871 3149 1905 3182; x_wconf 92' lang='lat' dir='ltr'><strong>in</strong></span> <span class='ocrx_word' id='word_1_803' title='bbox 1928 3158 1982 3190; x_wconf 90' lang='lat' dir='ltr'><strong>se,</strong></span> <span class='ocrx_word' id='word_1_804' title='bbox 2007 3150 2124 3182; x_wconf 81' lang='lat' dir='ltr'><strong>inanis</strong></span> <span class='ocrx_word' id='word_1_805' title='bbox 2145 3139 2325 3190; x_wconf 84' lang='lat' dir='ltr'><strong>appellata,</strong></span> <span class='ocrx_word' id='word_1_806' title='bbox 2341 3149 2469 3190; x_wconf 76' lang='lat' dir='ltr'><strong>atquae</strong></span> 
     </span>
     <span class='ocr_line' id='line_1_106' title="bbox 1423 3198 2469 3250; baseline 0.003 -10"><span class='ocrx_word' id='word_1_807' title='bbox 1423 3209 1580 3250; x_wconf 91' lang='lat' dir='ltr'><strong>compleri</strong></span> <span class='ocrx_word' id='word_1_808' title='bbox 1600 3217 1766 3250; x_wconf 89' lang='lat' dir='ltr'><strong>nunquam</strong></span> <span class='ocrx_word' id='word_1_809' title='bbox 1781 3217 1874 3250; x_wconf 89' lang='lat' dir='ltr'><strong>posse</strong></span> <span class='ocrx_word' id='word_1_810' title='bbox 1888 3208 2046 3244; x_wconf 83' lang='lat' dir='ltr'><strong>videatur.</strong></span> <span class='ocrx_word' id='word_1_811' title='bbox 2089 3210 2190 3241; x_wconf 88' lang='lat' dir='ltr'><strong>Porro</strong></span> <span class='ocrx_word' id='word_1_812' title='bbox 2212 3198 2469 3250; x_wconf 60' lang='lat' dir='ltr'><strong>quia‘sitexpers</strong></span> 
     </span>
     <span class='ocr_line' id='line_1_107' title="bbox 1422 3267 2468 3308; baseline -0.002 -9"><span class='ocrx_word' id='word_1_813' title='bbox 1422 3268 1578 3307; x_wconf 92' lang='lat' dir='ltr'><strong>omnium,</strong></span> <span class='ocrx_word' id='word_1_814' title='bbox 1592 3267 1686 3301; x_wconf 78' lang='lat' dir='ltr'><strong>nihil</strong></span> <span class='ocrx_word' id='word_1_815' title='bbox 1700 3267 1796 3300; x_wconf 87' lang='lat' dir='ltr'><strong>dicta.</strong></span> <span class='ocrx_word' id='word_1_816' title='bbox 1816 3269 1933 3301; x_wconf 72' lang='lat' dir='ltr'><strong>otiosa</strong></span> <span class='ocrx_word' id='word_1_817' title='bbox 1945 3275 2035 3307; x_wconf 87' lang='lat' dir='ltr'><strong>vero,</strong></span> <span class='ocrx_word' id='word_1_818' title='bbox 2046 3268 2080 3303; x_wconf 82' lang='lat' dir='ltr'><strong>et</strong></span> <span class='ocrx_word' id='word_1_819' title='bbox 2092 3267 2247 3307; x_wconf 83' lang='lat' dir='ltr'><strong>indigesta</strong></span> <span class='ocrx_word' id='word_1_820' title='bbox 2260 3269 2468 3308; x_wconf 82' lang='lat' dir='ltr'><strong>nuncupatur</strong></span> 
     </span>
     <span class='ocr_line' id='line_1_108' title="bbox 1423 3324 2464 3374; baseline 0.001 -17"><span class='ocrx_word' id='word_1_821' title='bbox 1423 3334 1442 3356; x_wconf 89' lang='lat' dir='ltr'><strong>a</strong></span> <span class='ocrx_word' id='word_1_822' title='bbox 1461 3327 1667 3367; x_wconf 77' lang='lat' dir='ltr'><strong>Symmacho.</strong></span> <span class='ocrx_word' id='word_1_823' title='bbox 1711 3326 1807 3364; x_wconf 89' lang='lat' dir='ltr'><strong>Quod</strong></span> <span class='ocrx_word' id='word_1_824' title='bbox 1827 3327 1956 3367; x_wconf 89' lang='lat' dir='ltr'><strong>quidem</strong></span> <span class='ocrx_word' id='word_1_825' title='bbox 1975 3335 2032 3367; x_wconf 88' lang='lat' dir='ltr'><strong>per</strong></span> <span class='ocrx_word' id='word_1_826' title='bbox 2051 3335 2085 3358; x_wconf 86' lang='lat' dir='ltr'><strong>se</strong></span> <span class='ocrx_word' id='word_1_827' title='bbox 2099 3325 2176 3357; x_wconf 88' lang='lat' dir='ltr'><strong>nihil</strong></span> <span class='ocrx_word' id='word_1_828' title='bbox 2196 3324 2320 3374; x_wconf 80' lang='lat' dir='ltr'><strong>valeat,</strong></span> <span class='ocrx_word' id='word_1_829' title='bbox 2341 3326 2464 3367; x_wconf 83' lang='lat' dir='ltr'><strong>otiosa;</strong></span> 
     </span>
     <span class='ocr_line' id='line_1_109' title="bbox 1423 3382 2466 3426; baseline 0.001 -11"><span class='ocrx_word' id='word_1_830' title='bbox 1423 3384 1509 3423; x_wconf 89' lang='lat' dir='ltr'><strong>quod</strong></span> <span class='ocrx_word' id='word_1_831' title='bbox 1535 3394 1610 3417; x_wconf 84' lang='lat' dir='ltr'><strong>vero</strong></span> <span class='ocrx_word' id='word_1_832' title='bbox 1627 3385 1743 3418; x_wconf 88' lang='lat' dir='ltr'><strong>habeat</strong></span> <span class='ocrx_word' id='word_1_833' title='bbox 1764 3385 2036 3426; x_wconf 83' lang='lat' dir='ltr'><strong>opportunitatem</strong></span> <span class='ocrx_word' id='word_1_834' title='bbox 2060 3382 2258 3425; x_wconf 87' lang='lat' dir='ltr'><strong>suscipiendi</strong></span> <span class='ocrx_word' id='word_1_835' title='bbox 2284 3382 2407 3416; x_wconf 89' lang='lat' dir='ltr'><strong>ordinis</strong></span> <span class='ocrx_word' id='word_1_836' title='bbox 2425 3383 2466 3416; x_wconf 88' lang='lat' dir='ltr'><strong>ab</strong></span> 
     </span>
     <span class='ocr_line' id='line_1_110' title="bbox 1422 3441 2464 3486; baseline 0.003 -13"><span class='ocrx_word' id='word_1_837' title='bbox 1422 3445 1597 3477; x_wconf 87' lang='lat' dir='ltr'><strong>exornante</strong></span> <span class='ocrx_word' id='word_1_838' title='bbox 1615 3447 1716 3477; x_wconf 83' lang='lat' dir='ltr'><strong>semet</strong></span> <span class='ocrx_word' id='word_1_839' title='bbox 1727 3445 1814 3486; x_wconf 87' lang='lat' dir='ltr'><strong>Deo,</strong></span> <span class='ocrx_word' id='word_1_840' title='bbox 1832 3442 1990 3478; x_wconf 87' lang='lat' dir='ltr'><strong>mundum</strong></span> <span class='ocrx_word' id='word_1_841' title='bbox 2007 3442 2171 3482; x_wconf 83' lang='lat' dir='ltr'><strong>moliente,</strong></span> <span class='ocrx_word' id='word_1_842' title='bbox 2192 3441 2369 3483; x_wconf 75' lang='lat' dir='ltr'><strong>indiqesta</strong></span> <span class='ocrx_word' id='word_1_843' title='bbox 2388 3451 2464 3476; x_wconf 86' lang='lat' dir='ltr'><strong>cen·</strong></span> 
     </span>
    </p>
   </div>
  </div>
 </body>
</html>
