2638 3840
405 275 475 305 1⁴0
1231 257 1496 297 SOPHISTAE
1524 257 1695 297 GRAEct
1704 287 1712 297 .

390 355 497 395 bitur
517 359 580 393 ποῦ
599 355 628 393 δ’
642 357 672 392 οἱ
685 369 805 407 πρωην
823 354 1031 403 στρατηγοί;
1056 349 1113 385 vel
1131 362 1196 385 που
1215 346 1243 384 δ’
1257 348 1288 385 οἱ
1303 346 1426 399 πρώην

393 417 545 469 βασιλεῖς
558 414 617 453 καὶ
638 411 848 466 στρατηγοί;
866 409 968 461 apud
989 407 1183 445 Stobaeum
1214 414 1340 444 autem
1362 420 1428 444 που

390 474 426 513 δὲ
448 474 568 527 πρώην
591 475 621 512 οἱ
642 473 723 511 δέκα
741 468 961 523 στρατηγοί.)

505 531 665 573 ἼΙκουσα
687 531 723 570 δέ
754 545 836 568 ποτε
856 528 916 567 καὶ
944 530 1003 566 τοῦ
1039 524 1212 578 Προδίκου
1241 523 1427 575 λέγοντος,

391 548 460 631 ὅτιὸ
471 595 489 629 6
508 590 651 634 Θάνατος
671 589 749 627 οὔτε
772 587 850 639 περὶ
871 602 950 631 τους
976 584 1107 630 ζυντάς
1132 585 1224 622 ἐστιν
1243 582 1321 622 οὔτε
1347 582 1427 637 περὶ

389 650 468 695 τοὺς
481 649 756 702 μετηλλαχότας.

444 709 725 760 (Pseudoplato
751 705 916 745 Axioch.
942 718 982 756 p.
1015 704 1108 754 369.
1131 703 1220 741 Haec
1240 703 1429 741 sententia

392 770 431 807 in
450 767 696 819 sequentibus
716 766 773 803 sic
795 765 1041 802 illustratur:
1067 762 1151 801 ΑΞ.
1176 763 1258 805 Πῶς
1282 761 1348 813 φῄς
1362 791 1373 810 ,
1395 753 1424 799 ὦ

390 828 595 879 Σώκρατες;
619 827 701 864 ΣΩ.
718 822 806 862 ‘'Ou
821 822 899 875 περὶ
917 822 982 873 μὲν
1001 837 1079 866 τους
1098 824 1229 867 ζῶντας
1241 823 1304 859 οὐκ
1317 819 1424 870 ἔστιν,

390 887 420 924 οἱ
445 885 479 923 δὲ
498 885 724 925 ἀποθανόντες
745 882 807 920 οὐκ
826 880 925 919 εἰσίν.
947 879 1061 919 εὨστε
1092 879 1170 919 οὔτε
1190 879 1272 931 περὶ
1300 878 1339 917 σὲ
1365 881 1425 917 νῦν

388 944 501 990 ἐστιν,
517 944 554 981 οὗ
574 941 641 993 γὰρ
663 940 829 988 τέθνηκας
845 969 856 989 ,
875 938 952 977 οὔτε
973 938 1006 977 εἴ
1023 955 1059 977 τι
1072 937 1251 990 πάθοις,’
1232 953 1333 977 εσται
1346 937 1427 990 περὶ

388 1001 447 1040 σέ·
469 1001 510 1039 σὺ
538 1000 604 1053 γὰρ
633 1001 695 1038 οὐκ
716 998 802 1037 ἔσει.
827 998 987 1042 Μάταιος
1010 991 1068 1036 ουν
1089 1001 1111 1045 ἡ
1146 998 1240 1045 λύπη
1263 996 1343 1049 περὶ
1366 1012 1426 1035 του

386 1061 475 1112 μήτε
494 1061 587 1104 ὄντος
607 1059 696 1110 μήτε
716 1058 880 1109 ἐσομένου
899 1058 980 1110 περὶ
999 1057 1152 1110 Ἀξίοχον
1174 1056 1326 1110 Ἀξίοχον
1343 1056 1425 1095 ὀδύ-

386 1124 523 1173 ρεσθαι,
546 1119 605 1157 καὶ
625 1118 742 1169 ὅμοιον
761 1120 807 1162 ὡς
824 1119 853 1156 εἷ
872 1118 951 1169 περὶ
968 1120 1030 1165 τῆς
1046 1117 1207 1164 Σκύλλης
1223 1115 1245 1163 ἢ
1262 1119 1321 1155 τοῦ
1343 1118 1426 1155 Κεν-

383 1180 511 1231 ταύρου
532 1195 580 1222 τις
596 1178 771 1231 ὀδύροιτο,
789 1180 856 1216 τῶν
875 1176 963 1228 μήτε
984 1177 1091 1216 ὄντων
1105 1192 1165 1215 νυν
1183 1175 1262 1228 περὶ
1281 1175 1319 1214 σὲ
1337 1176 1426 1225 μήτε

384 1254 523 1290 υστερον
545 1237 633 1287 μετὰ
648 1236 711 1284 τὴν
730 1235 894 1284 τελευτὴν
916 1236 1104 1286 ἐσομένων.
1129 1235 1180 1275 Τὸ
1195 1235 1261 1288 γὰρ
1282 1234 1425 1288 φοὸερὸν

381 1296 452 1339 τοῖς
469 1293 561 1334 ουσίν
582 1297 676 1334 ε’στι·
695 1298 765 1339 τοῖς
785 1296 904 1334 δὀὐκ
933 1288 1008 1333 ουσι
1033 1297 1107 1338 πῶς
1126 1294 1167 1332 ἂν
1184 1293 1264 1341 εἴη·
1256 1322 1266 1340 ,
1287 1293 1427 1332 Priora

383 1354 474 1393 inde
489 1368 511 1393 a
528 1356 661 1394 verbis
681 1354 735 1393 ὅτι
754 1357 771 1393 ὁ
791 1355 936 1397 θάνατος
960 1367 1086 1404 usque
1105 1354 1152 1392 ad
1170 1355 1201 1392 oi
1220 1352 1255 1391 δὲ
1276 1354 1420 1401 ἀποθα-

382 1413 495 1457 νόντες
511 1418 574 1453 οὐκ
590 1414 674 1452 εἷσίν
694 1422 846 1452 exstant
866 1414 982 1451 etiam
1003 1414 1106 1464 apud
1125 1413 1319 1450 Stobaeum
1339 1413 1426 1451 Flo-

383 1474 446 1514 ril.
469 1473 548 1521 CX,
573 1476 632 1520 34.
651 1474 839 1512 Similiter
859 1473 1053 1523 Epicurus
1067 1474 1115 1511 de
1132 1482 1256 1511 morte
1271 1473 1425 1523 judica-

383 1532 449 1570 bat
479 1541 572 1570 teste
593 1533 766 1582 Diogene
797 1532 952 1570 Laertio
981 1531 1031 1583 X,
1057 1533 1143 1570 125.
1180 1532 1245 1570 Ait
1277 1534 1379 1570 enim
1413 1547 1421 1570 :

380 1590 476 1629 οὐδὲν
490 1591 557 1643 γάρ
577 1593 668 1629 ἐστιν
690 1594 723 1630 ἐν
740 1593 789 1643 τῷ
811 1594 870 1637 ζῆν
889 1590 1010 1638 δεινόν,
1031 1593 1080 1644 τῷ
1095 1591 1321 1643 κατειληφότι
1339 1607 1423 1642 γνη·

380 1649 461 1694 σίως
484 1651 524 1689 τὸ
541 1650 648 1701 μηδὲν
679 1650 847 1703 ὑπάρχειν
869 1652 904 1688 ἐν
933 1652 985 1703 τῷ
1009 1649 1059 1702 μὴ
1079 1652 1140 1698 ζῆν
1171 1649 1294 1690 δεινόν.
1313 1650 1423 1689 ςΏστε

380 1709 526 1759 μάταιος
545 1712 563 1748 6
582 1710 692 1761 λέγων
712 1709 858 1748 δεδιέναι
877 1710 934 1747 τὸν
956 1710 1103 1749 θάνατον
1116 1740 1126 1757 ,
1142 1713 1207 1762 οὐχ
1230 1709 1283 1749 ὅτι
1307 1710 1422 1758 λυπή-

380 1784 433 1806 σει
455 1768 576 1820 παρών
589 1799 599 1817 ,
616 1770 693 1808 ἀλλ’
711 1768 763 1807 ὅτι
779 1770 883 1807 λυπεῖ
900 1770 1053 1823 μέλλων,
1075 1768 1126 1809 ζὉ
1143 1769 1210 1822 γὰρ
1229 1768 1341 1822 παρὸν
1362 1771 1424 1808 οὐκ

380 1827 532 1878 ἐνοχλεῖ,
546 1827 836 1880 προσδοκώμενον
856 1830 962 1871 κενῶς
975 1829 1093 1868 λυπεῖ.
1114 1828 1167 1868 Τὸ
1187 1828 1422 1881 φρικωδέστα-

379 1900 437 1923 τον
455 1879 514 1924 οῧν
532 1889 598 1925 τῶν
619 1889 736 1925 κακῶν
757 1891 774 1926 6
798 1887 943 1930 θάνατος
962 1887 1059 1926 οὐδὲν
1087 1888 1172 1940 πρὸς
1192 1891 1303 1938 ἡμᾶς·
1330 1889 1423 1926 ἐπει-

381 1944 508 1998 δήπερ,
536 1945 618 1985 ὅταν
637 1946 699 1996 μὲν
717 1949 818 1997 ἡμεις
838 1949 959 1997 ὠμεν,
976 1949 994 1985 ὁ
1014 1947 1159 1991 θάνατος
1179 1948 1217 1986 οὗ
1238 1947 1423 1999 πάρεστιν·

378 2002 460 2042 ὅταν
482 2004 518 2043 δὲ
542 2007 560 2042 ὁ
583 2004 726 2049 θάνατος
746 2021 844 2059 παρῃ
859 2036 869 2055 ,
888 2005 960 2045 τόθ’
981 2009 1084 2056 ἡμεῖς
1100 2006 1164 2044 οὐκ
1186 2004 1306 2056 ἐσμέν.
1327 2004 1421 2045 Οὔτε

379 2067 436 2101 οὖν
463 2063 548 2116 πρὸς
568 2064 644 2109 τοὺς
665 2065 832 2109 ζῶντάς’
817 2080 936 2114 εστιν,
962 2064 1041 2103 οὔτε
1061 2064 1145 2118 πρὸς
1170 2081 1248 2108 τους
1267 2066 1382 2103 τετελε
1368 2079 1422 2103 =·u

379 2122 546 2169 τηκότας·
566 2126 640 2162 ἐπε
644 2123 754 2177 δήπερ
774 2123 854 2176 περὶ
877 2123 934 2167 οὓς
960 2123 1022 2174 μὲν
1044 2125 1107 2163 οὐκ
1125 2124 1237 2172 ἔστιν,
1257 2126 1290 2162 οἱ
1319 2123 1354 2161 δὲ
1370 2127 1423 2162 οὖ-

379 2181 453 2220 κέτι
478 2182 577 2222 εἰσίν.
611 2184 787 2233 Denique
823 2184 983 2222 Prodici
1018 2184 1078 2222 vel
1114 2184 1279 2234 Epicuri'
1303 2183 1422 2221 disci-

379 2241 496 2291 plinae
514 2251 770 2280 consentanea
791 2251 903 2290 sunt,
919 2257 1006 2293 quae
1025 2243 1161 2281 Cicero
1178 2243 1295 2281 Tusc.
1320 2241 1353 2292 I,
1373 2242 1422 2280 38

381 2300 537 2351 scripsit
560 2315 568 2338 ε
593 2318 608 2334 «
629 2301 772 2338 Natura
791 2315 886 2339 vero
899 2331 909 2349 ‚
927 2302 1080 2352 inquit,
1097 2302 1153 2340 sic
1167 2315 1207 2340 se
1227 2301 1364 2348 habet,
1380 2310 1424 2338 ut

380 2363 574 2412 quomodo
603 2364 757 2401 initium
793 2363 908 2401 nobis
942 2377 1074 2401 rerum
1107 2364 1283 2401 omnium
1313 2371 1422 2401 ortus

380 2430 511 2458 noster
533 2421 688 2470 afferat,
710 2423 766 2459 sic
792 2422 939 2460 exitum
963 2435 1080 2460 mors.
1105 2422 1157 2460 Ut
1176 2422 1275 2460 nihil
1302 2421 1422 2473 perti-

384 2479 469 2517 nuit
496 2479 543 2516 ad
563 2493 634 2518 nos
654 2489 741 2518 ante
764 2490 891 2519 ortum
917 2495 925 2518 z
949 2482 1004 2519 sic
1026 2481 1123 2519 nihil
1146 2489 1234 2532 post
1257 2489 1420 2519 mortem

421 2596 452 2625 3.
477 2593 590 2624 Audivi
630 2596 783 2633 praeterea
819 2595 990 2626 Prodicum
1027 2595 1200 2636 aliquando
1237 2595 1397 2627 dicentem
1414 2620 1421 2633 ‚

380 2653 517 2684 mortem
534 2661 636 2692 neque
650 2653 690 2683 ad
711 2652 801 2684 vivos
818 2662 922 2693 neque
939 2654 977 2685 ad
997 2655 1143 2686 mortuos
1167 2654 1337 2695 pertinere.

423 2713 452 2742 4.
470 2712 534 2751 Ego
552 2719 628 2742 vero
647 2720 747 2751 quum
764 2712 917 2752 Eryxiam
933 2713 977 2744 ita
995 2713 1147 2745 affectum
1163 2723 1231 2746 esse
1251 2713 1424 2746 intellexis-

383 2779 472 2810 sem,
498 2778 533 2802 ac
551 2779 678 2803 vererer
703 2780 742 2803 ne
765 2773 1011 2806 concertationis
1029 2774 1135 2806 studio
1157 2774 1310 2806 conviciis
1331 2774 1422 2806 insu·

381 2839 437 2871 per
450 2829 586 2862 alierum
603 2833 839 2863 consectaretur
854 2845 863 2864 ι
881 2833 950 2864 Hoc
961 2856 970 2871 ,
987 2833 1136 2873 inquam,
1154 2842 1303 2865 sermone
1318 2842 1421 2874 nuper

380 2888 414 2920 in
445 2890 548 2928 Lyceo
582 2888 691 2920 habito
717 2889 765 2920 vir
790 2890 915 2930 sapiens
944 2891 1096 2922 Prodicus
1124 2893 1207 2924 Ceus
1234 2892 1278 2924 ita
1309 2892 1421 2932 nugari

384 2946 595 2987 praesentibus
618 2946 796 2986 videbatur,
822 2952 858 2979 ut
878 2958 990 2980 eorum
1019 2950 1139 2981 nemini
1157 2959 1190 2982 se
1214 2960 1289 2982 vera
1315 2951 1421 2983 dicere

383 3005 491 3047 posset
511 3005 711 3045 persuadere.
746 3008 792 3038 Ac
813 3015 889 3039 sane
907 3008 1003 3039 etiam
1020 3008 1116 3040 homo
1134 3009 1265 3049 quidam
1288 3009 1419 3050 perndo-

383 3063 500 3096 lescens
532 3063 645 3104 insigni
674 3063 865 3104 loquacitate
906 3066 1011 3106 ipsum
1045 3076 1214 3107 aggressus
1242 3068 1420 3109 assidebat,

381 3121 565 3162 deridebat,
600 3121 834 3163 ludificabatur,
863 3124 1130 3164 calumniabatur,
1158 3135 1196 3157 eo
1225 3126 1357 3158 consilio
1384 3128 1421 3159 ut

382 3181 541 3213 dictorum
560 3182 716 3214 rationem
729 3183 898 3223 acciperet;
913 3185 1009 3224 atque
1018 3184 1046 3216 is
1062 3185 1189 3225 quidem
1203 3186 1308 3218 multo
1323 3187 1420 3219 etiam

383 3241 485 3280 magis
505 3240 569 3272 aud
582 3240 707 3273 entium
730 3241 930 3274 sermonibus
948 3243 1167 3276 celebrabatur
1191 3254 1288 3285 quam
1304 3245 1419 3279 Prodi·

383 3309 447 3331 (us.
470 3301 606 3332 Potesne
624 3301 720 3339 igitur
736 3300 828 3332 nobis
841 3325 851 3341 ,
868 3301 971 3342 inquit
991 3302 1204 3335 Erasistratus
1215 3326 1226 3342 ‚
1240 3312 1419 3336 sermonem

381 3358 479 3389 istum
503 3358 640 3391 referre?
655 3359 795 3391 Omnino
806 3383 815 3399 ‚
830 3359 859 3392 si
874 3360 954 3392 sorte
969 3361 1160 3393 meminero.
1178 3361 1230 3394 Sic
1241 3362 1327 3394 enim
1341 3362 1418 3402 sere,

384 3419 419 3446 nt
434 3424 493 3455 ego
512 3416 660 3456 arbitror,
677 3426 711 3449 se
727 3417 875 3450 habebat.
890 3418 1108 3459 Interrogabat
1123 3419 1208 3451 enim
1222 3420 1329 3461 ipsum
1341 3421 1418 3454 ado-

384 3473 596 3515 lescentulus,
613 3476 775 3518 quomodo
794 3479 919 3517 putaret
937 3477 1059 3510 malum
1077 3487 1167 3520 esse,
1180 3478 1302 3512 divitiis
1318 3479 1417 3513 abun-

1492 345 1716 399 pertinebit.
1741 346 1785 384 ln
1818 359 1897 397 quo
1931 344 2027 396 quid
2047 354 2174 397 potest
2193 358 2276 385 esse
2292 346 2535 398 mali,quum

1492 420 1597 445 mors
1618 420 1688 444 nec
1712 406 1758 444 ad
1780 406 1897 443 vivos
1921 404 2137 456 pertineat,
2160 417 2230 443 nec
2258 405 2307 444 ad
2335 406 2535 445 mortuos?

1492 466 1616 503 Alteri
1637 465 1737 503 nulli
1757 473 1872 513 sunt,
1892 464 2037 502 alteros
2058 477 2136 503 non
2156 465 2292 515 tangit.
2315 482 2331 499 ι,
2350 466 2364 516 )

1544 537 1575 563 Δ.
1609 521 1838 572 Καταμαθὼν
1861 522 1891 560 δ’
1911 519 1980 574 ἐγὼ
1998 520 2109 566 οὕτως
2133 521 2260 575 ἔχοντα
2278 523 2339 562 τὸν
2355 522 2534 577 Ἐρυξίαν,

1491 581 1551 621 καὶ
1583 581 1835 632 εὖλαὸούμενος
1874 580 1924 631 μὴ
1963 580 2175 634 ποῤῥωτέρω
2211 597 2261 627 τις
2288 582 2443 637 λοιδορία
2477 583 2536 623 καὶ

1491 641 1690 684 ἐναντίωσις
1704 640 1838 692 γένοιτο
1848 670 1859 691 ,
1880 640 2029 679 Τουτονὶ
2051 640 2115 691 μὲν
2135 640 2193 679 τὸν
2209 640 2334 694 λόγον,
2349 639 2435 695 ἔφην
2451 642 2533 693 ἐγώ,

1490 698 1611 751 πρώην
1635 700 1670 737 ἐν
1691 698 1831 751 Λυκείῳ
1849 698 1939 751 ἀνὴρ
1957 698 2059 751 σοφὸς
2075 698 2186 751 λέγων
2210 699 2377 753 ΙΙρόδικος
2392 703 2411 740 6
2434 701 2537 746 Κεῖος

1491 758 1602 797 ἐδόκει
1632 764 1702 802 τοῖς
1728 761 1878 810 παροῦσι
1912 758 2080 812 φλυαρεῖν
2113 757 2248 805 οὕτως,
2280 758 2372 799 ὥστε
2403 760 2538 812 μηδένα

1494 819 1662 856 δύνασθαι
1683 824 1803 857 πεῖσαι
1826 820 1895 856 τῶν
1923 818 2104 870 παρόντων
2123 823 2169 862 ὡς
2189 819 2305 866 αληθῆ
2333 820 2354 858 λ
2381 834 2443 871 (οι.
2468 819 2539 860 Καὶ

1491 879 1580 925 δῆτα
1597 877 1657 917 καὶ
1677 877 1859 930 μειράκιόν
1874 893 1909 915 τι
1929 876 2061 930 σφόδρα
2077 876 2151 915 νέον
2167 877 2356 929 προσελθὸν
2372 878 2432 919 καὶ
2447 893 2537 917 στω·

1491 936 1623 988 μόλον,
1645 935 1986 990 προσκαθιζόμενον,
2018 935 2191 987 κατεγέλα
2221 952 2258 975 τε
2279 935 2340 976 καὶ
2365 936 2538 1012 ἐχλεύαζε

1491 996 1551 1035 καὶ
1584 996 1692 1035 ἔσειεν
1726 995 1851 1043 αὐτόν,
1883 995 2093 1047 βουλόμενον
2126 995 2228 1047 λόγον
2260 994 2456 1046 λαμὸάνειν
2488 989 2537 1035 ων

1491 1054 1608 1107 ἔλεγε·
1630 1054 1691 1094 καὶ
1709 1055 1827 1106 μέντοι
1849 1070 1910 1093 και
1936 1053 2025 1093 πολὺ
2056 1055 2189 1105 μαλλον
2212 1054 2421 1102 εὐδοκίμησε
2439 1054 2538 1108 παρὰ

1489 1115 1561 1158 τοῖς
1592 1113 1827 1166 ἀκροωμένοις
1854 1113 1947 1166 ἤπερ
1975 1116 1994 1152 6
2019 1114 2205 1166 Πρόδικος.
2263 1107 2340 1167 Ἆρ’
2363 1129 2445 1162 ουν,
2470 1113 2537 1167 ἔφη

1489 1175 1507 1211 6
1527 1172 1825 1226 Ἐρασίστρατος,
1854 1171 1992 1224 ἔχοις
1974 1188 2016 1210 αν
2041 1176 2128 1223 ἡμῖν
2153 1173 2367 1224 ἀπαγγεῖλαι
2395 1173 2455 1213 τὸν
2475 1173 2537 1212 λό-

1489 1248 1574 1284 γον;
1598 1232 1722 1305 Πάνυ
1733 1231 1796 1284 μὲν
1818 1225 1901 1279 οὖν,
1926 1231 1985 1270 ἐὰν
2014 1231 2083 1284 ἄρα
2108 1232 2338 1282 ἀναμνησθῶ.
2362 1231 2446 1273 Ὦδι
2468 1232 2537 1286 γάρ

1490 1307 1578 1340 πως,
1593 1294 1639 1336 ὡς
1655 1284 1815 1345 ἐγῳμαι,
1831 1295 1936 1343 εἶχεν.
1949 1290 2091 1343 Ἤρώτα
2102 1290 2171 1343 γὰρ
2184 1290 2288 1330 αὐτὸν
2304 1290 2344 1330 τὸ
2357 1291 2537 1344 μειράκιον

1489 1367 1564 1396 πως
1581 1351 1691 1390 οἴεται
1708 1350 1815 1389 κακὸν
1833 1353 1921 1389 εἶναι
1941 1350 1980 1389 τὸ
1999 1351 2185 1400 πλουτεῖν,
2202 1366 2263 1389 και
2281 1349 2374 1393 ὅπως
2390 1349 2533 1404 ἀγαθόν.

1490 1409 1534 1450 Ὁ
1559 1411 1588 1449 δ’
1620 1409 1831 1457 υπολαὸών,
1853 1407 1996 1462 ’Ὠσπερ
2016 1408 2077 1447 καὶ
2099 1412 2141 1447 σὺ
2162 1425 2221 1448 νυν
2253 1409 2297 1456 δή
2311 1439 2323 1460 ,
2357 1409 2445 1463 ἔφη,
2465 1415 2538 1454 τοῖς

1489 1469 1553 1520 μὲν
1576 1471 1695 1513 καλοῖς
1713 1469 1880 1520 κάγαθοῖς
1897 1470 1967 1506 τῶν
1991 1468 2187 1521 ἀνθρώπων
2207 1468 2337 1519 ἀγαθόν
2350 1499 2362 1518 ,
2387 1469 2448 1508 καὶ
2465 1474 2538 1515 τοῖς

1489 1529 1733 1580 ἐπισταμένοις
1755 1527 1844 1568 ὅπου
1864 1529 1917 1567 δεῖ
1936 1531 2092 1581 χρῆσθαι
2112 1533 2184 1573 τοῖς
2207 1528 2390 1582 χρήμασι,
2402 1529 2536 1573 τούτοις

1489 1590 1552 1640 μὲν
1571 1588 1699 1639 ἀγαθόν
1712 1620 1724 1637 ,
1746 1594 1818 1632 τοῖς
1837 1588 1873 1626 δὲ
1896 1590 2088 1640 μοχθηροῖς
2117 1589 2177 1626 καὶ
2200 1587 2457 1640 ἀνεπιστήμοσι
2474 1604 2538 1628 κα-

1488 1648 1563 1688 κόν.
1580 1647 1631 1687 Ε
1626 1664 1691 1701 χει
1706 1649 1736 1687 δ’
1751 1648 1846 1701 ,ἔφη
1856 1677 1866 1695 ,
1883 1647 1943 1686 καὶ
1955 1641 2071 1685 τᾶλλα
2086 1647 2282 1700 πράγματα
2295 1647 2386 1687 οὕτω
2399 1647 2536 1687 πάντα·

1486 1710 1599 1746 ὁποῖοι
1618 1707 1686 1760 γὰρ
1715 1707 1756 1746 ἄν
1777 1722 1870 1751 τινες
1889 1699 1974 1746 ὦσιν
1989 1710 2022 1746 οἱ
2009 1706 2234 1768 „va'mtwh
2253 1723 2399 1747 τοιαυτα
2414 1707 2476 1747 καὶ
2490 1705 2536 1746 τὰ

1487 1766 1682 1819 πράγματα
1704 1767 1819 1809 αὐτοῖς
1836 1765 1973 1816 ἀνάγκη
1996 1769 2097 1805 εἶναι.
2117 1766 2245 1810 Καλῶς
2265 1766 2297 1804 δ
2311 1765 2404 1819 ,ἔφη
2416 1795 2427 1813 ,
2441 1765 2539 1805 δοκεῖ

1488 1841 1547 1877 μοι
1566 1825 1623 1864 καὶ
1645 1824 1685 1863 τὸ
1710 1828 1770 1863 τοῦ
1789 1822 1996 1876 Ἀρχιλόχου
2015 1826 2246 1871 πεποιῆσθαι·

1572 1919 1634 1952 Καὶ
1654 1922 1796 1961 φρονεῦσι
1811 1918 1874 1951 τοῖ’
1895 1918 2012 1956 ὁκοίοις
2031 1919 2245 1961 ἐγκυρέωσιν·
2269 1912 2460 1960 ἔργμασινῧ.

1487 2007 1562 2045 Νῦν
1578 2004 1651 2057 ἄρ’,
1670 2004 1736 2058 ἔφη
1752 2003 1792 2042 τὸ
1810 2003 1991 2056 μειράκιον
2003 2034 2013 2052 ,
2033 2003 2130 2047 εἴτις
2147 2003 2207 2054 ἐμὲ
2225 2003 2330 2057 σοφὸν
2345 2003 2442 2042 ποιοῖ
2454 2002 2537 2042 ταῦ-

1486 2080 1549 2111 την
1569 2063 1631 2111 τὴν
1651 2062 1775 2115 σοφίαν
1797 2062 1839 2109 ἣν
1861 2064 1893 2100 οἱ
1920 2062 2044 2115 ἀγαθοὶ
2065 2062 2186 2115 ἄνδρες
2206 2061 2306 2115 σοφοί
2330 2063 2435 2111 εἰσιν,
2456 2061 2534 2113 ἅμα

1487 2123 1623 2174 ἀνάγκη
1655 2121 1716 2161 καὶ
1747 2121 1793 2160 τὰ
1831 2122 1922 2160 ἄλλα
1959 2122 2138 2174 πράγματ’
2173 2121 2277 2160 αὐτὸν
2313 2121 2429 2174 ἀγαθὰ
2454 2121 2536 2174 ἐμοὶ

1486 2187 1596 2221 ποιεῖν
1609 2211 1619 2230 ,
1642 2181 1727 2234 πρὸς
1747 2181 1809 2231 μὲν
1830 2181 1921 2220 αὐτὰ
1945 2182 2062 2219 ἐκεῖνα
2084 2180 2192 2231 μηδὲν
2210 2181 2537 2233 πραγματευσάμε-

1676 2240 1904 2257 ’’’’

1486 2300 1518 2340 εἴ
1535 2317 1587 2344 τις
1604 2300 1666 2350 ἐμὲ
1682 2299 1757 2338 νυνὶ
1774 2298 2024 2351 γραμματικὸν
2044 2299 2223 2345 ποιήσειεν
2235 2328 2246 2347 ,
2263 2299 2400 2350 ἀνάγκη
2422 2300 2528 2340 αὐτὸν

1487 2360 1546 2398 καὶ
1564 2354 1678 2399 τᾶλλα
1704 2359 1899 2411 πράγματα
1925 2357 2159 2411 γραμματικὰ
2176 2357 2254 2408 ἐμοὶ
2273 2363 2404 2407 ποιεῖν,
2425 2358 2486 2398 καὶ
2501 2360 2534 2398 εἷ
2583 2382 2588 2386 ·
2635 2396 2638 2400 .

1486 2419 1672 2470 μουσικόν,
1699 2417 1870 2468 μουσικά·
1891 2415 2010 2469 ὥσπερ
2030 2416 2113 2455 ὅταν
2136 2417 2265 2469 ἀγαθὸν
2292 2417 2356 2468 ἐμὲ
2383 2417 2532 2471 ποιήσῃ,

1487 2478 1562 2529 ἅμα
1593 2477 1710 2528 ἀγαθὰ
1735 2477 1795 2515 καὶ
1813 2477 1858 2515 τὰ
1885 2476 2079 2529 πράγματα
2107 2475 2339 2524 πεποιηκέναι
2373 2491 2447 2528 μοι.
2474 2478 2531 2517 Οὔ

1481 2593 1558 2624 dare
1569 2616 1580 2632 ‚
1599 2595 1632 2624 et
1648 2591 1810 2632 quomodo
1826 2591 1961 2622 bonum.
1980 2592 2012 2623 Is
2026 2593 2135 2622 autem
2148 2599 2333 2625 sonnonem
2350 2590 2529 2632 excipiens,

1482 2650 1759 2694 quemadmodum
1775 2652 1809 2682 et
1833 2652 1869 2682 tu
1886 2658 1992 2690 nunc,
2011 2649 2073 2691 ait,
2096 2648 2204 2691 probis
2219 2651 2252 2682 et
2268 2649 2415 2683 honestis
2430 2649 2532 2682 homi-

1481 2711 1577 2744 nibus
1597 2711 1718 2742 bonum
1747 2718 1841 2749 esse3
1859 2709 1938 2741 item
1965 2708 2017 2740 bis
2039 2709 2095 2750 qui
2112 2708 2232 2741 scirent
2257 2707 2312 2740 ubi
2334 2708 2458 2741 divitiis
2480 2710 2530 2742 nti

1482 2772 1662 2812 oporteret,
1677 2769 1799 2801 bonum
1820 2777 1913 2807 esse,
1932 2768 2087 2810 improbis
2108 2769 2217 2800 autem
2232 2770 2332 2809 atque
2348 2767 2430 2801 illud
2448 2762 2532 2810 igno·

1482 2830 1632 2862 rantibus
1650 2828 1785 2861 malum.
1811 2828 1940 2860 Habent
1965 2835 2061 2868 vero,
2078 2827 2201 2868 inquit,
2220 2827 2317 2860 etiam
2338 2830 2466 2860 σείει-ω
2479 2835 2532 2860 ros

1480 2896 1595 2920 omnes
1627 2895 1663 2919 se
1691 2887 1752 2918 hoc
1782 2886 1879 2918 modo
1909 2887 1945 2918 ut
1964 2885 2077 2925 quales
2098 2885 2218 2928 suerint
2237 2885 2293 2926 qui
2316 2885 2358 2918 iis
2383 2887 2531 2928 utuntur,

1479 2947 1561 2979 tales
1586 2946 1684 2979 etiam
1708 2954 1760 2978 res
1780 2945 1860 2987 ipsis
1876 2953 1947 2977 esse
1971 2953 2103 2977 necesse
2124 2945 2176 2976 sit.
2194 2947 2240 2978 Ac
2262 2947 2370 2987 recle,
2401 2945 2529 2988 inquit,

1480 3006 1560 3039 mihi
1576 3005 1706 3037 videtur
1729 3003 1807 3036 illud
1825 3003 2010 3036 Archilochi
2026 3003 2152 3036 dictum
2170 3011 2244 3036 esse
2262 3016 2270 3036 :

1515 3103 1546 3129 et
1561 3100 1602 3129 ita
1614 3098 1737 3129 animati
1750 3100 1838 3133 sunt.
1853 3099 1887 3127 ut
1899 3105 1930 3127 se
1942 3097 2056 3127 habent
2069 3105 2116 3126 res
2132 3097 2164 3126 in
2177 3103 2252 3134 quas
2263 3097 2438 3126 incurrunt.

1480 3191 1574 3222 Nunc
1606 3189 1714 3230 igitur,
1742 3187 1845 3229 inquit
1873 3186 2152 3226 adolescentulus,
2173 3186 2202 3217 si
2218 3186 2291 3227 quis
2315 3193 2369 3218 me
2389 3184 2529 3226 petitum

1480 3249 1577 3280 saciat
1593 3248 1664 3288 ejus
1683 3247 1871 3289 sapientiae,
1889 3255 1954 3287 qua
1973 3245 2034 3278 viri
2056 3245 2133 3278 boni
2159 3243 2288 3287 praediti
2308 3246 2405 3285 sunt,
2428 3243 2527 3277 simul

1480 3315 1613 3338 neccsse
1630 3310 1678 3338 est
1695 3315 1771 3338 eum
1791 3306 1888 3338 etiam
1904 3306 2040 3338 caeteras
2063 3313 2114 3336 res
2129 3303 2209 3335 mibi
2231 3303 2333 3335 bonas
2349 3305 2526 3344 praestare,

1478 3366 1523 3398 ita
1539 3369 1573 3397 ut
1592 3365 1671 3397 nibil
1689 3365 1808 3406 negotii
1828 3365 1936 3398 inillis
1954 3364 2031 3405 ipsis
2046 3363 2085 3395 ad
2112 3371 2222 3395 meum
2237 3370 2334 3395 usum
2347 3370 2526 3395 accommo-

1480 3424 1594 3456 dandis
1621 3425 1786 3464 habuerit,
1819 3425 1895 3465 quia
1923 3432 2038 3460 meex
2070 3422 2220 3464 imperito
2245 3422 2387 3464 peritum
2413 3421 2488 3454 feeit
2511 3433 2523 3454 z

1481 3483 1755 3524 quemadmodum
1771 3484 1800 3516 si
1814 3484 1887 3525 quis
1902 3491 1956 3516 me
1971 3491 2059 3516 nunc
2076 3481 2324 3523 grammaticum
2341 3480 2452 3519 saciat,
2466 3487 2525 3513 ne-
