2638 3840
329 284 402 319 1⁷0

275 368 300 381 ’“
322 367 406 405 tem,
422 364 449 396 si
467 363 526 396 erit
545 369 685 395 munaus
708 359 863 402 perfectus
888 357 1026 396 futurus,
1045 355 1161 398 (porro
1187 355 1356 397 proveniet

296 406 298 408 V
322 424 383 455 lioc
402 422 486 455 idem
504 421 620 453 virtute
640 418 837 451 auctoritatis
854 415 951 457 meae)
965 438 974 455 ‚
991 422 1060 447 esse
1073 415 1198 455 plenam
1213 413 1354 447 universi

321 479 443 521 generis
458 477 668 510 substantiam
687 484 695 504 :
714 484 777 516 quo
795 473 984 506 animalibus
1001 472 1131 514 singulis
1153 472 1358 514 suppeditato

322 536 450 570 vivendi
470 536 598 576 vigore,
618 543 653 566 ea
665 558 674 573 ,
690 542 760 573 quae
777 534 851 564 sunt
871 530 1023 569 meliora,
1043 530 1225 570 proximam
1239 528 1355 562 divini-

320 596 379 629 tati
409 596 569 628 fortunam
581 617 589 633 ,
619 592 883 632 dignitatemque,
911 588 1096 621 sortiantur.
1141 589 1355 630 Quapropter,

321 657 356 686 ut
373 655 406 686 et
425 652 569 685 mortalia
588 651 668 691 sint,
690 651 721 681 et
735 649 883 680 universa
898 656 949 679 res
973 646 1165 688 perfectione
1182 655 1246 679 non
1270 646 1354 679 indi-

320 714 412 754 geat;
429 711 483 744 sed
499 712 537 743 sit
553 711 619 742 tota
635 709 730 748 atquc
743 709 891 738 universa
906 713 980 738 vere
990 729 1000 746 ,
1018 704 1117 746 jubeo
1130 704 1357 746 aggrediamini

319 773 494 807 secundum
527 771 674 802 naturam
711 776 863 808 generum
897 766 1081 798 mortalium
1111 766 1355 799 institutionem.

320 833 484 866 Imitantes
503 838 575 869 ergo
598 836 699 860 meam
714 826 807 867 juxta
828 825 980 858 effectum
997 825 1139 857 vestrum
1158 825 1334 858 sollertiam
1347 850 1356 866 ,

320 892 364 923 ita
383 889 533 921 instituite
545 910 554 926 ‚
573 887 668 927 atque
692 884 862 924 extricate,
881 884 1027 932 mortalia
1039 908 1049 924 ‚
1076 884 1112 916 ut
1131 884 1252 925 quibus
1279 893 1357 916 con-

321 948 452 980 sortium
483 944 674 982 divinitatis,
699 944 732 975 et
753 942 975 983 appellationis
998 942 1162 984 parilitas,
1181 943 1356 984 competit,

319 1006 426 1038 divina
456 1003 626 1045 praeditum
657 1001 808 1034 firmitate
836 989 976 1042 fingatis.
1019 1001 1087 1034 Erit
1107 1010 1184 1034 vero
1211 1002 1292 1043 tale,
1324 1001 1357 1033 id

319 1065 404 1107 quod
426 1063 516 1096 vobis
543 1060 698 1102 obsequi,
720 1060 939 1101 iustitiamque
965 1060 1088 1100 colere,
1118 1060 1354 1101 prospexeritis.

319 1124 419 1165 nujus
443 1130 516 1163 ergo
534 1119 672 1153 universi
696 1119 819 1160 generis
838 1122 1014 1152 sementem
1033 1119 1145 1151 faciam
1158 1143 1167 1159 ,
1196 1119 1355 1160 vobisque

318 1181 452 1216 tradam.
495 1182 563 1213 Vos
580 1180 696 1211 caetera
711 1177 845 1218 exsequi
866 1186 923 1218 par
937 1178 1008 1219 est,
1021 1178 1065 1210 ita
1084 1179 1120 1211 ut
1142 1178 1356 1211 immortalem

317 1239 544 1280 coelestemque
571 1238 718 1270 naturam
742 1236 868 1269 mortali
889 1236 1089 1269 extrinsecus
1115 1238 1208 1270 textu
1233 1237 1354 1270 ambia-

317 1300 380 1340 tis;
405 1298 604 1339 jubeatisqne
627 1296 738 1337 nasci,
764 1295 936 1337 cibumque
961 1296 1176 1337 provideatis,
1195 1299 1228 1329 et
1253 1297 1355 1329 incre-

318 1361 424 1390 menta
441 1356 540 1396 detis3
564 1363 600 1387 ac
616 1357 689 1396 post
706 1353 945 1386 dissolutionem
961 1354 992 1386 id
1012 1354 1135 1395 foenus,
1151 1354 1239 1395 quod
1257 1354 1356 1387 credi-

316 1416 450 1456 deratis,
470 1415 552 1447 facta
572 1413 745 1446 secessione
762 1413 859 1445 animi
875 1413 907 1445 et
926 1412 1086 1454 corporis,
1104 1413 1273 1454 recipiatis.

318 1537 371 1576 δεῖ
389 1535 444 1584 δέ,
476 1537 506 1574 εἷ
535 1534 656 1587 μέλλει
675 1533 790 1579 τέλεος
817 1534 945 1578 ἱκανῶς
971 1527 1072 1572 εἶναι.
1132 1533 1185 1572 Δι’
1208 1535 1292 1583 ἐμοῦ
1322 1533 1357 1572 δὲ

318 1598 429 1633 ταῦτα
450 1593 617 1644 γενόμενα
644 1592 703 1630 καὶ
735 1592 809 1645 βίου
840 1591 1060 1644 μετασχόντα
1093 1595 1179 1636 θεοῖς
1210 1593 1356 1638 ἷσάζοιτ’

318 1654 374 1694 ἄν.
428 1651 496 1692 Ἵν’
517 1646 575 1691 οῧν
596 1651 703 1699 θνητά
724 1666 760 1689 τε
779 1646 801 1703 ἦ
822 1651 861 1689 τό
881 1667 920 1690 τε
944 1656 1016 1689 πᾶν
1035 1651 1112 1690 τόδε
1139 1650 1247 1695 ὅντως
1263 1651 1358 1691 ἅπαν

269 1723 274 1752 ἐ
319 1708 364 1766 ᾗ,
382 1711 547 1763 τρέπεσθε
566 1710 658 1750 κατὰ
680 1710 779 1764 φύσιν
800 1712 896 1761 ὑμεῖς
915 1710 972 1748 ἐπὶ
995 1709 1057 1758 τὴν
1078 1713 1146 1749 τῶν
1167 1708 1263 1764 ζῴων
1291 1712 1350 1759 δη-

322 1770 524 1823 μιουργίαν,
555 1768 763 1821 μιμούμενοι
791 1770 853 1816 τὴν
888 1769 975 1821 ἐμὴν
1004 1769 1150 1820 δύναμιν
1181 1769 1261 1823 περὶ
1294 1770 1358 1817 τὴν

1256 265 1517 308 CHALCIDII

1459 353 1481 398 §
1495 357 1544 389 17.
1558 355 1636 388 Haec
1652 354 1746 396 dixit,
1755 354 1789 388 et
1799 354 1930 387 demum
1947 354 2095 396 reliquias
2107 355 2221 397 prioris
2231 356 2459 399 concretionis,

1418 422 1458 447 ex
1473 422 1538 455 qua
1554 412 1666 446 mnndi
1680 413 1820 446 animam
1837 413 2106 454 commiscuerat,
2124 412 2158 446 in
2172 414 2317 456 ejusdem
2329 414 2461 449 craterh

1418 467 1528 506 sinum
1566 471 1757 513 refundens,
1787 471 1901 505 eodem
1940 472 2169 513 propemodum
2200 482 2335 515 genere,
2365 475 2463 516 atque

1418 531 1532 565 eadem
1549 531 1691 571 ratione,
1710 531 1865 564 miscebat
1884 543 1892 563 ι
1918 539 1977 563 nec
1992 532 2102 563 tamen
2124 531 2237 564 eadem
2254 532 2461 566 exoriebatur

1419 591 1559 633 puritas,
1579 591 1796 632 serenitasque
1817 593 2033 632 proventuum
2060 602 2069 622 ι
2097 598 2157 623 nec
2180 591 2248 624 tam
2271 591 2460 626 immutabi-

1420 650 1458 683 lis
1489 649 1753 691 perseverantiae,
1780 649 1835 682 sed
1885 648 2034 681 secundae
2067 657 2106 681 ac
2145 649 2248 682 tertiae
2284 649 2460 691 dignitatis.

1420 709 1715 750 coagmentataque
1737 716 1814 740 mox
1835 707 1996 739 universae
2017 706 2062 739 rei
2088 707 2237 740 machina
2257 707 2376 750 delegit
2394 710 2461 743 nni-

1419 776 1488 799 mas
1507 767 1672 799 stellarum
1701 774 1835 798 numero
1857 774 1965 807 pares,
1987 765 2193 808 singulasque
2215 766 2351 809 singulis
2369 776 2461 802 com-

1420 825 1546 867 paravit
1563 834 1572 857 :
1593 824 1788 866 easdemque
1807 822 1965 856 vehiculis
1981 825 2239 866 competentibus
2259 826 2461 869 superimpo-

1418 884 1515 924 sitas,
1536 884 1695 916 universae
1722 884 1768 916 rei
1796 884 1945 916 naturam
1977 887 2121 925 spectare
2148 884 2253 925 iussit.
2298 886 2462 927 Legesque

1418 942 1629 976 immutabilis
1652 942 1772 975 decreti
1793 942 1919 982 docuit;
1935 942 2127 984 ostendens,
2149 943 2236 985 quod
2259 943 2363 986 prima
2381 945 2457 987 qui—

1418 1002 1491 1034 dem
1507 1001 1669 1043 generatio
1694 1000 1860 1034 uniformis
1885 1001 1918 1034 in
1933 1001 2083 1035 omnibus
2107 1001 2316 1045 eiusdemque
2339 1003 2463 1037 ordinis

1418 1061 1502 1093 esset
1527 1060 1634 1092 futura
1652 1072 1659 1092 ι
1679 1068 1719 1093 ne
1734 1060 1787 1093 cui
1803 1061 1988 1102 competens
2005 1060 2127 1101 justum
2152 1061 2260 1103 aliqua
2277 1070 2318 1095 ex
2340 1065 2430 1104 parte
2443 1071 2464 1096 a

1418 1127 1453 1152 se
1475 1119 1684 1152 minueretur.

1462 1177 1639 1219 Oportebat
1653 1186 1749 1219 porro
1764 1178 1851 1210 satas
1866 1186 1920 1210 eas
1937 1178 2034 1211 certis
2047 1178 2262 1221 legitimisque
2279 1180 2462 1221 temporum

1419 1236 1545 1269 vicibus
1562 1236 1623 1278 piae
1642 1236 1780 1270 nationis
1796 1236 1984 1270 animalium
1999 1262 2008 1278 ,
2027 1246 2166 1280 quaeque
2193 1239 2310 1280 prreter
2327 1240 2461 1272 caeteras

1418 1295 1595 1328 animantes
1610 1294 1714 1328 Deum
1730 1295 1924 1338 suspiciant,
1941 1296 2057 1330 afferre
2079 1297 2217 1338 frugem.
2260 1298 2340 1330 Esse
2354 1301 2462 1331 autem

1420 1357 1563 1387 naturam
1580 1354 1718 1387 hominis
1736 1355 1894 1396 geminam
1912 1367 1920 1387 :
1938 1355 2031 1397 cujus
2046 1355 2132 1397 quod
2150 1356 2263 1388 melius
2278 1355 2320 1389 sit
2341 1365 2462 1399 genus,

1418 1413 1612 1447 censendum
1629 1414 1695 1446 fore
1710 1413 1770 1446 viri
1790 1414 1928 1447 nomine.
1974 1416 2122 1456 Cumque
2138 1415 2327 1452 necessitate
2344 1417 2464 1450 decreti

1421 1533 1573 1582 ἑκάστην
1602 1534 1686 1586 πρὸς
1713 1532 1860 1572 ἕκαστον
1873 1563 1885 1582 ,
1913 1533 1974 1572 καὶ
1993 1533 2190 1585 ἔμὸιὸάσας
2209 1534 2463 1589 ὡς.ἔς,ὅχημα

1419 1592 1484 1639 τὴν
1502 1597 1563 1632 τοῦ
1582 1593 1712 1638 παντὸς
1723 1592 1831 1646 φύσιν
1853 1592 1983 1643 ἔδειξε,
1998 1593 2125 1644 νόμους
2138 1608 2176 1634 τε
2190 1592 2270 1638 τοὺς
2289 1593 2462 1648 εῖμαρμέ-

1422 1668 1498 1697 νους
1518 1645 1612 1692 εἶπεν
1632 1654 1772 1700 αὐταῖς,
1790 1649 1843 1690 δ’τι
1858 1651 1990 1703 γένεσις
2009 1651 2132 1704 πρώτη
2153 1650 2215 1702 μὲν
2236 1651 2351 1691 ἔσοιτο
2365 1668 2464 1692 τετα-

1418 1710 1529 1762 γμένη
1552 1709 1616 1761 μία
1643 1716 1773 1759 πᾶσιν,
1793 1708 1851 1748 ἵνα
1881 1709 1931 1761 μή
1954 1726 2006 1754 τις
2033 1711 2212 1750 ἐλαττοῖτο
2245 1710 2305 1750 ὕπ’
2334 1712 2463 1761 αὐτοῦ,

1421 1769 1490 1808 δέοι
1515 1768 1556 1809 ,δὲ
1582 1769 1774 1820 σπαρείσας
1795 1767 1902 1812 αὐτὰς
1922 1769 1970 1812 εἷς
1999 1767 2044 1806 τὰ
2064 1768 2287 1821 προσήκοντα
2305 1770 2464 1814 ἑκάστοις

320 1829 491 1882 ὑμετέραν
511 1829 663 1881 γένεσιν,
679 1828 738 1867 καὶ
758 1831 836 1867 καθ’
855 1827 933 1867 ὅσον
955 1827 1018 1879 μὲν
1041 1829 1154 1866 αὐτῶν
1175 1828 1359 1872 ἀθανάτοις

319 1887 502 1939 ὁμώνυμον
523 1881 612 1926 εἶναι
631 1886 822 1940 προσήκει,
842 1891 930 1927 θεῖον
953 1886 1140 1938 λεγόμενον
1166 1889 1356 1939 ἡγεμονοῦν

320 1947 350 1985 τ’
372 1949 405 1986 ἐν
427 1947 543 1991 αὐτοῖς
559 1949 626 1985 τῶν
645 1946 698 1984 ἀεὶ
718 1945 796 1997 δίκῃ
814 1946 872 1985 καὶ
898 1948 977 1996 ὑμῖν
998 1945 1184 1984 ἐθελόντων
1201 1946 1357 1994 ἕπεσθαι,

256 2005 292 2047 eL
322 2005 466 2059 σπείρας
485 2005 544 2044 καὶ
558 2004 798 2057 ὑπαρξάμενος
812 2003 881 2055 ἐγὼ
894 2002 1094 2057 παραδώσω
1106 2020 1114 2028 ·
1129 2004 1169 2043 τὸ
1185 2005 1220 2043 δὲ
1239 2004 1358 2043 λοιπὸν

1420 1827 1554 1867 ἕκαστα
1574 1827 1703 1880 ὄργανα
1719 1826 1845 1880 χρόνου
1863 1830 1967 1880 φῦναι
1986 1825 2083 1882 ζῴων
2105 1826 2144 1866 τὸ
2165 1826 2459 1880 θεοσεὸἕστατον,
2486 1837 2523 1890 ⁴·†
2534 1841 2588 1884 g·

1422 1888 1546 1934 διπλῆς
1573 1887 1609 1925 δὲ
1631 1885 1736 1935 οὔσης
1764 1888 1826 1933 τῆς
1846 1884 2066 1938 ἀνθρωπίνης
2087 1884 2222 1938 φύσεως
2247 1886 2288 1925 τὸ
2307 1892 2462 1941 κρεῖττον
2616 1873 2638 1934 f}

1421 1950 1574 1986 τοιοῦτον
1603 1944 1657 1994 εἴη
1688 1944 1810 1997 γένος,
1838 1943 1856 1982 ὃ
1882 1944 1942 1984 καὶ
1975 1945 2097 1983 ἔπειτα
2122 1944 2329 2003 κεκλήσοιτο
2356 1944 2460 1999 ἀνήρ.

1421 2005 1553 2045 Ὁπότε
1572 2004 1613 2052 δὴ
1635 2004 1778 2055 σώμασι
1800 2005 2041 2057 ἔμφυτευθεῒεν
2069 2003 2104 2049 ἐξ
2134 2003 2310 2057 ἀνάγκης,
2335 2003 2397 2044 καὶ
2423 2004 2464 2044 τὸ

320 2068 437 2116 ὑμεῖς,
464 2064 625 2117 ἀθανάτῳ
648 2062 769 2110 θνητὸν
789 2063 1102 2116 προσυφαίνοντες,
1124 2063 1359 2116 ἀπεργάζεσθε

319 2125 392 2177 ζῷα
411 2123 469 2162 καὶ
491 2130 632 2175 γεννᾶτε
651 2122 780 2176 τροφήν
795 2138 831 2160 τε
853 2121 1000 2166 διδόντες
1019 2121 1181 2167 αὐξάνετε
1201 2122 1261 2161 καὶ
1286 2122 1358 2176 φθί-

323 2197 423 2220 νοντα
441 2181 545 2220 πάλιν
566 2180 719 2233 δέχεσθε.

377 2241 399 2290 S
427 2253 474 2279 17.
506 2239 616 2279 Ταῦτ’
633 2233 728 2288 εἶπε,
742 2238 801 2277 καὶ
820 2239 925 2278 πάλιν
942 2238 999 2277 ἐπὶ
1016 2238 1073 2277 τὸν
1090 2238 1257 2292 πρότερον
1273 2256 1359 2293 κρα-

325 2300 433 2349 τῆρα,
455 2299 488 2336 ἐν
514 2291 543 2351 ᾧ
566 2297 629 2346 τὴν
648 2300 708 2335 τοῦ
735 2297 863 2342 παντὸς
889 2297 1006 2350 ψυχὴν
1027 2297 1191 2349 κεραννὺς
1217 2298 1358 2350 ἔμισγε,

322 2356 365 2395 τὰ
385 2359 452 2395 τῶν
482 2355 627 2408 πρόσθεν
658 2356 831 2396 ὑπόλοιπα
859 2362 1042 2409 κατεχεῖτο
1072 2356 1204 2409 μίσγων
1230 2357 1358 2410 τρόπον

326 2412 389 2464 μέν
415 2430 492 2452 τινα
511 2415 568 2454 τὸν
598 2414 722 2463 αὑτόν,
745 2415 906 2468 ἀκήρατα
929 2416 957 2453 δ’
980 2413 1095 2454 οὐκέτι
1126 2415 1216 2455 κατὰ
1247 2416 1359 2454 ταύτὰ

321 2472 508 2524 ὡσαύτως,
527 2473 617 2512 ἀλλὰ
639 2474 782 2527 δεύτερα
800 2474 861 2513 καὶ
879 2474 995 2527 τρίτα.
1042 2474 1244 2522 ’Ξυστήσας
1266 2474 1302 2513 δὲ
1320 2475 1360 2513 τὸ

255 2545 286 2574 e,
320 2537 389 2570 πᾶν
412 2532 515 2570 διεῖλε
544 2531 658 2585 ψυχὰς
681 2532 882 2585 ἰσαρίθμους
901 2539 971 2577 τοῖς
1004 2533 1147 2586 ἄστροις
1180 2532 1297 2583 ἔνειμέ
1324 2534 1356 2573 θ’

1422 2064 1484 2116 μὲν
1508 2063 1668 2116 προσίοι,
1689 2063 1729 2102 τὸ
1748 2063 1776 2100 δ’
1794 2062 1891 2101 ἀπίοι
1911 2065 1972 2101 τοῦ
1990 2061 2152 2113 σώματος
2171 2063 2309 2116 αὐτῶν,
2326 2065 2462 2116 πρῶτον
2475 2061 2483 2066 ’

1423 2121 1485 2173 μὲν
1505 2122 1664 2170 αἴσθησιν
1686 2123 1876 2174 ἀναγκαῖον
1895 2120 1950 2168 εἴη
1972 2121 2056 2173 μίαν
2073 2127 2179 2160 πᾶσιν
2199 2122 2239 2160 ἐκ
2253 2121 2378 2172 βιαίων
2394 2137 2465 2160 πα-

1421 2181 1588 2232 θημάτων
1611 2179 1787 2232 ξύμφυτον
1809 2179 2015 2232 γίγνεσθαι,
2038 2178 2196 2234 δεύτερον
2218 2179 2255 2219 δὲ
2279 2181 2384 2235 ἡδονῇ
2403 2180 2464 2219 καὶ

1421 2240 1515 2292 λύπῃ
1540 2237 1755 2292 μεμιγμένον
1777 2237 1913 2291 ἔρωτα,
1935 2239 2022 2292 πρὸς
2048 2237 2085 2277 δὲ
2106 2238 2240 2283 τούτοις
2268 2238 2375 2294 φόὸον
2402 2238 2465 2279 καὶ

1422 2299 1528 2348 θυμὸν
1551 2297 1617 2336 ὅσα
1642 2312 1680 2336 τε
1700 2296 1853 2347 ἑπόμενα
1875 2299 1992 2341 αὐτοῖς
2010 2297 2071 2336 καὶ
2087 2297 2200 2336 ὁπόσα
2216 2297 2379 2343 ἐναντίως
2399 2297 2462 2336 πέ-

1423 2372 1509 2409 φυκε
1527 2356 1734 2403 διεστηκότα
1746 2372 1754 2381 ·
1773 2351 1822 2394 ὧν
1839 2357 1868 2395 εἰ
1890 2356 1953 2408 μὲν
1968 2356 2205 2409 κρατήσειαν,
2225 2357 2261 2396 ἐν
2278 2356 2358 2409 δίκῃ
2379 2355 2464 2410 βιώ-

1423 2431 1559 2468 σοιντο,
1586 2413 1814 2468 κρατηθέντες
1841 2414 1878 2453 δὲ
1905 2414 2039 2469 ἀδικίᾳ.
2096 2415 2171 2455 Καὶ
2196 2417 2214 2454 δ
2244 2416 2308 2467 μὲν
2338 2409 2378 2455 εὗ
2404 2415 2464 2468 τὀγ

1421 2471 1644 2527 προσήκοντα
1671 2473 1764 2526 βιοὺς
1779 2473 1924 2526 χρόνον,
1943 2474 2049 2514 πάλιν
2069 2475 2117 2518 εἷς
2135 2473 2198 2522 τὴν
2214 2478 2275 2514 τοῦ
2294 2473 2462 2526 ξυννόμου

1420 2533 1596 2585 πορευθεὶς
1614 2531 1748 2580 οἴκησιν
1767 2533 1921 2585 ἄστρου,
1945 2532 2018 2586 βίον
2040 2531 2230 2584 εὐδαίμονα
2250 2532 2313 2573 καὶ
2330 2533 2462 2582 συνήθη

322 2661 498 2693 mortalem.
543 2662 591 2694 lta
609 2662 751 2694 orientur
768 2663 966 2703 animantes,
989 2673 1069 2704 quos
1091 2665 1124 2697 et
1144 2664 1238 2696 vivos
1263 2665 1359 2697 alatis

321 2720 354 2752 et
366 2720 571 2760 consumptos
579 2720 650 2752 sinu
661 2721 831 2762 recipiatis.
849 2721 881 2763 [§
897 2721 961 2764 17.]
972 2724 1049 2755 llaec
1068 2723 1224 2755 illedixit.
1240 2723 1361 2759 Deinde

325 2777 365 2809 ad
388 2777 653 2817 temperationem
680 2779 878 2819 superiorem
900 2781 1034 2813 revertit
1062 2791 1069 2812 :
1096 2781 1129 2813 in
1147 2791 1211 2822 qua
1231 2791 1358 2814 omnem

323 2835 467 2867 animum
489 2836 649 2868 universae
678 2838 800 2869 naturae
819 2839 1002 2879 temperans
1027 2841 1243 2880 permiscebat
1266 2851 1359 2883 supe-

321 2893 480 2935 riorisque
495 2896 717 2935 permixtionis
734 2897 883 2937 reliquias
902 2898 1037 2930 fundens
1052 2901 1225 2942 aequabat,
1246 2901 1358 2934 eodem

324 2952 421 2984 modo
438 2953 556 2992 ferme,
580 2953 641 2985 nisi
662 2954 748 2995 quod
774 2963 838 2986 non
860 2956 903 2987 ita
924 2957 1144 2999 incorruptas,
1169 2961 1205 2991 ut
1228 2968 1264 2991 ea
1287 2970 1359 3001 quae

326 3018 454 3050 semper
475 3010 583 3051 idem,
600 3011 656 3043 scd
675 3012 715 3043 ab
733 3012 771 3044 iis
790 3013 967 3046 secundum
982 3015 1130 3048 sumebat
1146 3019 1242 3058 atque
1264 3020 1358 3051 etiam

324 3067 465 3100 tertium.
508 3069 590 3101 Toto
605 3068 843 3110 igituromnino
862 3073 1038 3105 constituto
1053 3098 1062 3113 ,
1079 3074 1234 3107 sideribus
1251 3085 1358 3117 parem

324 3133 497 3158 numerum
524 3126 689 3165 distribuit
717 3128 896 3161 animorum
921 3132 953 3163 et
976 3131 1117 3172 singulos
1146 3134 1294 3174 adjunxit
1319 3136 1357 3167 ad

325 3182 450 3223 singula
474 3184 571 3224 atquo
593 3184 637 3215 ita
652 3185 741 3225 quasi
762 3186 793 3217 in
816 3195 946 3219 currum
969 3189 1185 3222 universitatis
1206 3186 1360 3232 imposuit

325 3241 654 3281 commonstravitque
674 3241 757 3282 leges
778 3242 887 3276 fatales
904 3253 940 3276 ac
956 3247 1148 3279 necessarias
1169 3249 1200 3280 et
1222 3250 1360 3283 ostendit

326 3297 464 3338 primum
483 3301 592 3331 ortum
615 3308 716 3332 imum
742 3301 808 3334 fore
824 3303 976 3336 omnibus
996 3314 1132 3346 eumque
1157 3307 1356 3341 moderatum

326 3359 422 3397 atque
442 3358 644 3390 constantem
665 3367 725 3391 nec
746 3360 787 3392 ab
812 3361 877 3393 ullo
894 3362 1102 3396 imminutum
1127 3375 1136 3396 ε
1157 3365 1235 3397 satis
1253 3369 1358 3399 autem

325 3415 357 3446 et
372 3415 463 3455 quasi
481 3416 598 3457 sparsis
621 3417 753 3458 animis,
773 3419 857 3460 fore,
875 3421 921 3453 nti
947 3423 1041 3454 certis
1059 3424 1244 3464 temporum
1259 3424 1360 3456 inter·

327 3472 420 3505 vallis
446 3474 582 3507 oriretur
612 3475 754 3518 animal,
786 3478 871 3519 quod
896 3482 980 3513 esset
1005 3481 1046 3512 ad
1076 3482 1197 3514 cultum
1225 3482 1359 3516 deorum

1420 2664 1633 2706 aptissimum.
1678 2664 1740 2696 Sed
1761 2673 1863 2705 quum
1888 2663 2006 2706 duplex
2021 2665 2106 2698 esset
2122 2653 2238 2698 natura
2260 2665 2386 2706 generis
2402 2665 2464 2699 hu-

1421 2724 1528 2765 mani,
1549 2723 1597 2756 sic
1625 2732 1660 2756 se
1682 2731 1733 2756 res
1760 2722 1918 2763 habebat,
1945 2724 1983 2756 ut
2016 2723 2222 2765 praestantius
2255 2731 2356 2765 genus
2381 2725 2465 2757 esset

1420 2792 1533 2816 eorum
1544 2808 1553 2824 ‚
1575 2783 1630 2825 qui
1647 2783 1754 2816 essent
1769 2782 1868 2815 futuri
1883 2782 1956 2814 viri.
2000 2786 2110 2822 Quum
2124 2784 2234 2815 autem
2251 2783 2378 2816 animos
2391 2791 2462 2816 cor·

1422 2842 1555 2884 poribus
1570 2841 1672 2885 [cum]
1690 2841 1884 2874 necessitate
1902 2841 2071 2874 insevisset
2093 2849 2259 2883 quumque
2273 2841 2314 2874 ad
2329 2850 2466 2884 corpora

1420 2899 1654 2943 [necessitate]
1674 2901 1741 2933 tum
1761 2900 1900 2933 accessio
1922 2898 2031 2941 fieret,
2052 2900 2124 2932 tum
2144 2900 2308 2934 abscessio
2320 2910 2332 2942 ς
2345 2899 2464 2943 princi-

1421 2960 1473 3002 pio
1496 2967 1630 2993 necesse
1654 2960 1723 2992 erat
1739 2952 1872 2991 sensum
1895 2959 2050 2991 exsistere
2064 2967 2168 2991 unum
2193 2967 2464 3004 communemque

1419 3018 1567 3051 omnium
1599 3017 1842 3051 vehementiore
1872 3018 1963 3051 motu
1988 3017 2164 3050 excitatum
2191 3017 2464 3067 conjunctumque

1423 3079 1548 3111 naturae
1573 3076 1715 3110 :deinde
1730 3075 1898 3117 voluptate
1912 3079 1945 3108 et
1959 3076 2109 3109 molestia
2123 3076 2264 3109 mixtum
2285 3084 2431 3110 amorem
2451 3090 2462 3111 ι

1422 3138 1495 3178 post
1514 3137 1597 3169 iram
1624 3139 1658 3169 et
1682 3138 1807 3168 metum
1835 3136 1868 3168 et
1887 3134 2031 3176 reliquos
2058 3135 2165 3167 motus
2190 3134 2307 3178 animi,
2329 3135 2462 3169 comites

1421 3196 1623 3236 superiorum
1642 3196 1675 3228 et
1690 3194 1729 3227 iis
1751 3194 1850 3227 etiam
1866 3192 2026 3226 contrarie
2052 3186 2249 3227 dissidentes
2263 3202 2382 3241 &quos
2404 3194 2461 3236 qui

1421 3254 1544 3288 ratione
1563 3254 1701 3294 rexerit,
1716 3253 1801 3295 juste
1819 3253 1958 3294 vixerit;
1980 3253 2035 3295 qui
2051 3254 2160 3286 autem
2177 3253 2215 3285 iis
2231 3261 2265 3286 se
2284 3252 2462 3297 dediderit,

1420 3311 1550 3352 injuste.
1595 3316 1703 3354 Atque
1730 3312 1804 3354 ille,
1830 3311 1884 3352 qui
1911 3312 1997 3345 recte
2024 3313 2058 3345 et
2094 3311 2231 3344 honeste
2261 3310 2460 3344 curriculum

1421 3370 1551 3403 vivendi
1566 3379 1585 3403 a
1599 3374 1715 3404 natura
1730 3371 1841 3404 datum
1858 3369 2054 3412 confecerit,
2071 3370 2113 3403 ad
2127 3370 2205 3403 illud
2221 3371 2363 3411 astrum,
2377 3378 2460 3412 quo-

1420 3437 1494 3460 cum
1513 3430 1608 3470 aptus
1622 3430 1734 3469 fuerit,
1754 3432 1944 3463 revertetur.
1990 3430 2052 3468 Qui
2075 3430 2183 3462 autem
2203 3429 2414 3462 immoderate
2426 3429 2459 3462 et

1418 3486 1627 3530 intemperate
1645 3489 1782 3530 vixerit,
1797 3498 1872 3522 eum
1894 3488 2056 3522 secundus
2077 3489 2168 3522 ortus
2183 3488 2216 3520 in
2237 3488 2369 3529 figuram
2388 3496 2456 3520 mu·
