2638 3840
317 249 364 280 14
1149 239 1615 280 PYTHAGOREORUM

308 325 359 375 τῷ
375 322 468 374 λόγῳ
482 324 651 375 πολιτικῷ
667 321 725 361 καὶ
743 323 860 375 σεμνῷ
877 321 936 360 καὶ
954 321 1063 374 οἷκῇῳ
1087 327 1147 365 τᾶς
1178 320 1350 365 διαθέσιος

307 383 357 419 τῶ
365 380 560 453 ηλέγοντος,
574 381 662 419 ἀλλὰ
687 380 737 429 μὴ
757 382 1001 432 προσποιητῷ·
1019 379 1108 418 οὕτω
1134 379 1200 431 γὰρ
1219 381 1240 418 ἆ
1259 381 1350 425 λέξις

307 440 438 478 ἐσεῖται
457 440 496 478 τὸ
514 442 563 478 τῶ
579 439 736 491 λέγοντος
757 434 837 487 ἦθος
859 439 1086 491 ἐμφαίνουσα.
1145 436 1212 477 Ἕκ
1225 438 1261 477 δὲ
1281 442 1348 477 τῶν

307 498 422 549 νόμων
445 500 495 537 δεῖ
515 499 577 538 τὰν
603 500 796 579 ἀσφάλειαν
816 500 955 542 οὕτως’
940 497 1116 572 επιφέρεν,
1133 497 1216 536 αἴκα
1235 497 1251 521 ¹¹

307 558 437 602 θετος
419 574 441 595 α
468 558 662 596 πολιτεία
644 574 666 610 ῃ
686 556 771 596 1και
799 573 1056 608 συντεταγμενα
1089 558 1128 595 ἐκ
1150 563 1268 595 πασᾶν
1287 564 1350 596 τᾶν

306 618 429 655 ἀλλᾶν·
458 617 550 669 λέγω
579 618 615 655 δὲ
644 618 681 655 οὐ
711 623 772 654 τᾶν
803 615 899 668 παρὰ
927 616 1042 669 φύσιν,
1061 614 1152 655 ἀλλὰ
1171 622 1234 654 τᾶν
1260 615 1350 655 κατὰ

306 677 418 731 φύσιν.
444 677 643 730 τυραννίδος
670 675 736 727 γὰρ
777 675 922 726 οὐδεμία
958 675 1054 728 χρῄα
1089 682 1165 719 ταῖς
1200 674 1352 722 πόλισιν,

305 739 336 775 εἰ
357 736 407 787 μή
424 751 518 775 ποκα
546 740 573 758 m
593 742 654 778 τᾶς
672 735 877 787 ὀλιγαρχίας
896 734 955 773 ἐπὶ
975 734 1105 787 βραχύ.
1161 737 1223 774 Δεῖ
1239 734 1352 773 τοίνυν

299 794 487 847 ,Βασιλείαν
516 800 647 846 πρᾶτον
668 798 685 815 ¹¹
706 792 910 845 ἐντετάχθαι
936 792 994 831 καὶ
1024 792 1181 844 δεύτερον
1211 796 1351 845 ἀριστο-

305 854 463 906 κρατίαν.
485 853 646 906 βασιλεία
672 851 734 903 μὲν
769 850 837 904 γὰρ
869 852 1080 902 θεομίματον
1114 858 1262 904 πρᾶγμα
1292 852 1352 891 καὶ

305 912 541 965 δυσφύλακτον
563 911 630 950 ὑπὸ
653 911 870 962 ἀνθρωπίνας
887 913 1018 964 ψυχᾶς·
1037 911 1171 964 ταχέως
1197 911 1264 966 γὰρ
1286 912 1352 950 ὑπὸ

309 976 435 1023 τρυφᾶς
451 969 510 1008 καὶ
531 969 648 1022 ὕὸριος
666 969 900 1008 ἀλλάσσεται·
919 970 1037 1022 διόπερ
1054 973 1091 1009 οὐ
1110 972 1162 1009 δεῖ
1174 972 1266 1009 κατὰ
1282 978 1352 1010 πᾶν

305 1031 394 1079 αὐτᾷ
431 1043 492 1101 χρ;
487 1029 613 1076 ἐσθαι,
632 1027 738 1081 μέχρι
765 1028 801 1067 δὲ
838 1031 888 1067 τῶ
913 1030 1050 1068 δυνατῶ
1085 1030 1145 1069 καὶ
1183 1030 1263 1068 ποτὶ
1287 1031 1350 1069 τὰν

303 1087 482 1126 πολιτείαν
519 1087 703 1140 γρησίμω·
721 1086 784 1126 τὰν
820 1087 849 1126 δ’
884 1088 1151 1140 ἀριστοκρατίαν
1187 1088 1351 1127 ἐπιπλέον

303 1147 488 1197 ἐμπλέκεν,
504 1162 554 1184 τω
573 1146 728 1200 πλῃονας
749 1149 845 1197 εἰμεν
857 1145 932 1190 τὼς·
946 1146 1116 1219 ἄρχοντας
1135 1146 1195 1186 καὶ
1212 1148 1352 1222 φιλοζά-

302 1206 368 1248 λως
402 1205 614 1243 διατίθεσθαι
640 1205 716 1244 ποθ’
739 1205 851 1249 αὓτώς
873 1214 904 1252 ⁰,
927 1205 987 1243 καὶ
1016 1206 1186 1249 πολλάκις
1211 1209 1350 1257 ἀντιμε-

301 1263 590 1314 ταλαμὸάνεσθαι
605 1264 668 1308 τὰς
685 1264 808 1317 ἀρχάς.
839 1264 1089 1317 Δαμοκρατίαν
1110 1264 1146 1303 δὲ
1163 1267 1351 1317 ἀναγκαῖον

302 1323 364 1375 μὲν
385 1317 481 1375 εἶμεν
501 1323 659 1368 πάντως·
683 1325 733 1362 δεῖ
753 1325 820 1377 γὰρ
851 1323 910 1363 τὸν
938 1324 1085 1362 πολίταν
1106 1325 1210 1378 μέρος
1241 1325 1353 1378 ὑπάρ-

300 1399 408 1436 χοντα
427 1389 488 1426 τᾶς
508 1383 698 1434 συμπάσας
722 1382 899 1426 πολιτείας
924 1383 1089 1436 φέρεσθαί
1108 1400 1140 1422 τι
1162 1383 1224 1422 ἀπ’
1246 1386 1352 1429 αὐτᾶς

299 1442 420 1495 γέρας·
444 1441 630 1494 ἐπέχεσθαι
650 1441 679 1479 δ’
700 1445 826 1486 ἱκανῶς
847 1441 955 1480 αὐτὰν
986 1443 1053 1480 δεῖ·
1072 1441 1178 1495 θρασὺ
1202 1442 1269 1496 γὰρ
1292 1442 1352 1481 καὶ

300 1500 469 1554 προπετὲς
486 1500 526 1539 τὸ
545 1499 634 1537 πολὺ
654 1502 800 1545 πλᾶθος.

354 1561 544 1611 (Stobaeus
563 1560 839 1608 F101.XL111,
862 1575 927 1610 92,
952 1563 1016 1611 93,
1041 1568 1091 1612 94
1122 1563 1160 1600 ἐκ
1187 1564 1247 1601 τοῦ
1271 1561 1353 1614 περὶ

299 1618 489 1662 πολιτείας.
511 1618 632 1656 Posui
660 1632 668 1655 :
703 1623 718 1641 ‘¹
735 1619 890 1671 διανοία;
913 1620 1026 1659 codd.
1050 1621 1200 1671 ἀγαθῶν.
1221 1619 1238 1643 1>
1261 1621 1348 1670 ὁμό-

299 1680 397 1732 λογος
425 1682 446 1731 ᾐ
479 1691 566 1716 cum
597 1677 829 1728 Spondano3
865 1679 979 1718 codd.
1010 1678 1227 1731 ὁμολογήσῃ.
1249 1684 1264 1702 ⁰
1288 1678 1350 1723 τὰς

301 1738 413 1790 ἀρχὰς
433 1738 511 1776 κατ’
533 1735 654 1783 ἀξίαν;
677 1736 771 1775 libri
789 1743 852 1780 τᾶς
868 1738 947 1775 κατ’
969 1737 1064 1782 ἀξίας
1084 1739 1208 1790 ἀρχᾶς,
1231 1737 1247 1761 ‘¹
1280 1754 1352 1776 πα-

303 1796 534 1850 ρασκευάζεν;
565 1794 659 1833 libri
687 1796 1000 1846 ἐγκατασκευάζεν.
1023 1801 1038 1819 ⁰
1067 1798 1105 1836 οὗ
1135 1796 1231 1851 παρὰ
1261 1797 1350 1835 πολὺ

303 1856 512 1904 αὐξάνεται;
531 1854 643 1893 codd.
664 1855 701 1892 οὐ
719 1855 818 1908 παρὰ
842 1856 949 1907 πολὺς
969 1857 1036 1895 alii
1055 1859 1093 1894 οὗ
1120 1857 1352 1909 παραπόλλυ-

301 1932 375 1955 ται.
414 1915 427 1939 ¹'
456 1915 474 1954 ὃ
512 1914 610 1962 οὕτε;
647 1914 741 1952 libri
769 1916 859 1956 οὐδὲ.
891 1920 908 1945 ⁸
938 1916 1065 1965 καλόν;
1092 1916 1185 1954 libri
1217 1916 1348 1969 κύριον.

302 1973 320 1997 ¹¹
343 1975 467 2028 φάντες
498 1990 584 2014 cum
623 1975 835 2023 Meineki03
868 1976 981 2014 codd.
1013 1975 1180 2019 πάντες.ἰ
1212 1975 1270 2013 τὸν
1301 1978 1349 2013 τῶ

302 2035 426 2073 ὑπάτω
461 2050 548 2074 cum
580 2036 752 2086 Orelli03
791 2035 885 2073 libri
918 2034 975 2074 τὸν
1009 2033 1211 2073 ὕποπτον.“
1245 2034 1347 2082 αἴκα;

1273 514 1351 536 συν·

302 2164 389 2196 tione
409 2164 441 2195 et
454 2162 563 2204 gravi,
581 2172 655 2202 quae
669 2162 796 2204 proprie
808 2172 882 2194 cum
896 2162 1033 2194 dicentis
1053 2162 1160 2193 animo
1177 2164 1331 2202 congruat
1341 2186 1350 2201 ,

303 2231 367 2255 non
393 2223 501 2254 autem
530 2221 682 2254 simulata
703 2231 711 2253 :
730 2221 775 2253 ita
795 2220 881 2253 enim
905 2221 1008 2253 oratio
1029 2220 1165 2252 dicentis
1195 2229 1300 2252 mores
1322 2221 1354 2252 et

301 2281 464 2322 ingenium
487 2281 667 2322 patefaciet.
713 2282 761 2312 Ex
776 2280 897 2320 legibus
912 2283 1022 2311 autem
1035 2280 1190 2312 securitas
1210 2279 1256 2311 sic
1275 2280 1354 2311 inse-

305 2341 405 2380 retur,
420 2341 446 2372 si
462 2340 650 2381 reipublicae
664 2340 765 2371 forma
780 2338 956 2379 composita
973 2340 1006 2370 et
1029 2338 1221 2370 concinnata
1246 2347 1264 2370 e
1287 2347 1351 2370 cae-

301 2398 378 2430 teris
397 2398 546 2430 omnibus
565 2398 677 2438 fuerit,
698 2407 761 2429 non
779 2406 818 2430 ex
838 2397 893 2438 iis,
907 2398 946 2429 ut
965 2406 1036 2429 mea
1058 2398 1119 2430 sert
1138 2397 1266 2438 opinio,
1281 2406 1354 2436 quae

304 2460 422 2499 praeter
439 2461 605 2497 naturam,
622 2457 678 2490 sed
700 2466 776 2498 quae
798 2457 975 2489 secundum
999 2458 1146 2489 naturam
1171 2457 1355 2489 constitutae

305 2519 390 2549 sunt.
435 2517 629 2559 Tyrannidis
655 2516 740 2549 enim
759 2517 868 2549 nullus
898 2519 948 2548 est
978 2525 1057 2548 usus
1088 2516 1292 2556 civitatibus,
1318 2517 1355 2548 ut

305 2576 371 2608 fere
384 2585 442 2608 nec
458 2585 633 2616 paucorum
649 2575 835 2607 dominatus
852 2575 912 2608 nisi
926 2576 958 2607 in
971 2577 1101 2617 tempus
1116 2576 1352 2608 brevissimum.

306 2635 414 2667 Primo
434 2634 530 2675 igitur
551 2635 623 2666 loco
642 2644 797 2675 reguum,
815 2635 955 2666 secundo
979 2636 1173 2676 optimatum
1200 2635 1355 2676 principa-

307 2695 377 2726 tum
395 2693 544 2726 constitui
562 2695 700 2734 oportet.
744 2694 800 2725 Est
815 2692 901 2725 enim
920 2701 1055 2733 regnum
1076 2702 1126 2725 res
1146 2694 1295 2734 quaedam
1314 2692 1355 2724 ad

306 2752 448 2784 divinam
470 2752 682 2784 imitationem
701 2755 904 2793 comparata,
922 2751 978 2783 sed
1000 2752 1054 2784 vix
1074 2753 1215 2784 humano
1231 2751 1355 2792 ingenio

307 2811 540 2851 conservanda,
573 2812 610 2843 ut
638 2820 711 2852 quae
738 2811 801 2843 cito
835 2820 890 2852 per
920 2811 1034 2843 luxum
1067 2814 1100 2844 et
1130 2813 1355 2844 contumeliam

308 2870 498 2903 immutetur
531 2882 539 2902 ε
570 2878 671 2911 quare
700 2879 764 2902 non
795 2879 923 2911 prorsus
951 2880 987 2903 eo
1024 2870 1182 2902 utendum
1215 2875 1276 2910 est,
1300 2870 1355 2902 sed

311 2934 467 2970 quantum
484 2929 551 2961 fieri
568 2931 675 2969 potest
695 2930 727 2961 et
744 2929 927 2969 reipublicae
947 2929 1098 2961 conducit
1129 2942 1136 2962 :
1165 2930 1355 2971 optimatum

310 2999 387 3021 vero
407 2988 605 3030 principatus
623 2987 668 3019 illi
689 2996 727 3020 eo
747 2987 848 3028 magis
862 2988 1048 3020 inserendus
1066 2991 1134 3028 est,
1150 2989 1236 3029 quod
1253 2988 1357 3029 plures

311 3050 388 3081 sunt
413 3048 470 3089 qui
495 3049 626 3088 regnent
643 3049 675 3080 et
693 3056 727 3079 se
745 3047 884 3080 invicem
904 3048 1098 3080 aemulentur
1118 3049 1150 3080 et
1179 3056 1265 3088 saepe
1288 3058 1355 3079 ma-

311 3108 460 3148 gistratus
491 3107 574 3139 inter
602 3115 636 3138 se
664 3107 858 3146 permutent.
902 3107 1017 3147 Populi
1043 3115 1171 3147 quoque
1191 3106 1356 3147 imperium

313 3167 445 3198 omnino
458 3175 527 3198 esse
540 3174 670 3198 necesse
683 3166 751 3197 est:
767 3165 869 3197 civem
882 3166 984 3204 enim,
998 3166 1054 3206 qui
1068 3165 1166 3197 totius
1177 3165 1358 3205 reipublicae

314 3235 386 3266 pars
404 3227 462 3266 sit,
479 3224 623 3257 nonnihil
643 3233 681 3256 ex
702 3233 739 3257 ea
765 3225 891 3266 proemii
917 3227 950 3256 et
968 3224 1097 3256 lionoris
1119 3223 1261 3264 accipere
1286 3232 1360 3254 con·

310 3286 404 3318 *venit
426 3296 434 3317 :
456 3285 511 3318 sed
538 3286 622 3317 intra
642 3286 747 3317 certos
775 3285 854 3317 fines
879 3285 958 3316 illud
976 3284 1129 3317 contineri
1155 3284 1263 3324 decet,
1286 3284 1358 3325 quia

317 3345 430 3385 vulgus
448 3345 552 3376 audax
573 3344 607 3376 in
623 3344 744 3385 agendo
768 3345 800 3376 et
818 3353 959 3385 praeceps
976 3345 1118 3384 apparet.

359 3406 416 3436 lll.
441 3406 556 3436 Omnia
576 3412 652 3435 sane
675 3402 824 3435 mortalia
848 3403 978 3443 propter
997 3402 1215 3434 necessitatem
1238 3403 1360 3433 naturae

319 3462 548 3495 mutationibus
574 3462 746 3503 agitantur,
767 3470 904 3502 quorum
924 3461 986 3494 alia
1009 3470 1027 3494 e
1044 3460 1202 3494 deteriore
1224 3462 1310 3494 statu
1328 3461 1361 3492 in

1412 323 1525 362 codd.
1549 325 1578 361 εἰ
1603 321 1677 361 καὶ.
1701 321 1709 344 ¹
1729 316 1772 375 3353
1794 323 1906 362 codd.
1926 321 1963 368 ἢ.
1999 326 2025 344 ¹¹¹
2045 322 2094 373 μή
2117 338 2230 371 ποκα;
2254 325 2370 364 codd.
2401 324 2450 375 μὴ

1410 397 1466 420 πω
1487 382 1562 420 καὶ.
1585 386 1603 405 ¹¹
1623 388 1776 435 πρᾶτονε,
1810 382 1902 420 libri
1929 382 2079 434 πράταν.
2093 386 2109 405 ⁰
2124 385 2203 422 ποθ’
2233 383 2344 428 αὓτώς
2363 399 2448 424 cum

1410 440 1621 488 Meinekio,
1649 442 1743 482 libri
1765 443 1843 480 ποτ’
1863 441 2015 494 αὐτοὺς.)

1464 493 1511 545 γ’.
1543 495 1668 534 Πάντα
1688 494 1750 546 μὲν
1768 488 1815 533 ὧν
1834 494 1877 533 τὰ
1899 495 2007 534 θνατὰ
2028 496 2072 534 δι’
2094 496 2246 548 ἀνάγκαν
2278 496 2398 551 φύσιος
2418 500 2452 537 ἐν

1413 552 1624 601 μεταὸολαῖς
1655 553 1890 600 καλινδεῖται,
1922 553 1966 590 τὰ
1999 553 2062 603 μὲν
2091 553 2160 594 ἀπὸ
2187 557 2255 593 τῶν
2277 555 2453 608 χερῃόνων

1413 610 1469 649 ἐπὶ
1496 610 1540 649 τὰ
1563 611 1721 663 βελτίονα
1742 611 1964 664 μετατροπὰν
1990 613 2237 663 λαμὸάνοντα,
2260 614 2306 653 τὰ
2327 615 2363 653 δὲ
2383 614 2455 653 ἀπὸ

1412 672 1480 708 τῶν
1504 671 1685 723 βελτιόνων
1703 670 1760 708 ἐπὶ
1779 669 1823 709 τὰ
1842 670 2006 724 χερῄονα.
2041 671 2210 724 γενόμενα
2228 672 2295 727 γὰρ
2317 673 2455 719 ἀέξεται

1412 729 1456 768 τὰ
1480 730 1674 784 πράγματα
1695 731 1755 768 καὶ
1782 729 1968 777 ἀεξηθέντα
1987 731 2137 783 ἀκμάζει
2155 733 2222 771 καὶ
2237 733 2450 784 ἀκμάσαντα

1413 789 1581 843 γηράσκει
1610 790 1669 827 καὶ
1697 789 1797 832 τέλος
1827 788 1962 828 ὕστατα
1997 791 2189 843 φθείρεται·
2219 791 2264 830 τὰ
2293 791 2355 843 μὲν
2387 794 2455 833 ὑπὸ

1413 849 1532 901 φύσιος
1565 847 1729 899 γινόμενα
1760 847 1803 885 δι’
1832 849 1939 892 αὐτᾶς
1963 855 2027 894 τᾶς
2058 850 2175 903 φύσιος
2200 852 2234 895 ἐς
2253 851 2302 890 το
2322 851 2454 900 ἄδηλον

1414 909 1521 952 αὐτᾶς
1559 907 1835 959 τερματιζόμενα
1869 908 1929 946 καὶ
1959 909 2064 948 πάλιν
2097 913 2136 948 ἐκ
2169 913 2219 948 τῶ
2262 911 2382 958 ἀδήλω
2422 914 2456 958 ἐς

1412 967 1451 1005 τὸ
1483 966 1604 1004 θνατὸν
1640 966 1935 1019 ἐπισυνερχόμενα
1964 967 2096 1021 &posce
2121 969 2271 1020 γενέσιος
2303 971 2365 1009 καὶ
2396 973 2455 1009 ἀν-

1412 1025 1581 1063 ταποδόσι
1616 1029 1744 1078 φθορᾶς
1783 1025 1909 1062 κύκλον
1957 1025 2130 1070 αὐταύτας
2168 1029 2454 1080 ἀναποδιζοίσας,

1412 1085 1458 1123 τὰ
1502 1084 1538 1123 δὲ
1581 1085 1643 1122 καὶ
1679 1083 1747 1121 ὑπὸ
1785 1083 1982 1135 ἀφροσύνας
2026 1084 2244 1137 ἀνθρωπίνας
2279 1086 2360 1140 ὅὸρι
2397 1089 2456 1127 καὶ

1413 1143 1506 1196 κόρῳ
1538 1143 1703 1188 ζεσάσας.
1760 1136 1866 1182 Οἰκοί
1889 1158 1927 1181 τε
1957 1142 2017 1182 καὶ
2037 1145 2184 1188 πόλιεςῦ
2211 1144 2277 1184 ὑπὸ
2294 1147 2458 1199 μεγάλων

1414 1202 1665 1255 εὐτυχημάτων
1701 1203 1897 1254 ἀερθεῒσαι,
1913 1201 1974 1240 καὶ
2001 1202 2074 1254 βίον
2110 1204 2217 1255 βαθὺν
2247 1205 2459 1245 πλουτεῦσαι

1415 1260 1490 1335 ἅμα
1502 1266 1572 1304 τοῖς
1584 1260 1873 1313 μακαριζομένοις
1887 1262 2053 1310 ἀγαθοῖς
2041 1277 2075 1306 ες
2088 1261 2145 1300 τὸν
2159 1262 2299 1316 ὄλεθρον
2312 1264 2458 1305 ἔὸασαν.

1414 1321 1505 1359 οὕτω
1526 1321 1567 1367 δὴ
1596 1336 1655 1359 και
1684 1319 1870 1371 συμὸαίνει
1891 1326 2008 1358 πᾶσαν
2037 1320 2227 1372 ἆγεμονίαν
2255 1324 2347 1376 τρισὶ
2374 1325 2460 1393 χρό·

1413 1395 1480 1424 νοις
1500 1379 1694 1432 ὁρίζεσθαι,
1717 1380 1766 1418 ἑνὶ
1787 1378 1849 1430 μὲν
1867 1379 1927 1417 καὶ
1944 1379 2091 1432 πράτῳι)
2110 1383 2159 1419 τῶ
2179 1382 2378 1435 περιέχοντι
2395 1383 2460 1422 τᾶν

1413 1445 1551 1487 κτᾶσιν,
1573 1438 1720 1491 δευτέρω
1749 1438 1785 1478 δε
1811 1441 1860 1476 τῶ
1895 1438 1957 1476 τὰν
1979 1440 2190 1490 ἀπόλαυσιν,
2214 1441 2404 1496 τελευταίῳ
2423 1441 2461 1480 δὲ

1412 1501 1462 1552 τῷ
1495 1498 1558 1537 τὰν
1603 1498 1783 1537 ἀπόλεσιν.
1825 1480 1863 1536 τιὸ
1910 1497 1971 1548 μὲν
2017 1497 2084 1550 γὰρ
2116 1505 2247 1550 πρᾶτον
2264 1505 2279 1524 ‘²
2317 1501 2462 1554 ἀτυχέες

1414 1558 1525 1601 ἐόντες
1542 1557 1752 1607 ἐκτήσαντο,
1772 1556 1811 1595 τὸ
1837 1556 1912 1595 Se*
1893 1557 2049 1617 οεύτερον
2067 1556 2084 1580 ‘¹
2105 1558 2263 1611 εὐτυχέες
2284 1560 2462 1612 γενόμενοι

1414 1616 1621 1670 διέφθειραν.
1709 1616 1766 1656 Τὰ
1805 1632 1867 1667 μεν
1900 1619 1948 1654 ὧν
1978 1616 2046 1656 ὑπο
2079 1619 2165 1655 θεῶν
2201 1618 2421 1669 διοικούμενα
2446 1623 2462 1642 ²

1415 1676 1575 1729 ἄφθαρτα
1596 1675 1729 1714 ἐόνταε
1717 1691 1783 1713 υπο
1803 1675 1988 1728 ἀφθάρτων
2015 1676 2072 1715 τὸν
2099 1675 2153 1714 ἀεὶ
2173 1676 2297 1730 χρόνον
2327 1679 2461 1733 πέφυκε

1414 1735 1603 1782 σώζεσθαι,
1622 1735 1666 1774 τὰ
1681 1735 1710 1773 δ’
1727 1735 1784 1773 ὑπ’
1801 1735 1991 1787 ἀνθρώπων
2008 1735 2116 1774 θνατὰ
2133 1735 2233 1775 ἐόντα
2247 1737 2316 1775 ὑπὸ
2329 1739 2461 1776 θνατῶν

1413 1796 1612 1848 ἐπιδέχεται
1647 1795 1808 1834 ποικίλαν
1838 1794 1891 1832 ἀεὶ
1925 1794 2139 1846 μεταὸολάν.
2174 1795 2267 1849 κόρω
2300 1795 2362 1847 μὲν
2394 1796 2462 1849 γὰρ

1412 1857 1472 1895 καὶ
1493 1856 1609 1909 ὕὸριος
1629 1856 1735 1907 πέρας
1754 1855 1913 1906 ὄλεθρος,
1932 1853 2078 1907 ἀπορίας
2097 1854 2133 1894 δὲ
2152 1854 2212 1893 καὶ
2231 1853 2464 1909 στενοχωρίας

1375 1935 1378 1938 ·
1406 1915 1520 1967 πέρας
1549 1913 1762 1966 ἀνδραγαθία
1787 1913 1852 1966 βίω
1881 1914 2100 1967 ἀνθρωπίνω.
2124 1915 2176 1952 δεῖ
2207 1913 2373 1968 γὰρ’καὶ
2404 1914 2462 1969 ἀφ’

1414 1972 1538 2025 ἑτέρων
1561 1971 1661 2011 αὐτὸν
1682 1971 1921 2024 περαίνεσθαι.

1469 2031 1658 2082 (Stohaeus
1685 2031 1788 2069 Flor.
1817 2030 1993 2079 XCVIII,
2029 2046 2091 2079 71.
2115 2014 2266 2070 Posui‘:
2285 2035 2300 2054 ⁸
2321 2031 2463 2080 πόλιες;

1410 2162 1581 2197 meliorem
1610 2162 1797 2200 transeunt,
1820 2161 1882 2192 alia
1901 2170 1918 2193 e
1940 2161 2070 2193 meliore
2090 2161 2123 2192 in
2150 2160 2354 2193 deteriorem.
2398 2162 2463 2193 Res

1417 2220 1502 2251 enim
1520 2221 1605 2252 natae
1635 2222 1809 2260 augescunt
1825 2221 1858 2251 et
1877 2220 1980 2251 auctae
2004 2219 2134 2260 vigent;
2157 2220 2328 2260 postquam
2352 2222 2462 2251 autem

1418 2279 1607 2320 viguerunt,
1626 2275 1796 2311 senescunt
1823 2287 1862 2310 ac
1887 2279 2020 2311 tandem
2051 2282 2301 2319 corrumpuntur
2321 2291 2330 2311 z
2349 2277 2464 2310 accidit

1415 2339 1524 2370 autem
1545 2338 1642 2370 rebus
1657 2347 1675 2369 a
1691 2341 1804 2369 natura
1821 2336 1985 2377 productis
2001 2336 2164 2376 corruptio
2189 2336 2267 2368 dum
2288 2344 2343 2377 per
2358 2335 2461 2376 ipsam

1416 2398 1563 2429 naturam
1585 2396 1625 2428 ad
1645 2396 1788 2437 ignotum
1811 2395 1880 2436 eius
1908 2395 2004 2427 finem
2034 2394 2239 2430 adducuntur
2257 2398 2289 2427 et
2320 2394 2462 2426 vicissim
2498 2403 2503 2407 ·

1416 2456 1457 2488 ab
1479 2456 1587 2496 ignoto
1605 2455 1658 2487 illo
1675 2455 1811 2487 termino
1829 2454 1870 2486 ad
1887 2455 2056 2487 mortalem
2072 2456 2192 2487 statum
2207 2458 2395 2488 revocantur
2406 2463 2463 2496 per

1417 2517 1544 2548 mutuas
1568 2514 1778 2556 generationis
1810 2515 1843 2546 et
1871 2514 2085 2556 corruptionis
2113 2514 2218 2555 vices,
2248 2523 2322 2555 quae
2338 2513 2462 2546 ambitu

1418 2576 1577 2617 reciproco
1595 2575 1692 2608 talem
1722 2575 1878 2607 circulum
1900 2575 2121 2615 constituunt;
2143 2575 2292 2616 quaedam
2311 2583 2388 2608 vero
2406 2583 2463 2615 per

1418 2636 1592 2668 humanam
1618 2634 1832 2675 insipientiam
1845 2658 1855 2674 ,
1876 2634 2024 2675 superbia
2043 2636 2075 2666 et
2093 2634 2239 2666 satietate
2261 2634 2459 2674 ferventem,

1417 2695 1587 2727 intereunt.
1606 2694 1690 2732 Quin
1704 2694 1800 2725 etiam
1818 2693 1947 2725 familiae
1965 2702 2002 2725 ac
2019 2693 2166 2725 civitates
2182 2701 2297 2734 magna
2314 2692 2463 2725 felicitate

1417 2755 1509 2788 elatae
1529 2754 1706 2795 amplisque
1723 2753 1837 2794 opibus
1854 2753 2051 2802 abundantes
2065 2762 2126 2784 nna
2142 2762 2215 2785 cum
2234 2742 2463 2785 laudatissimis

1417 2816 1483 2847 suis
1502 2814 1596 2846 bonis
1623 2822 1752 2855 pessum
1773 2813 1864 2845 eunt.
1908 2813 2066 2844 Caeterum
2086 2820 2146 2844 usu
2169 2812 2274 2850 venit,
2301 2812 2339 2844 ut
2357 2811 2464 2843 omnis

1419 2873 1615 2915 principatus
1649 2872 1750 2904 tribus
1781 2871 1977 2912 temporibus
2015 2870 2307 2916 circumscribatur,
2336 2879 2402 2902 uno
2431 2873 2464 2902 et

1418 2933 1539 2974 primo,
1565 2931 1651 2973 quod
1680 2930 1864 2972 capessendi
1893 2930 2034 2971 spatium
2066 2930 2226 2970 continet,
2251 2929 2351 2962 altero
2377 2928 2462 2970 quod

1419 3001 1548 3025 usuram
1559 3015 1568 3032 ‚
1585 2993 1746 3032 postremo
1759 2990 1867 3021 autem
1893 2989 1978 3029 quod
1996 2989 2199 3021 amissionem
2225 2988 2462 3029 complectitur.

1420 3054 1560 3086 Primum
1577 3053 1663 3085 enim
1679 3059 1780 3092 quum
1794 3049 1932 3082 infelices
1941 3050 2066 3088 essent,
2078 3047 2205 3079 divitias
2222 3046 2281 3079 sibi
2299 3050 2462 3087 pararunt,

1419 3109 1534 3142 deinde
1565 3108 1672 3141 felices
1702 3107 1795 3146 sacti,
1825 3115 1878 3138 eas
1917 3105 2174 3137 consumserunt.
2241 3104 2463 3142 Qnaecumque

1420 3169 1515 3207 igitur
1531 3178 1549 3200 a
1564 3168 1625 3199 diis
1638 3168 1801 3207 reguntur,
1810 3174 1911 3206 quum
1927 3164 2111 3204 incorrupta
2125 3163 2198 3202 sint,
2211 3162 2251 3193 ab
2269 3161 2460 3202 incorruptis

1421 3228 1452 3258 in
1471 3231 1628 3259 aeternum
1646 3227 1764 3259 servari
1780 3226 1904 3264 solent;
1918 3233 1991 3264 quae
2006 3231 2082 3254 vero
2100 3222 2139 3253 ab
2156 3221 2338 3253 hominibus
2362 3219 2463 3251 admi·

1421 3286 1597 3318 nistrantur
1614 3285 1782 3325 mortalia,
1803 3294 1822 3316 a
1840 3270 2026 3315 mortalibus
2055 3281 2141 3312 varie
2169 3288 2294 3320 semper
2323 3286 2458 3310 conver—

1423 3346 1545 3376 tuntur.
1591 3344 1749 3376 satietatis
1766 3342 1851 3375 enim
1871 3345 1904 3374 et
1921 3338 2104 3381 petulantiae
2130 3337 2199 3368 finis
2227 3336 2374 3368 interitus
2393 3337 2461 3370 est.

1421 3402 1536 3442 inopioe
1549 3405 1655 3434 autem
1669 3403 1702 3434 et
1717 3400 1856 3442 penuria.-
1868 3398 1939 3431 finis
1953 3398 2100 3430 humanae
2111 3395 2186 3427 vitae
2208 3393 2358 3434 probitas.
2383 3394 2463 3425 Nam

1424 3464 1457 3493 et
1471 3461 1542 3493 aliis
1559 3461 1656 3494 rebus
1675 3469 1744 3493 eam
1762 3456 1980 3492 consummari
1995 3456 2133 3498 oportet.
