2638 3840
12 2569 47 2763 «ὀξὶιιᾲοςῆξῇὲξιῗαὼ
34 2552 39 2561 ,,
29 2534 46 2541 .·
32 2519 42 2526 Γ
11 2487 46 2507 ᾖ
34 2428 49 2459 W

768 225 997 273 EJUSQUE
1026 224 1313 264 DISCIPULlS
1345 225 1408 263 ET
1435 221 1852 264 SUCCESSORIBUS.
2370 232 2395 259 v

232 318 423 350 namenta.
436 308 511 348 Sed
524 315 729 358 antequam
747 309 787 345 in
801 307 952 346 Italiam
967 307 1282 359 proficisceretur

232 369 530 419 doctrinamque
549 379 658 406 suam
679 364 728 404 ad
751 378 998 404 communem
1016 366 1158 403 civium
1175 365 1282 403 utili-

235 437 349 466 tatem
386 433 658 478 expromeret,
696 424 904 476 repudiato
944 424 1164 462 honorifico
1205 438 1283 475 quo

232 487 386 539 priores
415 485 478 524 usi
512 492 623 523 erant
644 485 827 535 sapientis
857 484 1016 521 nomine
1037 484 1080 521 in
1112 483 1284 521 Phliasio

232 558 438 596 sermone,
474 544 750 596 philosophum
798 556 862 590 se,
900 542 942 581 id
974 551 1054 592 est,
1086 545 1284 595 sapientiae

233 605 448 644 studiosum
480 603 681 656 professus
708 610 779 640 est.
806 619 822 636 α
847 601 990 640 Ferunt
1008 603 1114 640 enim
1137 601 1284 652 Pytha-

232 677 365 714 goram
395 661 476 716 (30)
499 662 723 701 Phliuntem
758 662 907 699 venisse
931 668 1077 698 etcum
1112 659 1281 707 Leonte,

232 722 492 762 Phliasiorum
513 720 712 773 principe,
734 718 847 757 docte
866 727 904 757 et
925 720 1086 770 copiose
1107 719 1283 769 quaedam

208 782 475 821 disseruisse.
516 778 640 830 Cujus
683 778 885 828 ingenium
939 787 977 816 et
1022 778 1283 830 eloquentiam

232 855 351 894 quum
374 841 591 880 admiratus
610 847 707 876 esset
740 837 863 883 Leon,
887 838 1114 889 quaesivisse.
1146 851 1195 876 ex
1213 851 1283 887 eo,

234 915 314 952 qua
351 901 520 939 maxime
554 907 636 938 arte
663 896 877 935 confideret
900 911 909 935 :
944 905 983 935 at
1006 897 1117 935 illum
1132 927 1146 947 ,
1165 906 1284 936 artem

233 960 391 1012 quidem
428 973 468 998 se
503 960 605 997 scire
638 957 807 1004 nullam,
863 956 931 995 sed
977 969 1060 995 esse
1113 959 1286 1008 philoso-

232 1019 351 1071 phum
371 1018 466 1072 (31).
494 1016 740 1055 Admiratum
764 1014 948 1053 Leontem
971 1015 1183 1053 novitatem
1212 1029 1283 1053 no-

233 1079 351 1117 minis
366 1107 377 1125 ,
431 1075 681 1129 quaesivisse,
739 1076 898 1125 quinam
936 1083 1063 1113 essent
1112 1074 1286 1125 philoso-

234 1137 301 1189 phi
333 1146 371 1176 et
402 1135 500 1188 quid
535 1135 638 1173 inter
666 1146 734 1172 eos
774 1142 813 1175 et
854 1134 1028 1185 reliquos
1064 1136 1284 1182 interesset3

234 1196 492 1247 Pythagoram
536 1201 662 1231 autem
695 1193 965 1244 respondisse,
998 1193 1164 1232 similem
1205 1193 1284 1232 sibi

234 1255 360 1294 videri
389 1256 506 1292 vitam
529 1252 758 1299 hominum,
795 1260 834 1290 et
862 1261 1072 1291 mercatum
1099 1266 1187 1291 eum
1218 1255 1286 1304 qui

232 1315 443 1352 haberetur
478 1312 649 1350 maximo
686 1311 870 1349 ludorum
908 1321 1120 1363 apparatu,
1165 1313 1287 1351 totius

233 1374 397 1415 Graeciae
422 1371 660 1411 celebritate.
684 1373 780 1408 Nam
802 1379 845 1408 ut
863 1370 945 1408 illic
966 1370 1031 1408 alii
1057 1369 1288 1422 corporibus

233 1432 456 1472 exercitatis
475 1430 639 1480 gloriam
661 1437 699 1468 et
719 1428 967 1467 nobilitatem
993 1442 1150 1467 coronae
1179 1439 1284 1481 pete-

234 1499 320 1530 rent
333 1519 344 1539 ,
369 1489 438 1530 aiii
462 1488 619 1527 emendi
646 1495 715 1526 aut
734 1486 929 1526 vendendi
948 1495 1099 1538 quaestu
1118 1496 1156 1525 et
1176 1487 1288 1526 lucro

233 1549 483 1594 ducerentur,
505 1555 603 1586 esset
623 1555 751 1584 autem
771 1545 966 1597 quoddam
988 1558 1112 1596 genus
1129 1558 1284 1594 eorum,

234 1608 355 1660 idque
368 1609 429 1646 vel
440 1607 608 1644 maxime
622 1606 852 1656 ingenuum,
863 1607 930 1656 qui
942 1618 1011 1643 nec
1026 1604 1204 1656 plausum
1218 1619 1289 1644 nec

236 1667 390 1706 lucrum
422 1674 662 1717 quaererent,
683 1665 750 1704 sed
778 1664 931 1703 visendi
959 1677 1074 1703 causa
1107 1665 1289 1704 venirent

236 1725 490 1776 studioseque
505 1724 794 1776 perspicerent,
827 1722 924 1775 quid
950 1731 1130 1773 ageretur
1145 1732 1183 1762 et
1210 1737 1290 1775 quo

239 1784 358 1823 modo
375 1797 385 1822 :
401 1785 491 1822 item
505 1795 576 1822 nos
587 1783 699 1834 quasi
715 1783 756 1821 in
770 1790 960 1823 mercatus
974 1782 1169 1833 quandam
1186 1783 1290 1822 cele-

238 1843 420 1882 britatem
437 1855 485 1880 ex
496 1843 594 1880 urbe
607 1842 754 1893 aliqua,
771 1843 826 1880 sic
842 1841 883 1879 in
898 1840 998 1880 hanc
1011 1844 1130 1879 vitam
1147 1854 1197 1879 ex
1218 1844 1291 1880 alia

238 1902 320 1941 vita
350 1910 389 1940 et
413 1910 552 1940 natura
572 1901 787 1952 profectos,
821 1900 919 1939 alios
949 1901 1088 1951 gloriae
1116 1902 1288 1949 servire,

238 1962 335 2000 alios
355 1961 557 2012 pecuniae;
596 1972 706 1998 raros
723 1972 804 1998 esse
835 1960 1022 2010 quosdam
1048 1962 1116 2011 qui
1145 1962 1293 2000 caeteris

239 2020 421 2060 omnibus
458 2033 531 2072 pro
570 2018 694 2057 nihilo
741 2018 888 2057 habitis
940 2032 1070 2057 rerum
1113 2028 1291 2059 naturam

239 2078 411 2118 studiose
427 2078 698 2126 intuerentur;
719 2077 792 2117 hos
815 2091 856 2116 se
875 2078 1072 2130 appellare
1092 2081 1294 2131 sapientiae

239 2137 460 2184 studiosos,
481 2137 522 2176 id
551 2146 609 2176 est
637 2138 740 2176 enim
769 2137 1030 2189 philosophos
1059 2151 1068 2175 :
1092 2147 1130 2176 et
1145 2148 1189 2177 ut
1209 2140 1293 2179 illic

239 2195 558 2235 liberalissimum
570 2201 698 2243 ’esset‚
721 2204 898 2248 spectare
921 2196 1020 2235 nihil
1051 2197 1130 2235 sibi
1158 2200 1292 2250 acqui-

241 2263 385 2294 rentem
401 2285 410 2302 ,
428 2257 483 2294 sic
508 2255 550 2293 in
571 2255 654 2293 vita
684 2255 799 2306 longe
828 2254 1009 2294 omnibus
1035 2256 1173 2295 studiis
1191 2270 1291 2296 con-

241 2314 529 2366 templationem
546 2327 675 2352 rerum
693 2316 1037 2366 cognitionemque
1057 2324 1254 2366 praestare.
1274 2335 1290 2353 n

240 2373 318 2414 Nec
346 2387 440 2412 vero
468 2374 712 2424 Pythagoras
738 2375 910 2413 nominis
939 2375 1066 2413 solum
1096 2375 1294 2426 inventor,

240 2432 446 2471 sedrerum
461 2436 575 2471 etiam
594 2434 769 2485 ipsarum
787 2434 1050 2485 amplificator
1073 2434 1155 2472 fuit.
1178 2434 1294 2473 Nam-

241 2505 318 2543 que
344 2492 416 2531 etsi
442 2492 607 2544 reliquis
631 2491 782 2532 artibus
810 2492 1044 2532 liberalibus
1062 2507 1155 2532 suus
1173 2496 1298 2535 honos

241 2551 464 2600 constabat,
492 2565 612 2591 unum
650 2561 777 2591 tamen
810 2562 908 2600 erat,
946 2553 1053 2605 quod
1094 2555 1296 2606 praecipue

245 2608 471 2650 hominibus
505 2611 554 2650 ad
604 2612 766 2654 honesta
810 2613 939 2651 studia
976 2613 1298 2654 incumbentibus

243 2667 429 2719 placeret,
453 2678 597 2709 naturae
616 2670 884 2721 investigatio.
922 2672 998 2718 Qui
1018 2672 1140 2722 igitur
1162 2674 1295 2712 mundi

243 2735 373 2767 ortum
393 2730 576 2781 scrutari,
597 2730 667 2782 qui
687 2731 904 2769 coelestium
941 2731 1114 2769 siderum
1137 2746 1292 2779 cursus,

1345 305 1651 356 magnitudines,
1702 302 1911 342 intervalla
1949 302 2202 354 perquirere,
2244 304 2313 353 qui
2354 304 2396 342 in

1345 365 1587 416 animalium,
1602 364 1837 416 plantarum,
1848 361 2026 414 lapidum
2039 362 2263 412 cognitione
2283 376 2398 401 omne

1346 433 1498 476 tempus
1532 433 1734 462 conterere
1776 421 1980 468 solebant,
2016 421 2084 472 qui
2116 421 2285 472 denique
2318 431 2395 460 tam

1345 484 1496 533 singula
1523 497 1639 535 quam
1674 482 1859 521 universa
1890 480 2197 532 contemplantes
2218 482 2396 519 omnium

1335 555 1433 592 ,quae
1450 551 1606 595 aspectu
1629 541 1852 581 sentiuntur
1879 553 2017 578 causas
2046 540 2179 577 animo
2217 553 2400 592 compre-

1347 600 1517 640 hendere
1536 601 1790 649 conabantur,
1808 599 1881 638 hos
1900 599 2138 651 potissimum
2160 599 2400 649 Pythagoras

1348 660 1603 713 philosophos
1621 659 1876 712 appellandos
1895 671 1980 698 esse
1998 658 2219 697 arbitratus
2242 668 2313 697 est.

1403 720 1588 758 Homines
1620 720 1794 758 scientiae
1819 715 1985 771 cupidos
2012 731 2091 756 non
2112 731 2244 756 omnes
2271 719 2311 756 in
2341 719 2402 757 di-

1347 779 1587 830 scipulorum
1621 792 1826 817 numerum
1862 776 2100 830 recipiebat,
2120 777 2188 815 sed
2218 791 2318 828 quos
2354 779 2402 816 ad

1347 836 1638 890 philosophiam
1674 837 1984 890 pertractandam
2017 845 2132 888 atque
2164 837 2212 875 ad
2244 838 2404 877 celanda

1346 896 1432 948 ejus
1455 898 1640 948 mysteria
1661 898 1825 936 idoneos
1845 896 2075 948 judicasset.
2098 895 2193 934 Nam
2230 898 2401 948 primum

1346 969 1396 994 ex
1414 969 1482 994 ore
1501 965 1538 994 et
1558 957 1668 994 vultu
1686 969 1729 994 ac
1744 957 1862 994 totius
1876 957 2051 1007 corporis
2065 954 2201 994 habitu
2213 955 2404 1006 juvenum

1348 1016 1549 1067 sapientiae
1577 1015 1772 1053 desiderio
1804 1014 2050 1064 flagrantium
2072 1014 2335 1066 conjecturam
2355 1016 2404 1054 de

1347 1086 1482 1112 eorum
1505 1083 1641 1112 natura
1660 1082 1698 1111 et
1718 1072 1896 1111 moribus
1918 1072 2104 1122 faciebat,
2131 1074 2275 1112 deinde
2305 1088 2405 1126 quos

1348 1132 1552 1183 probasset
1569 1133 1611 1171 in
1628 1133 1869 1171 consortium
1884 1141 2076 1171 assumtos
2090 1141 2236 1171 certum
2254 1142 2405 1186 tempus

1349 1200 1475 1231 tacere
1503 1192 1678 1242 jubebat.
1698 1191 1830 1243 Neque
1850 1192 1954 1230 enim
1983 1191 2167 1230 omnibus
2189 1194 2315 1243 idem,
2339 1194 2405 1232 sed

1349 1252 1438 1291 aliis
1458 1252 1564 1291 aliud
1601 1252 1752 1290 tacendi
1787 1260 1940 1303 tempus
1975 1265 2047 1303 pro
2070 1251 2259 1290 aestimato
2291 1262 2406 1304 captu

1350 1311 1534 1350 sollertiae
1562 1310 1886 1350 constituebatur.
1912 1310 1948 1349 ls
1977 1319 2103 1349 autem
2134 1311 2202 1362 qui
2232 1311 2406 1363 tacebat,

1350 1383 1437 1421 quae
1470 1370 1520 1409 ab
1552 1371 1641 1410 aliis
1676 1371 1805 1422 iisque
1834 1370 2142 1422 sapientioribus
2177 1370 2408 1409 dicebantur

1349 1429 1555 1478 audiebat,
1578 1431 1663 1481 ipse
1684 1442 1810 1480 neque
1833 1429 2110 1480 percontandi,
2131 1429 2165 1467 si
2182 1443 2319 1480 parum
2346 1431 2405 1468 in-

1351 1489 1565 1539 tellexerat,
1579 1502 1704 1540 neque
1718 1488 1903 1526 exarandi
1918 1502 2005 1539 quae
2017 1488 2193 1526 audierat
2209 1489 2406 1527 licentiam

1351 1558 1562 1587 assecutus.
1587 1549 1804 1599 Caeteroqui
1839 1548 2045 1586 minimum
2075 1547 2226 1585 tacendi
2259 1556 2409 1600 tempus

1352 1607 1427 1646 fuit
1451 1607 1676 1655 biennium,
1711 1608 1923 1645 maximum
1961 1607 2274 1658 quinquennium
2308 1608 2407 1659 (32),

1352 1666 1664 1707 Nominabantur
1694 1680 1790 1705 vero
1819 1666 2083 1705 adolescentes
2119 1667 2221 1704 intra
2258 1668 2410 1707 tacendi

1352 1727 1615 1777 audiendique
1647 1735 1797 1778 tempus
1830 1725 2087 1775 ἀκουσματικοί
2107 1725 2168 1763 vel
2192 1726 2409 1767 ἀκουστικοί.

1354 1787 1403 1824 At
1431 1785 1524 1838 ubi,
1543 1786 1649 1838 quod
1676 1785 1853 1824 omnium
1886 1785 2166 1823 difficillimum
2188 1794 2266 1833 est,
2287 1794 2413 1824 tacere

1352 1854 1391 1884 et
1423 1846 1562 1884 audire
1591 1845 1811 1885 didicerant
1843 1845 2009 1897 ipsoque
2037 1845 2217 1892 silentio,
2237 1847 2300 1883 cui
2330 1855 2414 1884 erat

1354 1917 1496 1942 nomen
1517 1902 1707 1957 ἐχεμυθία,
1731 1904 1772 1942 ἰη
1795 1903 1937 1942 litteris
1964 1903 2232 1955 profecerant,
2253 1913 2332 1942 tum
2363 1905 2414 1943 iis

1354 1963 1477 2002 verba
1495 1964 1621 2002 facere
1639 1971 1677 2001 et
1693 1975 1867 2014 quaerere
1896 1976 2063 2014 quaeque
2091 1963 2292 2001 audissent
2317 1965 2414 2002 scri-

1354 2022 1448 2061 bere
1464 2031 1502 2061 et
1521 2036 1608 2074 quae
1628 2022 1706 2075 ipsi
1725 2023 1982 2074 opinarentur
2001 2035 2234 2074 expromere
2259 2022 2412 2061 licebat.

1356 2081 1412 2120 Eo
1434 2091 1560 2121 autem
1584 2091 1758 2135 tempore
1779 2083 1885 2121 nulla
1906 2082 2074 2134 amplius
2105 2083 2255 2121 tacendi
2278 2096 2415 2121 neces—

1357 2144 1468 2180 sitate
1497 2142 1648 2181 astricti
1670 2141 1914 2194 μαθηματικοί
1936 2141 2165 2180 dicebantur
2187 2141 2236 2180 ab
2264 2142 2325 2181 his
2353 2156 2415 2181 ar-

1357 2200 1461 2241 tibus
1476 2233 1486 2250 ,
1508 2216 1605 2253 quas
1620 2202 1701 2253 jam
1720 2201 1872 2240 discere
1888 2215 1932 2240 ac
1961 2201 2140 2240 meditari
2163 2203 2413 2253 inceperant,

1356 2262 1541 2311 quoniam
1571 2262 1821 2311 geometriam
1848 2270 1885 2299 ct
1912 2261 2209 2311 gnomonicam,
2227 2262 2413 2299 musicam

1358 2328 1591 2371 caeterasque
1626 2320 1717 2358 item
1751 2320 1981 2371 disciplinas
2019 2319 2177 2357 altiores
2217 2318 2415 2370 μαθήματα

1359 2377 1486 2417 Graeci
1522 2378 1729 2418 vocabant.
1751 2378 1784 2416 T
1787 2378 1916 2417 alibus
1945 2378 2134 2416 doctrinae
2156 2378 2297 2416 studiis
2318 2391 2418 2429 prm-

1359 2438 1484 2489 parati
1528 2438 1575 2476 ad
1620 2438 1918 2489 contemplanda
1957 2451 2126 2489 corpora
2171 2437 2348 2475 coelestia·
2380 2446 2418 2475 ct

1360 2497 1519 2536 latentes
1537 2511 1665 2535 rerum
1685 2510 1819 2536 causas
1837 2497 2078 2547 indagandas
2099 2509 2335 2547 omnemque
2351 2510 2417 2535 na·

1360 2565 1456 2594 turae
1505 2556 1781 2595 obscuritatem
1841 2556 2089 2595 scrutandam
2141 2556 2416 2609 procedebant.

1358 2615 1530 2661 Quarum
1553 2629 1681 2654 rerum
1707 2616 1934 2666 cognitione
1960 2616 2140 2655 instructi
2167 2617 2416 2668 postmodum

1360 2674 1658 2727 appellabantur
1686 2674 1842 2729 φυσικοί.
1864 2675 2211 2714 Verumenimvero
2246 2689 2294 2714 ne
2328 2678 2419 2727 quis

1361 2742 1469 2785 putet
1502 2734 1764 2786 Pythagoreos
1803 2735 1914 2773 {inito
1948 2735 2231 2787 quinquennali
2262 2735 2419 2774 silentio

243 2885 310 2917 κῶν
342 2884 551 2925 φιλοσοφῆσαι
579 2885 634 2917 καὶ
663 2886 825 2925 ποιήματα
858 2887 976 2927 γράψαι
1003 2887 1131 2926 ἱστορεῖ.
1165 2870 1311 2919 Fallitur⁴

244 2932 435 2971 anonymus
452 2933 564 2964 auctor
583 2932 659 2965 vitm
677 2933 864 2975 Pythagorae
880 2933 964 2974 apud
986 2933 1136 2965 ruolium
1165 2943 1173 2964 :
1202 2934 1256 2966 καὶ
1280 2936 1300 2973 ἠ

246 2977 357 3010 Θιανὼ
375 2977 409 3010 ἃ
423 2979 544 3020 λέγεται
566 2980 604 3012 οὐ
623 2980 777 3022 μαθήτρια
793 2979 900 3023 μόνον,
920 2981 998 3012 ἀλλὰ
1017 2980 1072 3012 καὶ
1094 2980 1150 3020 μία
1168 2985 1230 3013 τῶν
1248 2983 1301 3014 Θυ-

246 3024 385 3067 mum
411 3026 508 3059 αὐτοῦ
526 3027 620 3059 εἶναι.
645 3027 780 3060 veriora
809 3028 960 3061 videntur
980 3036 1053 3068 quae
1074 3027 1127 3060 alii
1156 3028 1300 3062 tradtmt.

247 3070 397 3105 ctemen·
421 3074 542 3106 Strom.
571 3074 627 3107 lib.
651 3075 709 3115 lv,
737 3084 769 3116 ρ.
803 3080 863 3109 522
885 3077 933 3107 D:
953 3074 1127 3116 ἐφιλοσόφει
1168 3078 1254 3109 Μυῖα
1281 3079 1301 3117 ἠ

248 3120 385 3156 θιανοῦς
402 3119 539 3161 θυγάτηρ
557 3121 597 3153 τὰ
621 3122 816 3164 Πυθαγόρεια
829 3148 839 3164 ,
862 3123 916 3155 καὶ
942 3122 1107 3164 Ἀριγνώτη
1130 3124 1150 3161 ἡ
1169 3124 1209 3156 τὰ
1231 3127 1300 3167 mol

249 3167 418 3199 Διονυσίου
438 3166 517 3207 (leg.
543 3169 730 3212 Διονύσου).
756 3170 873 3204 suidas
899 3180 906 3199 τ
935 3169 1117 3211 Ἀριγνώτη·
1148 3172 1302 3215 μαθήτρια

249 3213 437 3256 Πυθαγόρου
465 3218 522 3248 τοῦ
554 3216 689 3257 μεγάλου
719 3219 774 3250 καὶ
797 3221 954 3256 θιανοῡς,
981 3219 1084 3260 Σαμῖα
1099 3243 1108 3257 ,
1135 3218 1301 3260 φιλόσοφος

252 3260 465 3303 ΙΙυθσγοριιιή·
495 3264 642 3301 συνιταξι
671 3264 757 3297 τάδε·
786 3267 940 3306 Baalim·
970 3267 1055 3305 (ἔστι
1077 3267 1110 3298 δὲ
1139 3268 1208 3309 περὶ
1239 3272 1302 3301 τῶν

250 3310 304 3346 τῆς
327 3308 490 3350 Δήμητρος
518 3310 712 3353 aucensium·
746 3313 894 3354 wisant
928 3314 958 3345 δὲ
991 3314 1152 3355 ιαὶἸιρὸς
1182 3314 1300 3355 λόγος’)

252 3352 367 3396 ἔγραψα
381 3354 413 3388 δὲ
429 3356 483 3388 καὶ
498 3357 630 3395 Τιλιτὰς
652 3359 806 3392 Διονύσου
826 3362 879 3391 καὶ
900 3361 979 3391 ἄλλα
996 3359 1158 3401 φιλόσορα.
1177 3378 1216 3385 -
1234 3364 1299 3403 (30)

251 3402 305 3434 stc
319 3402 365 3434 au
379 3402 563 3435 Heraclides
582 3405 732 3437 Ponticus
751 3407 835 3447 apuu!
854 3406 1041 3438 ciceronem
1059 3407 1188 3439 Tuscul.
1207 3408 1248 3447 V,
1268 3411 1299 3443 3.

252 3463 294 3472 -
310 3449 375 3490 (³1)
397 3449 554 3491 mogum
571 3451 713 3484 Laertius
725 3451 780 3485 lib.
802 3454 830 3493 1,
848 3457 883 3485 ta
903 3465 910 3484 :
929 3453 1112 3494 φιλοσοφίαν
1128 3453 1161 3485 δὲ
1179 3457 1300 3496 πρῶτος

1362 2886 1508 2926 ὠηὸμασε
1533 2887 1714 2929 Πυθαγόρας
1734 2889 1785 2920 καὶ
1806 2889 1916 2920 ἑαυτὸν
1934 2888 2101 2930 φιλόσοφον
2117 2913 2126 2926 ,
2150 2888 2180 2920 ἐν
2199 2890 2335 2920 Σικυῶνι
2355 2889 2419 2920 δια·

1363 2934 1527 2974 λεγόμενος
1541 2936 1654 2967 Λέοντι
1668 2938 1713 2977 τῷ
1732 2935 1913 2967 Σικυωνίων
1930 2935 2089 2976 τυράννῳ,
2108 2937 2128 2974 ἢ
2143 2936 2320 2974 Φλιασίων,
2339 2936 2419 2968 καθά

1361 2990 1454 3019 φησιν
1473 2980 1679 3023 Ἧρακλιίδης
1693 2983 1710 3014 ὀ
1729 2983 1879 3020 Ποντικὸς
1897 2982 1928 3015 ἰν
1941 2985 1987 3024 τῷ
2004 2983 2072 3026 περὶ
2091 2987 2144 3022 τῆς
2164 2984 2274 3015 ἄπνου.
2294 2982 2420 3021 Μηδένα

1362 3026 1422 3070 γὰρ
1436 3028 1515 3060 εἶναι
1533 3029 1630 3067 σοφὸν
1647 3029 1823 3073 ἀνθρωπον,
1838 3028 1904 3062 ἀλλ’
1922 3031 1942 3069 ἢ
1967 3030 2051 3062 θεὸν.
2075 3030 2165 3063 Idem
2185 3030 2240 3064 lib.
2263 3032 2353 3070 vlu,
2374 3034 2392 3061 8
2411 3041 2419 3062 :

1362 3075 1561 3117 Σωσικράτης
1586 3077 1619 3108 δὲ
1642 3076 1673 3109 ἐν
1698 3078 1859 3118 διαδοχαῖς
1886 3088 1981 3119 φησιν
2003 3078 2097 3110 αὐτὸν
2123 3078 2193 3119 (τὸν
2212 3078 2419 3119 Πυῠαγόριν)

1362 3121 1551 3162 ἐρωτηθέντα
1569 3123 1631 3156 ὑπὸ
1658 3124 1790 3160 Λέοντος
1815 3127 1870 3156 τοῦ
1898 3125 2063 3157 Φλιασίων
2084 3126 2255 3166 τυράννου,
2286 3125 2331 3161 τίς
2346 3126 2417 3165 εῐη;

1361 3168 1546 3210 φιλόσοφος,
1562 3170 1679 3210 εἰπεῖν,
1694 3172 1748 3203 καὶ
1762 3173 1816 3203 τὸν
1845 3172 1913 3212 βίον
1936 3173 2068 3204 ἐοικέναι
2094 3174 2282 3214 πανηγύρει·
2298 3174 2339 3208 ὡς
2365 3172 2420 3205 οὖν

1362 3218 1404 3254 εἰς
1420 3217 1535 3256 ταύτην
1551 3220 1579 3251 οἱ
1601 3219 1655 3259 μὲν
1671 3219 1912 3260 ἀγωνιούμενοι.
1924 3221 1953 3251 ot
1974 3220 2005 3252 δὲ
2018 3219 2089 3251 κατ’
2108 3221 2272 3261 ἐμπορίαν,
2291 3221 2319 3251 οἱ
2334 3221 2366 3252 δέ
2384 3231 2418 3261 γε

1363 3267 1517 3308 βιλτιστοι
1532 3267 1674 3308 ἔρχονται
1691 3268 1809 3300 θεαταί·
1828 3269 1925 3304 οὕτως
1949 3268 1980 3299 ἐν
2005 3272 2050 3307 τῷ
2071 3269 2130 3309 βίῳ
2147 3270 2175 3299 Ἀ
2192 3270 2246 3308 μὲν
2267 3268 2419 3310 nivosam·

1364 3314 1484 3350 δώδεις.
1506 3315 1584 3355 im.
1614 3315 1742 3355 φύονται
1771 3314 1858 3353 δόξης
1885 3316 1937 3347 καὶ
1958 3316 2131 3351 πλεονεξίας
2159 3314 2303 3356 θηραταί·
2332 3317 2360 3347 ol
2386 3317 2417 3347 δὲ

1362 3361 1522 3402 φιλόσοφοι
1543 3366 1597 3399 τῆς
1615 3362 1769 3399 ἀληθείας.

1405 3409 1471 3447 (32)
1490 3409 1611 3441 Gellius
1632 3411 1722 3442 Nocl.
1750 3410 1843 3443 Attio.
1868 3410 1923 3443 lili.
1944 3411 1969 3448 Ι,
1995 3418 2064 3450 cap.
2088 3415 2118 3441 9.
2135 3408 2336 3443 sambuclum
2360 3410 2418 3443 vit.

1365 3455 1496 3496 Pytlmu.
1512 3458 1548 3489 71
1566 3465 1633 3497 ειη.
1653 3457 1814 3490 bucianus
1832 3457 1901 3490 vltt.
1920 3459 2005 3489 auct.
2024 3465 2095 3498 cap.
2114 3459 2145 3489 3.
