2638 3840
230 270 273 296 l'v'

222 346 437 399 Justinum)
463 347 542 398 (18)
574 348 742 386 sodalitii
770 348 870 399 juris
900 354 1133 385 sacramento
1166 360 1260 396 quo-

222 405 308 442 dam
340 407 453 454 nexi,
488 416 698 458 separatam
731 421 752 444 a
783 406 928 443 cacteris
957 404 1110 442 civibus
1140 405 1256 441 vitam

222 463 428 512 degerent,
449 466 558 515 quasi
586 475 725 503 coetum
756 465 1002 502 clandestinae
1022 462 1258 512 conjuratio·

223 522 284 559 nis
305 522 487 560 habentes
507 523 700 561 civitatem
724 524 762 560 in
795 536 835 560 sc
864 530 1153 570 converterunt,
1174 535 1260 571 quae

224 593 358 618 omncs
374 594 489 618 unam
510 582 550 619 in
577 582 733 619 domum
763 580 972 630 aliquando
1005 587 1259 628 congregatos

222 651 393 676 cremare
413 640 551 678 voluit.
572 640 616 677 ln
632 654 709 690 quo
731 639 895 676 tumultu
920 638 1118 687 sexaginta
1139 637 1259 675 ferme

222 699 395 748 pericre3
427 699 553 735 caeteri
593 699 633 735 in
665 698 843 735 exsilium
883 696 1061 747 profecti.
1128 695 1260 746 Neque

225 757 344 794 multo
364 765 452 808 post
471 770 556 807 quae
577 757 616 794 in
637 757 722 794 aliis
749 768 902 806 quoque
929 767 1077 804 magnae
1097 753 1258 791 Graeciae

221 815 377 866 oppidis
431 815 616 863 vigebant
668 814 995 863 Pythagoreorum
1057 813 1259 850 societates

221 873 412 911 distractae
427 882 515 911 sunt
533 873 621 924 (19).
651 873 837 910 Caeterum
871 871 1111 921 Pythagoras
1139 885 1258 922 quum

221 946 342 970 annos
364 933 505 980 viginti
524 932 691 969 (hotone
712 932 866 981 egisset,
900 930 1163 982 Metapontum
1188 931 1259 968 mi-

224 992 350 1040 gravit
364 991 498 1040 iquue
518 990 715 1039 decessit(
705 989 797 1054 (2ο).
818 987 941 1039 Cujus
962 997 1067 1026 tanta
1087 988 1213 1026 admir
1218 1002 1258 1026 a—

222 1051 274 1086 tio
312 1049 404 1094 suit,
440 1056 481 1084 ut
516 1061 565 1085 ex
597 1049 712 1085 domo
746 1047 830 1098 ejus
866 1047 1050 1113 templum
1094 1046 1258 1084 faceient

219 1119 382 1157 eumque
415 1119 487 1156 pro
507 1106 579 1143 ‹leo
602 1107 772 1144 colerent
792 1104 881 1157 (21).
907 1105 979 1143 Sed
1010 1106 1094 1143 sive
1114 1114 1260 1143 naturae

219 1165 406 1203 concessit
425 1164 681 1214 Pythag01·‚as
697 1165 777 1203 sive
798 1163 901 1215 quod
922 1163 989 1201 alii
1008 1163 1142 1201 dicunt
1155 1162 1259 1201 bello

219 1225 336 1275 periit
353 1223 453 1274 (22),
475 1233 619 1262 certum
641 1196 795 1262 videtui
812 1236 900 1261 eum
933 1231 1128 1260 mortuum
1150 1235 1257 1270 esse,

219 1283 452 1332 simulatque
478 1282 642 1333 Cylonei
675 1292 810 1321 contla
831 1283 1096 1348 Pythagoreos
1124 1281 1257 1332 conju-

219 1341 392 1378 r·ave1int
414 1340 449 1389 (2
456 1340 506 1391 3).
539 1340 642 1379 Fxox
647 1351 682 1379 ta
701 1350 758 1379 est
779 1350 903 1378 autem
929 1341 1168 1391 conspiratio
1189 1340 1258 1377 illa

219 1401 334 1451 paulo
361 1407 448 1449 post
473 1398 640 1450 Sybarin
670 1414 691 1437 a
722 1400 962 1437 Ciotoniatis
991 1400 1151 1437 deletam
1180 1398 1256 1450 (24)

219 1460 391 1511 adeoque
414 1461 517 1499 circa
538 1475 680 1500 annum
705 1471 791 1499 ante
811 1461 900 1499 Chr.
930 1475 969 1499 n.
996 1461 1072 1498 510
1094 1461 1154 1498 vel
1180 1468 1257 1497 tet-

220 1523 312 1557 tium
340 1520 582 1572 Olympiadis
612 1522 677 1568 67,
711 1534 789 1571 quo
825 1528 998 1571 tempore
1018 1520 1259 1570 Pythagoras

218 1646 387 1688 γνωρίμους
407 1647 481 1688 ἔσχε
493 1645 615 1681 πλείους
635 1646 655 1683 ἢ
685 1645 874 1681 ἑξακοσίους.
896 1644 1023 1701 (18)-
1054 1644 1201 1676 ,Iustinus
1232 1644 1254 1677 1.

218 1703 247 1725 c.
264 1710 306 1716 —
328 1693 393 1734 (19)
416 1693 568 1733 Polybius
585 1692 656 1724 hist.
683 1692 734 1723 lib.
756 1693 799 1731 11,
823 1695 890 1723 39.
908 1691 976 1723 καθ’
988 1692 1038 1727 οὓς
1058 1691 1116 1732 γὰρ
1132 1692 1256 1733 καιροὺς

219 1742 249 1772 ἐν
266 1743 330 1777 τοῖς
349 1741 428 1772 κατὰ
442 1741 497 1779 τήν
510 1739 643 1772 Ἰταλίαν
659 1738 764 1775 τόποις
778 1738 883 1778 ,κατὰ
901 1739 956 1777 τὴν
973 1740 1108 1780 μεγάλην
1121 1739 1156 1770 'F
1160 1738 1212 1770 λλ’
1196 1739 1256 1769 αδα

218 1789 288 1820 τότε
306 1788 625 1830 προσαγορευομένην,
640 1787 809 1839 ἐνέπρησαν
822 1785 861 1816 τὰ
876 1786 1019 1826 συνέδρια
1037 1789 1099 1817 τῶν
1113 1786 1256 1824 Πυθαγο-

218 1835 321 1890 ρείων,
340 1835 417 1876 μετὰ
429 1838 527 1866 ταῦτα
543 1835 575 1865 δὲ
593 1833 774 1873 γιγνομένου
797 1833 963 1872 κινήματος
984 1834 1167 1874 ὁλοσχεροῦς
1182 1833 1252 1873 περὶ

217 1882 271 1918 τὰς
295 1881 449 1918 πολιτείας
473 1881 574 1921 (ὅπερ
597 1880 677 1916 εἰκός
665 1902 697 1919 3,
717 1882 759 1916 ὡς
780 1880 816 1911 ἂν
841 1883 902 1911 τῶν
925 1880 1057 1920 πρώτων
1086 1880 1203 1920 ἀνδρῶν
1229 1882 1258 1916 ἐξ

217 1928 348 1966 ἑκάστης
361 1927 477 1963 πόλεως
496 1928 578 1958 οὕτω
600 1927 782 1968 παραλόγως
797 1927 1052 1967 διαφθαρέντων),
1073 1927 1186 1965 συνέὸη
1203 1927 1257 1964 τὰς

217 1974 285 2006 κατ’
298 1973 431 2010 ἐκείνους
457 1974 528 2010 τοὺς
558 1973 671 2010 τόπους
691 1974 870 2010 Ἑλληνικὰς
896 1973 997 2009 πὸλςει
1028 1974 1257 2012 ἀναπλησθῆναι

217 2020 310 2059 φόνου
332 2022 384 2052 καὶ
417 2020 558 2056 στάσεως
590 2021 644 2051 καὶ
669 2021 867 2058 παντοδαπῆς
895 2024 1043 2061 ταραχῆς.
1066 2020 1258 2052 Plutarchus

217 2067 360 2108 degenio
376 2067 515 2099 Socratis
532 2070 580 2107 13,
594 2067 658 2098 vot.
673 2068 704 2099 X
721 2076 790 2107 pag.
807 2070 863 2099 321
879 2067 929 2098 ed.
949 2069 1079 2099 Hutten.
1097 2068 1259 2109 ιέπεὶγὰρ

217 2115 262 2151 ἐξε
264 2125 358 2146 πεσον
375 2115 407 2146 αἱ
425 2114 506 2145 κατὰ
530 2113 633 2150 πόλεις
662 2114 792 2155 ἑταιρίαι
819 2117 881 2144 τῶν
905 2115 1124 2169 Πυθαγορικῶν
1151 2114 1258 2146 στάσει

216 2162 444 2202 κρατηθέντων,
461 2164 524 2197 τοῖς
543 2161 568 2192 δ’
581 2160 625 2192 ἔτι
655 2164 845 2192 συνεστῶσιν
871 2161 902 2191 ἐν
931 2162 976 2191 M
964 2161 1134 2202 ..ταποντίῳ
1154 2172 1259 2193 συνεν-

216 2208 389 2248 εδρεύουσιν
414 2208 449 2239 ἐν
468 2207 545 2248 οἴκῳ
565 2210 626 2249 πῦρ
647 2209 675 2239 οἱ
707 2208 877 2239 Κυλώνειοι
905 2207 1086 2247 περιένησαν
1112 2208 1164 2239 καὶ
1194 2208 1254 2240 διέ-

216 2255 338 2296 φθειραν
360 2255 391 2286 ἐν
409 2255 510 2295 τούτῳ
525 2255 640 2290 πάντας
652 2277 661 2292 ,
682 2255 760 2292 πλὴν
777 2253 931 2286 Φιλολάου
948 2254 1001 2284 καὶ
1018 2254 1163 2294 Λύσιδος,
1181 2256 1258 2287 νέων

216 2302 312 2333 ὄντων
326 2301 370 2333 ἐτι
388 2302 477 2343 ῥώμῃ
496 2302 548 2332 καὶ
569 2301 735 2356 κουφότητι
763 2301 1007 2340 διασωσαμένων
1023 2301 1059 2332 τὸ
1076 2304 1149 2342 πῦρ,
1164 2302 1258 2334 Φιλό-

215 2349 286 2385 λαος
297 2349 350 2389 μὲν
364 2349 405 2384 εἰς
416 2349 590 2384 Λευκανοὺς
605 2349 720 2388 φυγών,
735 2348 872 2380 ἐκεῖθενε
859 2348 962 2385 ..σώθη
977 2348 1050 2389 πρὸς
1066 2349 1137 2386 τοὺς
1149 2349 1257 2386 ἄλλους

215 2395 361 2435 φίλουςῆδ
350 2406 382 2432 η
393 2395 482 2426 πάλιν
495 2394 723 2436 ἀθροιζομένους
731 2406 782 2426 και
790 2405 905 2436 κρατου
907 2405 977 2430 ιτας
987 2398 1048 2426 τῶν
1061 2397 1255 2427 Κυλωνείων·

215 2442 313 2478 Λύσις
330 2442 387 2473 δὲ’
378 2442 457 2473 όπου
477 2442 583 2481 γέγονε
585 2453 622 2481 ν,
648 2442 739 2481 ἠγνοε
727 2444 788 2473 εῖτο
815 2442 911 2472 πολὺν
932 2441 1051 2481 χρόνον·
1073 2443 1150 2479 πλήν
1166 2454 1200 2482 γε
1219 2444 1256 2482 δὴ

215 2488 342 2528 Γοργίας
367 2488 556 2523 ὁΛεοντῖνος
582 2488 617 2519 ἐκ
633 2491 688 2525 τῆς
705 2488 848 2524 Ἑλλάδος
868 2489 1029 2520 ἀναπλέων
1048 2490 1089 2525 εἰς
1117 2490 1257 2521 Σικελίαν

216 2534 381 2573 ἀπήγγειλε
399 2537 464 2570 τοῖς
483 2535 550 2574 περὶ
568 2535 714 2575 Ἄρκεσον
735 2536 771 2575 βε
773 2535 887 2575 ὅαίως,
908 2537 1022 2569 Λύσιδι
1039 2537 1256 2577 συγγεγονέναι

216 2581 399 2621 ὃιατρίὸοντι
422 2581 490 2621 περὶ
508 2581 629 2618 Θήὸας.
647 2598 688 2603 ——
706 2581 773 2622 (20)
798 2582 910 2614 Cicero
932 2583 972 2615 de
1000 2583 1117 2615 finibus
1139 2584 1195 2616 lib.
1230 2587 1256 2616 V

216 2637 287 2668 cap.
307 2633 351 2660 2·
369 2628 438 2659 Scis
456 2627 540 2659 enim
558 2637 609 2659 me
628 2628 767 2668 quodam
785 2630 930 2669 tempore
950 2630 1173 2670 Metapontum
1201 2639 1255 2662 ve-

217 2677 300 2707 nisse
319 2676 446 2714 tecum,
465 2683 522 2706 nec
536 2675 576 2705 ad
596 2675 753 2715 hospitem
776 2677 851 2707 ante
872 2676 1059 2715 devertisse,
1078 2686 1173 2716 quam
1198 2680 1256 2718 Py-

217 2721 381 2762 thagorae'
373 2730 476 2761 ipsum
494 2721 582 2753 illum
596 2721 723 2763 locum,
735 2722 789 2753 ubi
800 2723 898 2754 vitam
915 2723 1068 2762 edideiqat
1084 2723 1257 2764 sedemque

218 2767 365 2800 viderim.
381 2787 421 2794 —
437 2768 501 2809 (21)
522 2769 668 2801 Jnstinus
685 2770 706 2801 l.
727 2778 756 2801 c.
776 2770 927 2801 Similiter
941 2771 1096 2811 Diogenes
1111 2773 1257 2804 Laertius

218 2815 271 2847 lib.
292 2817 379 2855 viil,
409 2820 473 2848 15·
494 2817 718 2849 Μεταποντῖνοί
748 2828 783 2856 γε
801 2819 859 2857 μὴν
883 2819 939 2857 τὴν
959 2819 1012 2859 μὲν
1032 2818 1133 2850 οἰκίαν
1160 2821 1256 2851 αὐτοῦ

218 2861 376 2903 Δήμητρος
397 2864 475 2905 ἱερὸν
489 2864 634 2903 εκάλουν,
651 2865 704 2895 τὸν
722 2867 879 2897 στενωπὸι
895 2866 927 2897 δὲ
943 2871 1101 2907 μουσεῖον,
1120 2867 1160 2902 ὥς
1179 2878 1254 2907 φησι

218 2909 423 2951 Φαὸωρῖνος’
411 2921 442 2942 εν
455 2912 666 2947 παντοδαπαῖς
682 2913 845 2970 ἱστρρίαις
862 2914 966 2944 Aliter
982 2913 1180 2953 Porphyrius
1198 2913 1254 2945 vit.

219 2955 519 2997 Pythag.:1{p.;oew
536 2958 589 2989 δὲ
582 2969 696 3016 ιστορει
708 2959 762 2997 τὴν
779 2960 879 2990 οἰκίαν
897 2961 1056 3000 Δήμητρος
1074 2960 1154 2999 ἱερὸν
1169 2963 1258 2999 ποιῆ-

217 3014 270 3034 σαι
286 3004 354 3039 τοὺς
373 3005 607 3045 Κροτωνιάτας,
628 3006 680 3037 τὸν
697 3006 730 3037 δὲ
747 3008 905 3038 στενωπὸν
925 3008 1029 3038 καλεῖν
1047 3018 1142 3046 μουσε
1130 3010 1201 3038 ῖον.
1216 3024 1259 3031 —-

219 3049 283 3090 (22)
315 3051 467 3089 Diogenes
494 3052 638 3083 Laertius
667 3052 722 3084 lib.
755 3055 1005 3092 V111‚39·40·
1036 3053 1176 3084 ἐτελεύτα
1194 3053 1258 3085 δὲὸ

218 3097 397 3137 Πυθαγόρας
409 3100 516 3129 τοῦτον
530 3099 581 3129 τὸν
603 3098 734 3139 τρόπον·
755 3101 985 3140 συνεδρεύοντος
1005 3100 1083 3139 μετὰ
1101 3103 1163 3130 τῶν
1182 3111 1221 3131 συ
1224 3113 1258 3130 ι-

218 3144 299 3179 ήθων
316 3145 346 3175 ἐν
370 3147 407 3184 τῇ
424 3145 562 3180 Μίλωνος
582 3145 666 3185 οἰκίᾳ
685 3145 815 3180 τούτου,
837 3146 899 3178 ὑπό
921 3157 1002 3182 τινος
1019 3149 1081 3177 τῶν
1102 3147 1144 3184 μὴ
1160 3157 1257 3187 παρα-

219 3189 309 3229 δοχῆς
327 3190 530 3230 ἀξιωθέντων,
546 3193 597 3223 διὰ
615 3176 722 3230 φθόνον
743 3194 978 3233 ὑποπρησθῆναι
991 3193 1046 3230 τὴν
1063 3194 1091 3224 οἱ
1096 3192 1164 3223 κίαν
1180 3204 1255 3224 συν-

220 3236 285 3273 έὸη·
308 3237 384 3272 τινὲς
405 3237 432 3268 δ’
448 3238 556 3274 αὐτοὺς
571 3238 641 3273 τοὺς
659 3239 871 3278 Κροτωνιάτας
891 3242 981 3270 τοῦτο
1000 3239 1131 3279 πρᾶξαι,
1147 3250 1257 3280 τυραν-

218 3282 296 3317 νίδος
325 3284 373 3314 ἐπι
364 3283 407 3314 'ee
410 3296 457 3316 σιν
485 3285 654 3325 εὐλαοουμέ
656 3295 726 3320 νους
731 3286 823 3316 ,Τὸν
851 3286 887 3323 δὴ
909 3286 1093 3326 Πυθαγόραν
1123 3286 1258 3323 καταλη-

220 3329 326 3368 φθῆναι
341 3330 497 3366 διεξιόντα·
513 3332 565 3362 καὶ
584 3332 658 3373 πρός
677 3343 735 3363 τινι
752 3331 861 3372 χωρίῳ
882 3332 1042 3371 γενόμενος
1062 3332 1169 3373 πλήρει
1185 3331 1258 3362 κυά·

222 3386 287 3413 μων
307 3376 411 3408 αὐτόθι
435 3378 509 3416 ἔστη
532 3379 646 3417 ειπών,
661 3380 777 3411 ἁλῶναι
797 3380 942 3418 μᾶλ“λον
929 3391 947 3417 η
961 3383 1111 3416 πατῆσαι·
1135 3379 1257 3419 ἀναιρε-

221 3421 307 3457 θῆναι
333 3422 363 3452 δὲ
380 3434 431 3463 κρε
418 3427 513 3455 εῖττον
541 3426 560 3463 ἢ
579 3426 726 3464 λαλῆσαι·
745 3426 798 3457 καὶ
823 3426 883 3456 ὧδε
898 3426 972 3466 πρὸς
997 3428 1058 3456 τῶν
1084 3425 1258 3457 διωκόντων

223 3466 450 3507 ἆῖῑθέγαγῆναι.
467 3471 557 3501 Οὕτω
580 3472 677 3503 δὲκαὶ
701 3472 769 3508 τοὺς
787 3471 909 3507 πλείους
926 3475 986 3502 τῶν
1008 3471 1136 3513 ἑταίρων
1163 3472 1257 3503 αὐτοῦ

1069 258 1134 296 DE
1174 254 1494 295 PYTHAGORA

1324 345 1535 394 nonaginta
1560 353 1648 382 octo
1669 357 1861 382 annorum
1880 356 1997 382 senex
2028 344 2111 382 suit.
2143 343 2252 382 Patet
2285 344 2358 382 hoc

1320 418 1398 443 non
1417 404 1539 453 magis
1570 418 1617 441 ex
1634 403 1855 441 Jamhlieho
1874 403 1953 454 (25)
1976 404 2043 454 qui
2075 403 2357 454 philosophum

1319 462 1366 500 ad
1384 463 1636 500 centesimum
1655 475 1762 513 paene
1776 474 1918 499 annum
1935 461 2174 511 pervenisse,
2197 475 2312 510 quam
2335 475 2356 499 e

1318 520 1352 557 T
1353 530 1454 558 zetze
1475 521 1553 571 (26)
1571 521 1638 570 qui
1658 519 1972 558 undecentesimo
1993 532 2095 556 anno
2125 531 2214 556 eum
2233 519 2362 571 exspi-

1319 593 1423 618 rasse
1442 579 1616 619 tradidit.

1372 638 1430 675 Ex
1448 638 1509 676 his
1539 651 1623 687 quae
1643 636 1932 688 disputavimus
1962 635 2131 674 efficitur
2163 636 2260 675 salso
2278 637 2359 688 Py-

1320 697 1489 746 thagorae
1508 696 1740 747 discipulum
1759 695 1921 733 Numam
1945 694 2204 732 Romanorum
2230 707 2358 744 regem
2394 728 2396 730 ,

1320 755 1519 805 perhiberi
1541 754 1635 807 (27),
1651 766 1764 804 quem
1786 761 1938 790 centum
1957 752 2123 803 amplius
2139 753 2253 791 annis
2273 761 2361 790 ante

1320 814 1490 852 Samium
1520 813 1796 865 philosophum
1814 812 1962 850 vixisse
1981 811 2085 849 inter
2115 824 2248 850 omnes
2266 825 2360 850 con-

1320 882 1403 911 stat.
1438 873 1504 910 Est
1531 873 1635 910 enim
1661 871 1859 909 memoriae
1884 870 2085 922 proditum
2118 884 2141 908 a
2173 870 2362 910 Cicerone

1320 931 1368 969 de
1391 931 1554 982 Republ.
1578 930 1648 969 lib.
1670 929 1705 966 Il
1727 943 1813 980 cap.
1838 928 1882 965 15
1902 929 1993 980 (28),
2010 928 2268 980 Pythagoram
2285 929 2361 968 Su,

1320 989 1441 1056 perbo
1461 998 1641 1040 quartum
1659 988 1739 1039 jam
1763 1001 1907 1025 annum
1938 995 2121 1036 legnante
2143 987 2187 1024 in
2206 987 2358 1026 ltaliam

1322 1049 1497 1095 venisse,
1522 1062 1542 1085 a
1572 1047 1683 1085 Livio
1708 1055 1834 1084 autem
1855 1046 1926 1083 lib.
1955 1046 1971 1084 1
2001 1059 2084 1096 cap.
2114 1047 2159 1084 18
2179 1059 2265 1084 eum
2288 1049 2360 1085 sub

1320 1107 1458 1144 Servio
1479 1106 1611 1144 'tullio
1642 1118 1732 1155 rege
1762 1105 1803 1142 in
1831 1105 1969 1144 ultima
2003 1103 2121 1144 Italiae
2151 1118 2221 1142 ora
2255 1106 2362 1144 circa

1322 1166 1583 1216 Metapontum
1611 1165 1908 1214 Heracleamque
1928 1171 1965 1201 et
1983 1162 2034 1201 C1
2036 1171 2188 1201 otonem
2207 1165 2360 1202 studio-

1319 1238 1446 1261 sorum
1469 1224 1655 1275 juvenum
1678 1231 1800 1261 coetus
1817 1223 2009 1260 habuisse.

1373 1282 1542 1320 Uxorem
1568 1282 1683 1322 duxit
1718 1281 1897 1330 Theano,
1920 1280 2097 1318 Brontini
2126 1280 2363 1320 Crotoniatae

1325 1341 1468 1388 filiam,
1490 1355 1511 1378 e
1536 1354 1613 1392 qua
1642 1349 1782 1392 praeter
1804 1340 2012 1389 Telaugem
2041 1348 2078 1376 et
2099 1338 2362 1378 Mnesarchum

1321 1401 1420 1438 filios
1441 1401 1587 1447 Damo,
1611 1400 1756 1451 Myiam
1781 1407 1819 1437 et
1847 1399 2060 1449 Aiignoten
2097 1398 2197 1436 filias
2228 1411 2360 1436 susce·

1319 1462 1379 1510 pit
1415 1460 1528 1511 (29),
1562 1473 1695 1498 omnes
1727 1458 1945 1497 studiorum
1980 1471 2136 1496 suorum
2166 1459 2291 1496 socios
2315 1466 2362 1496 et

1321 1519 1618 1568 praeclaiissima
1636 1518 1893 1569 philosophiae
1921 1526 2001 1556 tum
2030 1518 2180 1555 lumina
2199 1526 2279 1555 tum
2300 1531 2364 1555 01-

1317 1646 1530 1687 διαφθαρῆναι,
1540 1645 1628 1682 ὄντας
1640 1645 1713 1686 πρὸς
1723 1644 1960 1687 τετταράκοντα,
1972 1645 2128 1686 διαφυγεῖν
2140 1645 2167 1676 δ
2174 1643 2361 1685 ὀλιγίστους·

1317 1693 1360 1725 ὧν
1375 1693 1412 1731 ἦν
1428 1694 1482 1724 καὶ
1502 1692 1649 1734 Ἀρχύτας
1663 1693 1680 1724 6
1699 1694 1885 1748 Ταραντῖνος
1900 1693 1955 1723 καὶ
1972 1692 2070 1728 Λύσις
2094 1692 2112 1723 ὁ
2134 1691 2363 1733 προειρημένος

1319 1741 1406 1778 Φησὶ
1428 1740 1460 1772 δὲ
1475 1740 1666 1781 Δικαίαρχος
1681 1740 1734 1771 τὸν
1757 1739 1943 1780 Πυθαγόραν
1963 1739 2129 1771 ἀποθανεῖν
2146 1739 2364 1779 καταφυγόντα

1323 1788 1365 1823 εἷς
1396 1787 1431 1819 τὸ
1455 1787 1486 1818 ἐν
1511 1785 1718 1844 Μεταποντίῳ
1749 1786 1828 1843 ἱερόν
1856 1789 1918 1818 τῶν
1951 1787 2109 1826 Μουσῶν,
2133 1785 2361 1850 τετταράκοντα

2045 1832 2303 1842 .....

1318 1880 1419 1959 βίίων“
1409 1883 1540 1921 επιτομῄ
1550 1904 1559 1920 ,
1577 1880 1654 1919 μετὰ
1669 1880 1704 1911 τὸ
1723 1879 1818 1920 θάψαι
1832 1879 2032 1921 Φερεκύδην’
2020 1890 2050 1910 εν
2067 1879 2178 1920 Δήλῳ,
2189 1878 2364 1911 ἐπανελθεῖν

1347 1926 1530 1965 ςἸταλίαν,
1556 1928 1610 1958 καὶ
1635 1926 1822 1959 πανδαισίαν
1840 1926 1967 1968 ευρόντα
1985 1926 2132 1963 Μόλωνος
2157 1929 2212 1957 τοῦ
2238 1927 2364 1967 Κροτω-

1318 1974 1423 2006 νιάτου
1439 1975 1482 2010 εἰς
1501 1973 1717 2008 Μεταπόντιον
1733 1974 1879 2011 ἐξελθεῖν,
1895 1973 1987 2005 κάκεῖ
1998 1974 2050 2004 τόν
2065 1973 2132 2014 βίον
2147 1973 2362 2014 καταστρέψαι

1319 2021 1446 2063 ἀσιτίᾳ,
1473 2022 1515 2062 μή
1539 2020 1724 2062 βουλόμενον
1742 2021 1913 2077 περαιτέρω
1932 2023 1996 2061 ζῇν.
2020 2020 2198 2061 Ἕρμιππος
2214 2020 2247 2051 δέ
2266 2031 2361 2075 φησι,

1318 2068 1538 2109 πολεμούντων
1554 2067 1796 2109 Ἀκραγαντίνων
1817 2068 1870 2099 καὶ
1892 2066 2126 2107 Συρακουσίων,
2143 2067 2272 2103 ἐξελθεῖν
2285 2068 2363 2107 μετὰ

1319 2119 1380 2147 τῶι
1398 2115 1539 2153 συνήθων
1555 2116 1608 2147 τὸν
1624 2114 1828 2155 Πυθαγόραν,
1843 2115 1896 2145 καὶ
1922 2118 2093 2154 προστῆναι
2109 2116 2172 2145 τῶν
2194 2116 2362 2153 Ἆκραγαν·

1318 2163 1426 2194 τίνων·
1446 2166 1560 2205 τροπῆς
1581 2163 1614 2194 δὲ
1635 2161 1798 2218 γενομένης
1822 2160 2076 2201 περικάμπτοντα
2105 2159 2198 2191 αὐτὸν
2219 2160 2276 2197 τὴν
2299 2163 2362 2191 τῶν

1323 2210 1454 2251 κυάμων
1473 2210 1579 2250 χώραν
1595 2208 1657 2240 ὑπὸ
1671 2211 1732 2239 τῶν
1750 2206 1972 2246 Συρακουσίων
1993 2206 2210 2246 ἀναιρεθῆναι,
2232 2203 2308 2242 τούς
2329 2215 2363 2236 τε

1317 2257 1461 2296 λοιπούς,
1479 2256 1568 2292 ὄντας
1592 2255 1666 2296 πρὸς
1682 2255 1752 2291 τοὺς
1779 2265 1817 2286 π’
1819 2265 1868 2285 ντε
1891 2255 1944 2285 καὶ
1967 2253 2156 2295 τριάκοντα,
2174 2253 2207 2284 ἐν
2229 2251 2362 2294 Τάραντι

1317 2305 1568 2342 κατακαυθῆναι,
1599 2303 1739 2338 θέλοντας
1769 2299 2054 2334 ἀντιπολιτεύεσθαι
2080 2304 2144 2336 τοῖς
2172 2303 2361 2340 προεστῶτι.

1317 2371 1357 2378 -
1375 2352 1439 2393 (23)
1454 2350 1652 2383 Jamblichus
1666 2349 1720 2381 vit.
1732 2348 1829 2388 Pyth.
1845 2357 1914 2388 cap.
1930 2351 1982 2386 35,
1996 2357 2026 2388 p.
2045 2351 2120 2379 200.
2138 2347 2256 2387 -(24)
2274 2345 2360 2378 Idem

1317 2399 1394 2431 ibid.
1413 2407 1443 2438 p.
1462 2396 1735 2439 205—(20)lb1‹t
1754 2403 1782 2427 c.
1802 2398 1854 2434 36,
1870 2403 1901 2435 p
1921 2397 1992 2426 213.
2005 2394 2125 2434 -(26)
2144 2394 2275 2425 Tzetzae
2290 2391 2364 2425 01ιί-

1317 2446 1392 2477 liad.
1409 2445 1464 2477 lib.
1486 2446 1543 2483 XI,
1556 2453 1603 2475 VS.
1620 2445 1706 2475 366:
1725 2441 1864 2475 Ούτωτὸ
1878 2445 1937 2484 πῦρ
1953 2444 1995 2477 ὡς
2007 2442 2148 2481 λέγουσιν
2165 2441 2362 2496 ἐκπεφευγὼς

1316 2493 1352 2525 τὸ
1368 2493 1457 2532 τότε,
1473 2491 1590 2532 Φυγών
1602 2501 1636 2522 τε
1648 2491 1723 2532 πρὸς
1746 2489 1957 2527 Μετάποντον,
1978 2487 2141 2520 Μουσῶν’
2128 2498 2159 2518 εν
2178 2498 2221 2528 τῳ
2239 2488 2361 2529 τεμένει

1318 2541 1406 2572 Ἐκεῖ
1419 2550 1453 2571 τε
1469 2536 1689 2578 συγκρυπτόμε
1691 2548 1759 2577 νος,
1775 2537 1865 2578 ἄρτον
1883 2537 1990 2577 φαγεῖν
2010 2535 2068 2566 οὐκ
2088 2533 2170 2575 ἔχων
2185 2533 2251 2574 Ἐφ’
2278 2545 2313 2565 οι
2315 2545 2362 2570 αι

1317 2586 1558 2627 τεσσαράκοντα
1576 2585 1703 2625 ἡμέραις
1716 2607 1725 2623 ,
1743 2584 1824 2624 λιμῷ
1846 2581 2012 2621 θνήσκει,’
2019 2583 2103 2612 Ετῶν
2119 2578 2268 2621 υπάρχων
2286 2582 2363 2613 ἐκα-

1316 2635 1369 2666 τὸν
1386 2634 1465 2671 πὶὴν
1485 2632 1571 2668 ἔτους
1601 2631 1667 2667 ἑνὸς
1693 2630 1799 2672 μόνου.
1821 2646 1863 2652 -
1887 2628 1952 2670 (27)
1982 2627 2078 2660 ovid.
2104 2628 2181 2658 Met.
2204 2626 2258 2658 lib.
2289 2627 2362 2666 XV,

1317 2683 1377 2714 479
1394 2688 1483 2720 seqq.
1500 2696 1542 2701 -
1561 2678 1626 2720 (28)
1644 2677 1695 2710 Cf.
1713 2676 1841 2710 'luscul.
1861 2676 1916 2707 lib.
1935 2676 1979 2707 1V
1998 2683 2070 2713 cap.
2090 2678 2118 2711 1,
2135 2672 2237 2705 etlib.
2261 2674 2362 2713 Icap.

1320 2731 1368 2759 16.
1385 2744 1427 2751 —-
1447 2726 1513 2767 (29)
1534 2726 1628 2765 Diog.
1650 2727 1754 2757 Lacr-t
1775 2723 1827 2755 lib.
1851 2724 1939 2761 vlu,
1955 2724 2019 2754 42:
2031 2720 2180 2761 ἦνδὲτῷ
2194 2719 2364 2760 Πυθαγόρᾳ

1318 2775 1372 2806 καὶ
1389 2774 1488 2814 γυνή,
1507 2773 1617 2805 Θεανὼ
1636 2772 1754 2814 ὄνομα,
1778 2770 1941 2812 Βροντίνου
1958 2772 2013 2800 τοῦ
2031 2765 2248 2807 Κροτωνιάτου
2271 2766 2363 2806 θυγά-

1316 2833 1383 2877 τηρ.
1399 2824 1439 2853 Οἱ
1453 2821 1486 2852 δὲ
1500 2823 1633 2861 γυναῖκα
1653 2820 1707 2861 μὲν
1726 2819 1805 2850 εἶναι
1823 2816 2005 2860 Βροντίνου,
2020 2815 2187 2856 μαθήτριαν
2208 2813 2241 2845 δὲ
2254 2814 2362 2846 Πυθα·

1317 2869 1421 2910 γόρου.
1445 2867 1506 2899 Ην
1533 2867 1621 2907 αὐτῷ
1649 2867 1703 2898 καὶ
1727 2864 1861 2906 θυγάτηρ
1889 2863 2008 2903 Δαμώ,
2034 2862 2076 2898 ὥς
2105 2871 2179 2901 φησι
2204 2858 2301 2896 Λύσις
2331 2859 2363 2891 ἐι

1317 2916 1466 2955 ἐπιστολῇ
1481 2917 1519 2954 τῇ
1535 2913 1611 2971 πρὸς
1625 2913 1811 2954 Ἵππαρχον.
1838 2910 1880 2942 ld.
1900 2910 1954 2941 lib.
1979 2910 2068 2947 Vlll,
2083 2909 2150 2939 43.
2173 2906 2210 2946 ἦν
2225 2906 2279 2938 καὶ
2298 2907 2362 2944 Τη-

1316 2962 1430 3002 λαύγης
1451 2962 1517 2998 υἱὸς
1532 2961 1648 2998 αὐτοῦ,
1671 2959 1704 2995 ὃς
1717 2959 1770 2990 καὶ
1785 2957 1936 2993 διεδέξατο
1950 2955 2004 2987 τὸν
2021 2955 2150 2995 πατέρα.
2167 2952 2364 2993 Porphyrius

1317 3009 1374 3041 vit.
1396 3009 1522 3049 Pyth.·
1540 3009 1626 3040 ἄλλοι
1638 2983 1671 3039 δὲ
1693 3007 1728 3038 ἐκ
1750 3007 1885 3040 Θεανοῦς
1904 3006 1957 3041 τῆς
1974 3002 2199 3040 Πυθώνακτος
2217 2999 2253 3030 τὸ
2275 2999 2364 3039 γένος

1318 3056 1474 3098 Κρήσσης,
1488 3057 1556 3087 υἱὸν
1570 3053 1716 3093 Τηλαύγη
1733 3052 1912 3092 Πυθαγόρου
1927 3050 2136 3090 αιαγραφουσι
2146 3057 2199 3077 και
2210 3045 2363 3085 θυγατέρα
2420 3052 2429 3058 “

1317 3105 1432 3143 Μυῖαν,
1449 3105 1479 3134 οἱ
1495 3103 1529 3134 δὲ
1543 3103 1597 3134 καὶ
1620 3095 2107 3141 Αριγνώτην.()οιι1“..1ιιιῐιι)11ι·,1ι.
2133 3094 2193 3125 vit.
2218 3091 2347 3132 Pyth.1

1318 3153 1355 3182 27
1383 3154 1415 3182 et
1446 3150 1560 3183 Pollux
1579 3151 1624 3189 X,
1646 3152 1677 3181 3.
1699 3147 1838 3180 suidas:
1863 3144 1986 3178 Θεανώ·
2007 3144 2161 3185 Κρῆσσα,
2183 3141 2360 3181 φιλόσοοος,

1317 3198 1450 3239 θυγάτηρ
1463 3199 1516 3239 μὲν
1531 3197 1746 3234 Πυθώνακτος,
1758 3193 1879 3235 γαμετὴ
1895 3193 1927 3224 δε
1938 3194 1993 3223 τοῦ
2011 3189 2147 3230 μεγάλου
2163 3187 2361 3228 Πυθαγορου,

1316 3245 1347 3281 ἐξ
1364 3245 1400 3277 οὗ
1417 3245 1491 3285 ἔσχε
1506 3244 1670 3283 Τηλαύγην
1683 3242 1736 3273 καὶ
1750 3242 1940 3281 Μνήσαρχον
1959 3238 2013 3270 καὶ
2031 3238 2137 3269 Μυῖαν
2152 3247 2205 3267 και
2221 3233 2362 3275 Ἀριγνώο

1315 3302 1382 3329 την.
1395 3292 1481 3327 Τινὲς
1497 3291 1530 3322 δὲ
1548 3289 1710 3330 Βροντίνου
1723 3291 1875 3328 γυναῖκα,
1889 3289 1944 3317 τοῦ
1962 3282 2183 3324 Πυθαγορείου.
2199 3281 2356 3322 Γράφουσι

1316 3337 1348 3368 δὲ
1359 3338 1413 3368 καὶ
1434 3339 1471 3369 τὸ
1484 3338 1570 3377 γένος
1586 3338 1807 3377 Κροτωνιᾶτιν.
1821 3332 1978 3373 Ἐγραψεν
1994 3329 2202 3370 υπομνήματα
2212 3328 2362 3368 φιλόσοφοι

1316 3384 1370 3415 καὶ
1388 3384 1612 3423 ἀποφθέγματα
1626 3383 1680 3414 καὶ
1699 3379 1820 3422 ποίημά
1837 3391 1866 3411 τι
1881 3377 1920 3410 δι’
1937 3378 2034 3410 ἐπῶν.
2057 3377 2204 3408 Clemens
2227 3374 2362 3406 Alexan-

1317 3431 1428 3462 drinus
1445 3433 1562 3463 Strom.
1587 3431 1641 3462 lib.
1664 3431 1677 3462 1
1696 3438 1728 3470 p.
1755 3430 1814 3460 309
1832 3428 1886 3458 0:
1911 3425 2045 3466 Δίδυμος
2058 3424 2089 3455 ἐν
2107 3427 2152 3464 τῷ
2171 3422 2240 3463 περὶ
2260 3421 2361 3453 1120oe-

1318 3482 1443 3518 γορικῆς
1457 3478 1637 3518 φιὶοσοείας
1661 3475 1770 3508 Θεανὼ
1791 3474 1847 3512 τὴν
1876 3473 2084 3514 Κροτωνιᾶτιν
2112 3469 2235 3510 πρώτην
2262 3478 2363 3508 γυναι-
