2638 3840
344 270 391 303 26
1176 266 1455 306 PYTHAGOR
1464 267 1639 310 EORUM

343 353 404 403 μὲν
425 354 480 394 ἐπὶ
501 354 540 393 τὸ
558 354 759 407 σκυθρωπόν
780 371 814 393 τε
834 355 893 393 καὶ
908 355 1063 407 χαλεπὸν
1084 355 1376 408 καταφερόμενος,

339 412 404 450 ὅκα
420 412 454 451 δὲ
476 413 533 450 ἐπὶ
557 414 595 452 τὸ
616 413 791 464 ἀνειμένον
810 414 868 451 καὶ
888 418 1025 465 κοῦφον.
1056 412 1090 451 Ἀ
1115 412 1149 452 δὲ
1171 414 1374 467 συναρμογὰ

343 470 471 508 τούτων
493 471 657 509 ἁπάντων
687 472 815 524 ὀφείλει
836 471 987 522 γίνεσθαι
1005 470 1085 508 ποτὶ
1110 469 1173 508 τὰν
1203 470 1378 523 φρόνασιν·

340 527 428 567 αὕτα
449 530 464 551 ‘¹
487 530 553 583 γὰρ
583 531 604 568 ἁ
638 531 847 582 διενεργοῖσά
876 532 946 567 ἐντι
973 529 1011 567 τό
1032 545 1068 567 τε
1095 529 1237 579 ἄπειρον
1259 530 1318 568 καὶ
1335 531 1375 569 τὸ

338 588 497 639 περαῖνον
516 590 550 626 ἐν
566 592 639 632 ταῖς
656 589 808 642 πράξισι,
830 587 947 641 διόπερ
962 587 1021 626 καὶ
1037 594 1100 626 τᾶν
1124 589 1233 627 ἀλλᾶν
1251 590 1377 641 ἀρετᾶν

339 645 425 684 αὕτα
446 647 531 685 καὶο
552 647 692 699 ἇγεμών
719 650 786 686 ε’ντι
814 647 872 684 καὶ
903 647 1036 699 μάτηρ.
1066 653 1179 685 πᾶσαι
1203 646 1271 700 γὰρ
1299 648 1378 686 ποτὶ

337 703 394 742 τὸν
413 705 514 755 λόγον
535 707 592 743 καὶ
611 705 712 756 νόμον
734 705 787 743 τὸν
812 705 941 748 ταύτας
961 705 1243 758 συναρμοσμέναι
1261 722 1297 744 τε
1318 707 1378 745 καὶ

338 764 609 813 συντεταγμέναι
629 763 847 815 τυγχάνοντι.
869 764 1076 816 Περαίνεται
1091 764 1131 810 δὴ
1154 766 1171 802 ὁ
1190 764 1288 816 λόγος
1309 765 1376 812 ἤδη

338 837 396 871 μοι
430 825 508 860 κατ’
543 824 686 861 εὐθεῖαν.
729 822 768 860 τὸ
799 821 865 874 γὰρ
895 822 1018 874 ἄλογον
1051 823 1179 862 καὶτὸ
1209 824 1310 876 ῥητὸν
1343 826 1375 862 ἐν

337 886 442 918 πᾶσιν
465 879 537 927 ἔνι,
561 881 618 918 καὶ
640 881 677 919 τὸ
698 882 761 931 μὲν
782 881 885 933 ὁρίζει
908 881 968 920 καὶ
996 881 1175 933 περαίνει,
1195 881 1286 920 τὸδὲ
1304 882 1376 935 ὁρί-

335 941 428 983 ζεται
448 938 506 977 καὶ
527 939 724 991 περαίνεται
740 969 749 988 ,
764 939 803 978 τὸ
824 940 854 977 δ’
869 939 903 985 ἐξ
925 940 1129 993 ἀμφοτέρων
1152 941 1266 979 αὐτῶν
1291 957 1376 992 συγ-

334 997 488 1047 κείμενον
507 996 529 1034 ἅ
551 1013 588 1035 τε
605 1000 654 1036 τῶ
676 997 747 1037 δ’λω
767 997 828 1036 καὶ
848 1001 898 1036 τῶ
922 999 1050 1043 παντὸς
1071 999 1275 1050 συναρμογά
1294 1001 1376 1039 ἐντι.

388 1055 590 1106 (Stobaeus
606 1056 709 1095 Flor.
731 1057 807 1104 lll,
828 1057 893 1105 75.
923 1058 1044 1097 Posui
1064 1064 1105 1098 :²¹
1139 1057 1177 1098 οὔ
1197 1074 1243 1097 κα
1264 1058 1374 1097 ἐνεδέ-

333 1128 431 1164 χετο,
458 1115 571 1154 codd.
603 1116 665 1153 οὔκ
688 1114 877 1168 ἐνεδέχετο·
893 1117 910 1142 ¹)
941 1119 1010 1155 τῶν
1032 1116 1257 1170 ἀρχομένων;
1278 1117 1374 1156 libri

333 1175 400 1210 τῶν
439 1173 502 1218 μὲν
547 1173 764 1226 ἀρχομένων.
785 1179 799 1197 ⁰
840 1175 981 1220 σπωδὰς
1011 1177 1071 1215 καὶ
1115 1177 1257 1220 παιδιᾶς
1291 1191 1375 1214 cum

335 1232 580 1281 llirschigi03
629 1233 862 1271 membranae
913 1234 1049 1286 ἐπῳδὰς
1092 1234 1152 1272 καὶ
1199 1235 1372 1279 παιδείας.

332 1288 348 1312 ‘¹¹
366 1289 473 1338 αὕτα;
494 1291 587 1329 libri
609 1290 709 1332 αὐτὰ.
732 1295 747 1314 ⁰*
766 1288 854 1330 αὕτα
876 1291 956 1340 καὶ;
982 1293 1074 1331 lib1·i
1096 1292 1170 1331 αὕτ’
1189 1292 1264 1345 ἂν.)

384 1349 431 1398 γ’.
455 1348 499 1388 ‘0
532 1350 600 1402 γὰρ
635 1350 707 1394 θεὸς
732 1349 840 1395 οὕτως
863 1351 1076 1404 ἐτεχνάσατο
1098 1351 1156 1390 τὸν
1181 1351 1374 1403 ἄνθρωπον,

332 1407 518 1457 δηλόμενος
537 1413 552 1432 ³
580 1409 681 1447 αὐτὸν
715 1409 799 1459 μήτ’
829 1410 1003 1454 ἀδυνάτως
1034 1409 1114 1462 ἔχεν
1149 1410 1278 1449 ποττὰν
1305 1413 1373 1449 τῶν

333 1468 448 1504 καλῶν
481 1468 723 1519 ὅρμάν,,μήτε
747 1467 817 1518 μὰν
850 1470 954 1507 πάλιν
977 1468 1228 1522 ἀπροαιρέτως.
1260 1469 1373 1522 ἀρχὰν

331 1524 397 1577 γὰρ
427 1527 520 1564 αὐτῶ
542 1527 743 1578 ἐνεφύτευσε
772 1527 951 1574 τοιαύταν,
983 1527 1056 1571 ἅτις
1079 1544 1138 1566 και
1168 1528 1206 1566 τὸ
1231 1528 1375 1567 δυνατὸν

332 1582 407 1634 ἅμα
428 1584 583 1637 περιέχει
614 1601 674 1623 και
699 1585 738 1623 τὸ
767 1586 994 1638 προαιρετόν,
1014 1585 1071 1624 ἵνα
1102 1593 1164 1630 τᾶς
1185 1586 1231 1660 μὲ
1236 1603 1251 1624 ν
1273 1587 1374 1625 δυνά-

333 1658 409 1692 μιος
422 1642 482 1681 καὶ
501 1650 656 1696 κατοχᾶς
673 1646 742 1682 τῶν
763 1645 900 1695 ἀγαθῶν
924 1645 1027 1688 αὐτὸς
1056 1643 1162 1688 αἴτιος
1183 1648 1204 1696 ᾐ
1220 1675 1230 1692 ,
1251 1652 1312 1689 τᾶς
1342 1646 1372 1683 δ’

331 1717 387 1739 επι
406 1705 517 1740 ταῦτα
534 1702 775 1755 παρορμάσιος
795 1718 855 1741 και
880 1704 958 1741 κατ’
979 1702 1076 1754 ὀρθὸν
1100 1702 1202 1754 λόγον
1234 1703 1372 1750 ὄπαδή-

331 1776 419 1807 σιος,
458 1763 474 1798 ὃ
503 1759 589 1804 θεός.
664 1761 732 1799 Καὶ
765 1762 821 1799 διὰ
859 1767 958 1801 τοῦτο
996 1760 1238 1814 ἀναΟροῧνταῠ

330 1821 490 1867 ἐποίησεν
508 1820 555 1863 εἷς
573 1819 630 1858 τὸν
660 1819 817 1871 ουρανόν,
851 1821 911 1858 καὶ
933 1820 1104 1859 παντιιθιν
1124 1819 1296 1867 νοατικόν,
1315 1823 1374 1858 καὶ

329 1877 408 1930 ὄψιν
427 1879 521 1916 αὐτῶ
547 1877 687 1930 ἐνέφυσε
722 1877 886 1916 τοιαύταν
903 1908 913 1925 ,
944 1878 1002 1916 τὸν
1028 1893 1408 1930 προσαγορευομενον,

333 1936 416 1984 νόον,
436 1940 464 1974 ὡ
497 1936 554 1975 τὸν
583 1937 657 1975 θεὸν
688 1936 769 1990 &taz
760 1953 824 1976 αι.
858 1936 935 1975 οὔτε
956 1937 1021 1990 γὰρ
1043 1938 1122 1976 ἄνευ
1146 1940 1212 1976 θεω
1232 1938 1271 1976 τὸ
1294 1938 1370 1989 ἄρι-

1272 1761 1374 1800 αὐτὸν

328 2118 404 2150 tiam
419 2118 452 2150 et
465 2118 667 2158 hilaritatem,
682 2121 750 2150 tum
770 2126 951 2159 prosperam
967 2118 1127 2150 fortunam
1144 2118 1176 2150 et
1189 2118 1368 2150 adversam.

327 2179 407 2210 Nam
428 2185 476 2209 res
494 2177 635 2209 adversae
650 2177 838 2209 contrahere
866 2177 1009 2209 animum
1030 2176 1210 2217 ingeniique
1240 2177 1305 2209 vim
1331 2177 1370 2208 ad

327 2235 516 2267 industriam
535 2245 573 2267 ac
602 2235 802 2277 prudentiam
827 2237 1014 2268 convertere
1034 2237 1190 2276 possunt,
1213 2245 1372 2277 prosperae

327 2295 469 2336 quietem
485 2296 516 2327 et
530 2295 726 2335 voluptatem
741 2295 849 2327 animo
862 2295 1029 2327 asserentes
1043 2295 1249 2327 recentiorem
1262 2304 1367 2336 prom-

328 2353 528 2394 ptioremque
547 2353 585 2384 ad
603 2354 743 2385 actiones
767 2362 840 2385 eum
860 2352 1007 2384 reddunt.
1033 2353 1154 2390 Quodsi
1176 2353 1366 2385 alterutrum

328 2412 430 2443 solum
452 2412 484 2443 in
504 2412 570 2444 vita
587 2414 733 2453 superet,
750 2412 884 2444 nimium
898 2413 930 2443 in
952 2412 1084 2444 alteram
1113 2413 1233 2452 partem
1263 2413 1373 2451 verget

328 2471 423 2511 atque
442 2471 627 2510 inclinabit,
655 2472 771 2503 autad
802 2471 964 2503 tristitiam
991 2472 1024 2503 et
1051 2470 1228 2502 molestiam
1260 2471 1371 2511 procli-

330 2528 411 2568 vior,
431 2530 486 2561 aut
505 2529 543 2560 ad
560 2529 780 2570 negligentiam
797 2533 828 2562 et
842 2530 1012 2562 levitatem.
1037 2530 1198 2562 Caeterum
1216 2529 1371 2561 concinna

330 2587 445 2620 horum
474 2589 620 2621 omnium
646 2590 827 2630 conjunctio
850 2589 889 2621 ad
916 2590 1094 2630 prudentiae
1112 2597 1258 2621 normam
1279 2588 1373 2628 dirigi

328 2646 424 2679 debet
445 2659 453 2679 ε
482 2647 553 2679 haec
570 2649 653 2679 enim
673 2649 836 2680 actionum
855 2651 888 2681 et
909 2648 1065 2680 infinitam
1089 2649 1122 2680 et
1139 2647 1261 2680 finitam
1278 2651 1372 2679 natu-

331 2714 398 2737 ram
414 2706 529 2747 efficit,
552 2706 688 2748 ideoque
711 2708 810 2739 *etiam
841 2707 1036 2748 reliquarum
1058 2708 1215 2740 virtutum
1242 2706 1309 2738 dux
1339 2707 1371 2739 ct

330 2766 433 2797 mater
449 2766 496 2797 est
516 2777 523 2797 ε
544 2766 617 2805 quia
633 2775 743 2798 omnes
765 2767 899 2798 virtutes
919 2766 958 2798 ad
981 2766 1076 2806 liujus
1095 2765 1320 2806 praescriptum
1338 2769 1369 2797 et

330 2824 469 2864 regulam
496 2825 680 2864 compositae
704 2824 949 2865 constitutaeque
970 2826 1054 2856 sunt.
1091 2827 1137 2857 De
1156 2824 1276 2865 reliquo
1298 2833 1369 2856 mea

331 2883 431 2915 oratio
454 2882 504 2914 liic
521 2883 605 2914 recte
624 2882 744 2914 finitur.
774 2884 854 2914 Nam
879 2891 928 2914 res
954 2882 1143 2914 irrationalis
1163 2883 1304 2923 itemque
1323 2892 1372 2914 res

330 2936 463 2969 dicenda
481 2937 631 2968 omnibus
649 2937 691 2968 ita
717 2938 932 2976 continentur,
955 2939 990 2969 ut
1016 2938 1114 2969 altera
1131 2938 1320 2970 determinet
1335 2947 1372 2970 ac

330 2996 439 3036 finiat,
461 2996 558 3028 altera
581 2995 810 3028 determinetur
826 3005 862 3028 ac
878 2997 1016 3028 finiatur.
1051 2997 1265 3035 Quamobrem
1283 2998 1370 3038 quod

329 3064 366 3086 ex
390 3055 526 3095 utraque
557 3058 679 3086 constat
714 3064 818 3087 rerum
847 3055 1007 3095 compagis
1035 3056 1131 3096 atque
1158 3056 1372 3088 universitatis

329 3114 526 3146 concinnitas
540 3115 598 3146 est.

373 3175 427 3205 lli.
465 3172 591 3205 Etenim
619 3172 697 3204 deus
729 3172 775 3203 sic
804 3172 965 3204 hominem
1001 3172 1175 3205 fabricatus
1204 3173 1271 3211 est,
1297 3173 1371 3213 quia

330 3232 480 3272 volebat,
499 3240 572 3263 eum
590 3239 648 3262 nec
667 3232 824 3271 potestate
851 3240 909 3262 nec
926 3231 1088 3262 voluntate
1102 3230 1142 3262 ab
1166 3231 1369 3262 honestarum

332 3299 437 3322 rerum
472 3290 578 3321 studio
605 3289 785 3320 abliorrere.
846 3291 991 3329 Namque
1017 3289 1078 3320 tate
1107 3289 1294 3329 principium
1324 3289 1369 3320 illi

331 3348 489 3388 ingenuit,
509 3348 593 3389 quod
607 3349 638 3380 et
651 3348 841 3388 potestatem
855 3347 948 3378 simul
965 3349 998 3379 et
1018 3347 1215 3378 voluntatem
1230 3347 1368 3378 contine-

331 3410 391 3448 ret,
411 3410 446 3440 ut
463 3409 626 3449 potestatis
642 3408 771 3448 quidem
786 3409 817 3439 et
836 3407 1040 3448 possessionis
1058 3407 1212 3439 bonorum
1228 3408 1293 3448 ipse
1312 3416 1370 3438 au-

330 3468 402 3499 ctor
417 3467 478 3507 sit,
497 3467 656 3508 appetitus
671 3468 777 3499 autem
795 3467 827 3499 et
837 3466 913 3507 justi
931 3466 1078 3498 desiderii
1096 3465 1187 3499 deus.
1211 3465 1368 3503 Quocirca

1440 373 1518 396 στον
1538 359 1597 397 καὶ
1625 360 1664 398 τὸ
1682 360 1866 399 κάλλιστον
1887 356 1928 408 ἦν
1949 363 2072 413 εὑρεῖν,
2103 362 2174 401 οὔτ’
2194 363 2273 402 ἄνευ
2294 363 2362 402 νόω
2395 364 2476 402 ἰδεῖν

1438 416 1496 456 τὸν
1517 417 1590 456 θεὸν
1609 419 1723 468 αὐτόν,
1750 420 1867 466 ἐπειδὴ
1885 427 1953 459 πᾶν
1978 420 2016 458 τὸ
2041 421 2162 459 θνατὸν
2185 422 2284 474 φύσιν
2305 421 2377 474 ἔχει
2399 423 2477 472 μετ’

1441 476 1632 528 ἀφροσύνας
1653 477 1830 528 συγγενεός
1851 481 2036 530 ῥιζοῦσθαι·
2057 478 2115 516 καὶ
2135 479 2262 518 ταύταν
2279 481 2345 532 οὐχ
2366 483 2384 518 ὁ
2405 479 2477 522 θεός

1440 534 1508 572 ἐντι
1531 538 1549 573 ὁ
1567 537 1798 587 δωρούμενος,
1821 538 1897 574 ἀλλ’
1918 538 1938 575 ἁ
1957 544 2018 581 τᾶς
2042 537 2191 589 γενέσιος
2211 538 2300 576 «besta
2328 539 2388 576 καὶ
2417 544 2477 581 τᾶς

1440 593 1550 631 αὐτῶν
1570 596 1684 647 ψυχᾶς
1703 595 1724 633 ἁ
1745 595 1954 648 προαίρεσις.

1493 650 1685 703 (Stohaeus
1716 653 1849 703 Eclog.
1876 654 1945 693 lib.
1980 654 2031 694 ΙΙ.
2058 667 2138 706 cap.
2169 656 2207 700 8,
2234 668 2274 706 p.
2300 655 2381 692 350
2412 655 2474 695 ed.

1440 712 1610 758 Heeren3
1633 712 1713 750 vot.
1737 711 1789 760 lt,
1820 725 1908 763 pag.
1941 713 2011 750 651
2046 713 2107 750 ed.
2132 713 2327 752 Gaisford.
2352 713 2478 764 Repo·

1438 769 1498 806 sui
1518 781 1527 808 :
1549 774 1564 793 ³
1584 769 1788 820 δηλόμενος;
1809 771 1920 810 codd.
1953 771 2175 821 δηλούμενος.
2195 773 2212 798 ¹³
2240 774 2476 824 ἀναθροῦντα;

1438 827 1532 865 libri
1551 827 1831 881 ἀναθρώσκοντα.
1849 831 1863 851 ⁰
1884 829 1944 867 καὶ
1972 829 2134 877 πάντων;
2156 830 2390 868 membranae
2417 830 2476 868 καὶ

1439 885 1577 937 αὐτὸν.)

1944 1001 1982 1040 8.

1442 1110 1502 1148 ΕΚ
1533 1109 1635 1148 ΤΩΝ
1663 1109 1839 1148 ΠΩΛΟΥ
1882 1109 2158 1148 ΛΕΥΚΑΝΟΥ
2190 1110 2293 1149 ΤΟΥ
2325 1110 2482 1149 ΠΥΘΑ-

1571 1168 1790 1207 ΓΟΡΕΙΟΥ
1822 1169 1943 1208 ΠΕΡΙ
1974 1169 2334 1208 ΔΙΚΑΙΟΣΥΝΗΣ.

1491 1284 1594 1320 Δοκεῖ
1614 1298 1672 1331 μοι
1702 1285 1769 1343 τιΞν
1796 1284 1929 1334 ἀνδρῶν
1949 1282 2012 1321 τὰν
2044 1283 2266 1322 δικαιοσύναν
2289 1282 2423 1336 ματέρα
2442 1299 2480 1322 τε

1437 1341 1496 1379 καὶ
1524 1341 1666 1380 τιΟάναν
1701 1349 1762 1381 τᾶν
1792 1344 1902 1380 ἀλλᾶν
1929 1345 2055 1394 ἀρετᾶν
2088 1342 2290 1394 προσειπέν·
2311 1342 2394 1395 ἄτερ
2413 1342 2480 1397 γὰρ

1438 1399 1568 1443 ταύτας
1597 1398 1675 1438 οὔτε
1703 1399 1887 1454 σώφρονα,
1908 1399 1984 1439 οὔτε
2019 1402 2179 1453 ἀνδρῇον,
2205 1400 2285 1440 οὔτε
2314 1402 2480 1454 φρόνιμον

1437 1452 1506 1497 οἷόν
1528 1474 1565 1497 τε
1589 1462 1692 1509 ἠμεν.
1722 1458 1885 1511 Αρμονια
1914 1458 1983 1511 γάρ
2004 1461 2073 1497 ἐντι
2093 1476 2153 1498 και
2179 1459 2298 1512 εἷράνα
2318 1467 2379 1504 τᾶς
2397 1460 2481 1504 ὅλας

1436 1521 1550 1572 ψυχᾶς
1568 1521 1643 1569 μετ’
1659 1519 1859 1572 εὐρυθμίας.
1917 1519 2222 1573 Δηλοφανέστερον
2237 1519 2274 1558 δέ
2287 1537 2332 1559 κα
2346 1520 2480 1573 γε’νοιτο

1436 1579 1475 1617 τὸ
1491 1579 1620 1622 ταύτας
1645 1579 1770 1631 κράτος
1789 1579 1966 1624 ἐτάζουσιν
1985 1579 2068 1630 ἁμῖν
2084 1580 2145 1623 τὰς
2162 1580 2270 1623 ἄλλας
2289 1578 2391 1624 ἔξιας.
2413 1595 2476 1630 με·

1438 1637 1534 1689 ρικὰν
1565 1636 1633 1688 γὰρ
1669 1637 1786 1690 ἔχοντι
1806 1631 1909 1676 αὗται
1922 1642 1938 1660 ‘²
1953 1637 2016 1675 τὰν
2037 1637 2207 1689 ὠφέλειαν
2220 1653 2280 1677 και
2296 1637 2373 1677 ποθ’
2399 1638 2477 1691 ἕν’),

1437 1697 1459 1735 ἃ
1474 1696 1509 1734 δὲ
1523 1696 1598 1735 ποθ’
1611 1697 1674 1735 ὅλα
1689 1697 1733 1735 τὰ
1752 1697 1959 1747 συστάματα
1976 1696 2036 1734 καὶ
2057 1698 2091 1735 ἐν
2111 1697 2250 1735 πλάθει.
2274 1696 2339 1737 Ἐν
2352 1696 2479 1751 κόσμῳ

1436 1755 1476 1805 μὲ
1481 1771 1497 1792 ν
1522 1758 1570 1793 ὠν
1590 1755 1678 1793 αὐτὰ
1693 1755 1756 1793 τὰν
1777 1754 1818 1793 ὅλ
1822 1772 1861 1794 αν
1883 1755 1996 1808 ἀρχὰν
2018 1757 2315 1809 διαστραταγοῖσα
2331 1755 2475 1808 πρόνοιά

1436 1834 1473 1856 τε
1504 1818 1563 1856 καὶ
1599 1818 1747 1871 ἁρμονία
1778 1835 1838 1857 και
1865 1818 1944 1857 δίκα
1975 1834 2034 1857 και
2055 1819 2154 1862 νόοςο
2173 1819 2261 1862 τινὸς
2280 1821 2365 1858 θεῶν
2386 1819 2476 1858 οὕτω

1403 1885 1406 1902 ¹
1404 1877 1675 1943 ψαφιξαμένω·
1696 1879 1728 1915 ἐν
1752 1876 1863 1916 πόλιᾱ
1894 1878 1929 1915 δὲ
1948 1877 2091 1949 εἷράνα
2109 1893 2146 1915 τε
2171 1893 2230 1915 και
2255 1877 2398 1922 ευνομία
2420 1878 2479 1916 δι-

1400 1956 1405 1978 ι
1436 1936 1542 1980 καίως
1561 1936 1741 1984 κέκληται·
1755 1937 1788 1973 ἐν
1800 1934 1883 1972 οἴκω
1901 1936 1957 1973 δΗ
1944 1951 2012 1974 εντι
2030 1934 2150 1988 ἀνδρὸς
2168 1934 2230 1987 μὲν
2247 1934 2307 1974 και
2324 1950 2469 1987 γυναικο

1430 2118 1461 2150 in
1475 2117 1592 2150 coelum
1618 2125 1693 2149 eum
1713 2119 1854 2149 erectum
1872 2117 1965 2149 tinxit
1985 2117 2196 2158 omniumque
2225 2126 2335 2150 rerum
2359 2117 2478 2150 intelli-

1429 2178 1572 2216 gentem,
1602 2175 1770 2215 visumque
1790 2174 1885 2206 talem
1905 2174 2037 2214 indidit,
2059 2175 2113 2215 qui
2133 2174 2248 2206 mentis
2269 2173 2400 2206 nomine
2419 2181 2476 2214 ap-

1430 2234 1577 2276 pellatur,
1592 2234 1684 2275 cujus
1699 2243 1758 2275 ope
1774 2234 1869 2266 deum
1883 2234 2092 2275 conspiceret.
2111 2235 2190 2265 Nam
2206 2242 2310 2274 neque
2326 2233 2397 2265 sine
2414 2232 2475 2265 deo

1433 2296 1594 2337 optimum
1612 2297 1644 2327 et
1665 2294 1920 2326 honestissimum
1946 2293 2097 2334 consequi
2122 2293 2259 2331 licebat,
2281 2301 2387 2333 neque
2405 2292 2475 2324 sine

1433 2355 1540 2386 mente
1562 2353 1656 2385 deum
1675 2353 1781 2393 ipsum
1799 2352 1928 2392 videre,
1949 2351 2210 2392 quandoquidem
2228 2359 2324 2382 omne
2341 2350 2475 2382 mortale

1433 2413 1624 2453 ingeneratae
1649 2410 1872 2451 imprudentiae
1890 2410 2105 2442 adhaerescere
2123 2410 2222 2449 solet,
2245 2418 2309 2441 non
2336 2410 2402 2441 tam
2419 2407 2470 2440 dei

1435 2480 1585 2511 munere,
1610 2479 1707 2512 quam
1730 2472 1819 2503 ortus
1837 2470 2028 2511 proprietate
2049 2473 2081 2502 et
2096 2469 2192 2502 animi
2212 2470 2342 2511 impetu.

1937 2566 1994 2605 ι8.

1470 2662 1501 2699 Ε
1531 2660 1647 2700 POLI
1675 2659 1868 2699 LUCANI
1898 2659 2239 2698 PYTHAGOREI
2270 2658 2426 2698 LIBRO

1776 2718 1844 2756 DE
1872 2718 2125 2757 JUSTITIA.

1472 2818 1602 2850 Justitia
1620 2817 1703 2859 inter
1716 2816 1861 2849 homines
1874 2815 1999 2848 videtur
2015 2817 2092 2848 milii
2110 2817 2303 2858 reliquarum
2315 2816 2471 2848 virtutum

1433 2879 1535 2909 mater
1551 2880 1583 2909 et
1602 2877 1708 2909 nutrix
1726 2875 1932 2917 appellanda,
1948 2876 2105 2916 siquidem
2122 2876 2191 2907 sine
2207 2884 2244 2907 ea
2267 2884 2371 2917 neque
2387 2876 2470 2907 tcm-

1434 2938 1595 2978 perantem
1611 2960 1620 2975 ,
1637 2944 1742 2977 neque
1759 2935 1871 2966 sortem
1882 2959 1891 2974 ,
1909 2943 2012 2975 neque
2031 2934 2218 2975 prudentem
2237 2934 2387 2975 cuiquam
2402 2942 2472 2965 esse

1430 2995 1514 3028 licet.
1571 2997 1626 3027 Est
1643 2994 1726 3028 enim
1744 2994 1841 3025 animi
1858 2993 1957 3025 totius
1970 3002 2043 3024 cum
2061 2993 2277 3025 concinnitate
2294 3001 2354 3033 pax
2375 2993 2472 3033 atque

1431 3055 1610 3087 harmonia.
1648 3054 1717 3086 Fiet
1748 3054 1855 3085 autem
1880 3052 1949 3092 ejus
1981 3052 2029 3083 vis
2059 3052 2266 3091 manifestior,
2293 3052 2318 3082 si
2338 3053 2472 3083 caeteros

1430 3113 1559 3146 habitus
1577 3112 1894 3145 consideraverimus.
1915 3112 1959 3143 Ut
1978 3111 2061 3142 enim
2086 3110 2117 3142 lii
2135 3119 2172 3142 ex
2195 3112 2282 3151 parte
2304 3111 2403 3151 atque
2421 3109 2462 3141 ad

1430 3182 1530 3204 unum
1548 3171 1668 3213 aliquid
1695 3171 1829 3212 prosunt
1846 3182 1854 3202 ε
1871 3170 1915 3201 ita
1929 3169 1982 3200 illa
2003 3168 2042 3200 ad
2067 3159 2204 3209 integros
2229 3169 2331 3200 coetus
2349 3167 2468 3199 consti-

1430 3231 1568 3263 tuendos
1586 3234 1682 3271 atque
1700 3230 1731 3262 in
1753 3226 1918 3262 hominum
1932 3227 2137 3259 multitudine
2151 3228 2245 3259 valet.
2298 3228 2334 3258 Iu
2349 3227 2470 3258 mundo

1430 3290 1527 3330 igitur
1549 3290 1618 3331 ipsa
1639 3297 1768 3321 omnem
1796 3287 2007 3329 principatum
2039 3286 2185 3318 obtinens
2215 3285 2412 3326 providentia
2437 3286 2468 3316 ct

1433 3348 1598 3380 harmonia
1613 3348 1711 3388 etius
1725 3348 1758 3379 et
1783 3354 1872 3378 meus
1891 3345 1940 3377 dei
1964 3344 2130 3384 cujusdam
2142 3369 2151 3383 ,
2169 3353 2187 3375 a
2208 3353 2274 3384 quo
2292 3344 2408 3375 cuncta
2426 3343 2468 3374 ita

1429 3407 1589 3447 descripta
1606 3409 1703 3446 sunt,
1717 3407 1849 3437 vocatur
1865 3413 1874 3435 t
1895 3404 1927 3435 in
1943 3403 2068 3435 civitate
2082 3403 2189 3433 autem
2206 3410 2266 3441 pax
2282 3404 2314 3432 et
2331 3400 2468 3440 aequitas

1431 3465 1545 3497 merito
1565 3465 1751 3497 nominatur
1769 3473 1777 3495 z
1801 3464 1833 3495 in
1851 3463 1947 3495 domo
1967 3470 2042 3493 vero
2059 3461 2168 3492 mutua
2185 3459 2290 3491 mariti
2303 3460 2335 3491 et
2357 3459 2468 3500 uxoris

2622 3134 2627 3136 ·
2618 2847 2638 3118 νμνῑκρππει-ψκἿΜ
2620 2771 2638 2835 2⁹⁴2..-
