2638 3840
333 286 381 318 98
1165 273 1626 314 PYTHAGOREORUM

331 370 414 418 γῆς,
435 366 456 413 ἢ
478 366 516 405 τὸ
536 365 741 418 θεωρητικόν
755 395 765 413 ,
790 365 812 412 ἢ
836 363 940 416 μέσον
971 361 1203 402 παιδευτικόν.
1230 364 1367 414 Προαι-

333 425 497 475 ρήσεσθαι
524 425 586 475 μὲν
604 423 671 476 γὰρ
693 424 751 462 καὶ
767 423 932 475 πράττειν
954 421 1014 459 καὶ
1042 423 1179 473 θεωρεῖν
1201 419 1244 458 τὰ
1261 420 1366 459 καλά.

331 483 560 533 Κωλυόμενον
578 483 613 522 δὲ
633 483 712 535 περὶ
728 483 833 534 ἄμφω
852 480 1026 532 γίγνεσθαι
1049 479 1106 518 διὰ
1125 478 1284 532 καιρούς,
1302 482 1366 517 θα-

328 541 417 595 τέρῳ
451 542 665 594 χρήσεσθαι,
699 542 924 593 προτιμῶνται
958 537 1019 588 μὲν
1057 537 1114 576 τὸν
1158 541 1194 576 θε
1181 538 1367 591 εωρητικὸν

331 599 422 654 βίον,
443 601 499 639 διὰ
519 601 553 640 δὲ
573 600 612 639 τὸ
629 598 823 639 κοινωνικὸν
852 596 908 636 ἐπὶ
927 596 988 639 τὰς
1007 596 1188 640 ποὶιτικὰς
1206 598 1367 650 ὁρμῶντα

328 658 481 711 πράξεις.
554 660 609 697 Δι’
635 657 652 696 ὃ
679 657 737 696 καὶ
764 655 934 708 γαμήσειν
960 655 1014 678 ²⁷⁰
1034 655 1093 694 και
1116 653 1368 702 παιδοποιήσε-

327 717 478 758 σθαικαὶ
492 716 768 763 πολιτεύσεσθαι,
787 714 846 753 καὶ
862 713 1117 766 ἐρασθήσεσθαι
1133 713 1190 752 τὸν
1207 712 1368 765 σώφρονα

329 775 464 828 ἔρωτα,
485 774 543 814 καὶ
569 773 840 826 μεθυσθήσεσθαι
868 771 959 810 κατὰ
987 771 1270 826 συμπεριφορᾶς,
1302 770 1367 810 κᾶν

330 836 359 873 εἰ
381 834 429 885 μὴ
445 834 724 887 προηγουμένως,
740 831 799 870 καὶ
813 830 961 870 καθόλου
974 831 1035 879 τὴν
1057 830 1185 884 ἀρετὴν
1197 833 1367 870 ἀσκοῦντα

328 892 387 930 καὶ
408 892 519 943 μένειν
534 893 569 929 ἐν
588 894 637 944 τῷ
656 890 720 943 βίῳ
734 920 743 937 ,
763 889 822 928 καὶ
842 890 945 928 πάλιν
962 890 991 927 εἴ
1011 889 1080 928 δέοι
1095 888 1178 929 ποτὲ
1198 889 1242 928 δι’
1261 889 1368 940 ἀνάγ-

328 966 391 994 κας
416 949 751 999 ἀπαλλαγήσεσθαι,
779 951 890 1001 ταφῆς
918 948 1184 1001 προνοήσαντα,
1203 947 1294 987 κατὰ
1314 947 1368 986 νό-

330 1024 392 1060 μον
425 1009 485 1047 καὶ
516 1010 555 1046 τὸ
575 1008 720 1059 πάτριον
741 1007 831 1054 ἔθος,
863 1006 924 1045 καὶ
952 1009 1019 1044 τῶν
1050 1006 1181 1055 ἄλλων,
1205 1006 1271 1045 ὅσα
1298 1013 1368 1050 τοῖς

326 1067 582 1129 κατοιχομένοις
605 1068 772 1105 ἐπιτελεῖν
800 1064 908 1105 ὅσιον.
967 1064 1057 1104 Βίων
1096 1065 1143 1088 ²⁷¹
1170 1064 1206 1104 δὲ
1231 1064 1369 1118 τριττὰς

328 1125 418 1170 ἰδέας
437 1129 543 1173 εἶναι,
564 1125 777 1177 πρακτικόν,
808 1123 1029 1177 θεωρητικόν,
1057 1123 1216 1163 σύνθετον
1240 1123 1315 1169 ἕξ’
1296 1140 1368 1174 αμ-

326 1187 414 1238 φοῒν.
469 1183 539 1224 Τὸν
561 1183 622 1234 μὲν
643 1182 708 1236 γὰρ
740 1181 994 1222 ἀπολαυστικὸν
1013 1182 1036 1230 ἢ
1061 1182 1188 1230 ἥττονα
1204 1183 1282 1221 κατ’
1310 1183 1369 1220 ἄν·

327 1248 459 1295 θρωπον
479 1246 568 1281 εἶναι
581 1241 853 1294 ,προκρίνεσθαι
873 1242 909 1280 δὲ
928 1257 996 1280 των
1017 1242 1132 1280 ἄλλων
1156 1241 1214 1280 τὸν
1238 1244 1368 1293 θεωρη-

326 1301 436 1342 τικόν.
494 1299 744 1340 Πολιτεύεσθαί
757 1316 794 1339 τε
811 1300 870 1338 τὸν
887 1301 1074 1339 σπουδαῖον
1078 1299 1369 1355 προηγουμένως,

328 1359 377 1410 μὴ
399 1359 490 1399 κατὰ
508 1358 723 1412 περίστασιν·
747 1359 803 1398 τὸν
824 1358 892 1412 γὰρ
908 1359 1100 1413 πρακτικὸν
1124 1357 1198 1410 βίον
1214 1358 1273 1397 τὸν
1302 1360 1369 1396 αὖ·

326 1419 384 1456 τὸν
406 1413 492 1457 εἶναι
519 1420 568 1471 τῷ
595 1419 776 1470 πολιτικῷ.
845 1416 927 1456 Βίον
959 1416 996 1455 δὲ
1026 1417 1210 1469 κράτιστον
1228 1415 1292 1487 μὲν
1311 1417 1368 1456 τὸν

325 1479 403 1515 κατ’
421 1476 566 1530 ἀρετήν,
586 1479 620 1516 ἐν
634 1482 704 1520 τοῖς
717 1475 807 1514 κατὰ
821 1476 935 1529 φύσιν·
957 1474 1152 1527 δεύτερον
1133 1474 1189 1523 οέ,
1204 1475 1263 1514 τὸν
1279 1476 1370 1514 κατὰ

327 1535 389 1583 τὴν
405 1536 514 1587 μέσην
536 1534 628 1583 ἕξιν,
650 1535 694 1573 τὰ
713 1536 861 1573 metam
887 1533 947 1572 καὶ
973 1534 1171 1587 κυριώτατα
1187 1550 1255 1573 των
1277 1533 1370 1573 κατὰ

326 1594 427 1646 φύσιν
450 1594 589 1647 ἔχοντα·
614 1593 754 1637 τούτους
780 1592 841 1645 μὲν
871 1596 929 1632 οὖν
955 1594 1128 1646 αἱρετούς,
1149 1593 1311 1647 φευκτέον
1334 1592 1370 1633 δὲ

325 1653 383 1692 τὸν
404 1653 495 1692 κατὰ
520 1651 661 1692 κακίαν.
732 1650 917 1705 Διαφέρειν
946 1650 983 1690 δὲ
1002 1651 1061 1691 τὸν
1077 1651 1263 1703 ευδαίμονα
1297 1650 1369 1703 βίον

326 1728 385 1751 του
415 1714 524 1751 καλοῦ
538 1742 547 1759 ,
573 1711 648 1750 καθ’
665 1710 743 1750 ὅσον
771 1714 789 1750 ὁ
806 1710 868 1761 μὲν
902 1711 937 1749 ἐν
957 1710 1028 1755 τοῖς
1049 1709 1140 1749 κατὰ
1160 1708 1260 1764 φύσιν
1282 1704 1370 1749 εἶναι

331 1770 493 1822 βούλεται
519 1770 574 1809 διὰ
598 1769 750 1822 παντός,
774 1772 792 1808 ὁ
824 1768 861 1808 δὲ
882 1784 942 1808 και
967 1770 1001 1807 ἐν
1020 1769 1092 1813 τοῖς
1119 1768 1216 1821 παρὰ
1250 1768 1363 1822 φύσιν·

326 1829 386 1868 καὶ
400 1829 485 1882 πρὸς
504 1829 540 1868 ὃν
559 1827 621 1876 μὲν
640 1831 703 1868 οὐκ
716 1828 892 1881 αὐτάρκης
910 1830 932 1875 ἡ
942 1828 1077 1900 „dpsswh
1092 1827 1179 1880 πρὸς
1195 1826 1231 1866 ὃν
1254 1809 1290 1865 δὲ
1308 1828 1369 1865 αὗ-

326 1888 470 1941 τοίρκης.
543 1888 661 1927 Μέσον
681 1887 718 1925 δέ
736 1903 813 1926 τινα
839 1887 912 1940 βίον
929 1879 1017 1926 εἶναι
1033 1887 1091 1926 τὸν
1113 1885 1204 1924 κατὰ
1223 1884 1286 1933 τὴν
1305 1885 1367 1936 μέ-

326 2022 454 2051 cturum
475 2027 552 2051 esse.
586 2021 631 2051 Ac
652 2018 861 2060 praelaturum
884 2017 1014 2059 quidem
1036 2026 1112 2050 eum
1138 2017 1209 2049 aliis
1233 2016 1307 2049 vitae
1323 2016 1372 2048 in-

325 2078 444 2111 stitutis
479 2077 679 2118 conjunctam
713 2078 920 2111 honestarum
955 2086 1062 2110 rerum
1094 2078 1127 2110 et
1156 2076 1312 2109 actionem
1343 2079 1381 2108 et.

325 2136 624 2178 contemplationem
635 2148 646 2178 ς
667 2135 722 2169 sed
738 2136 766 2169 si
791 2140 974 2177 temporum
993 2135 1161 2177 iniquitate
1179 2134 1220 2167 ab
1238 2137 1375 2175 utraque

325 2195 540 2237 occupationis
553 2195 676 2228 ratione
687 2194 910 2237 prohibeatur,
922 2195 1022 2227 altera
1036 2203 1109 2227 eum
1127 2202 1275 2234 usurum,
1291 2202 1373 2234 prae·

327 2256 480 2287 serentem
495 2254 624 2296 quidem
640 2254 738 2287 vitam
749 2253 1042 2295 contemplativam,
1056 2253 1112 2286 sed
1126 2254 1233 2286 tamen
1247 2256 1374 2293 propter

329 2314 511 2347 eommunis
527 2313 689 2346 societatis
702 2322 844 2346 amorem
861 2313 985 2354 publica
1003 2313 1130 2353 negotia
1143 2321 1206 2344 non
1216 2311 1375 2344 declinan-

328 2374 406 2406 tem.
430 2374 589 2413 Quocirca
616 2382 690 2406 eum
718 2374 750 2405 et
767 2381 903 2405 uxorem
927 2372 1100 2404 ducturum
1119 2374 1151 2404 et
1168 2371 1286 2404 liberos
1304 2380 1374 2412 pro-

329 2433 511 2464 creaturum
520 2431 601 2464 etad
611 2431 841 2473 rempublicam
848 2439 1055 2464 accessurum
1068 2433 1101 2463 et
1111 2430 1247 2463 honesto
1260 2438 1371 2462 amore

332 2489 557 2530 flagraturam,
576 2491 609 2524 et
630 2490 705 2523 vino
723 2490 756 2523 in
777 2490 1062 2532 circumpotatione
1093 2498 1128 2523 se
1156 2489 1372 2530 obruiturum,

330 2548 388 2580 etsi
404 2558 467 2580 non
484 2549 650 2590 consulto;
671 2550 768 2591 atque
782 2550 913 2582 omnino
929 2549 1083 2582 virtutem
1099 2548 1235 2582 colendo
1255 2551 1324 2580 tum
1341 2549 1375 2581 in

330 2607 395 2639 vita
410 2616 609 2647 mansurum,
622 2609 691 2640 tum
709 2617 820 2641 rursus
835 2608 862 2641 si
878 2608 1008 2649 quando
1024 2609 1171 2651 oporteat
1186 2608 1375 2641 necessitate

331 2666 475 2697 coactum
497 2675 514 2698 e
529 2666 595 2699 vita
610 2674 815 2699 excessurum
836 2675 918 2708 esse,
938 2676 1039 2708 quum
1058 2667 1235 2708 sepulturae
1255 2676 1294 2700 ex
1309 2668 1376 2708 lege

334 2723 367 2755 et
380 2723 444 2755 ritu
467 2723 568 2764 patrio
589 2725 816 2766 iustorumque
835 2734 910 2767 quae
921 2726 1055 2759 mortuis
1075 2725 1282 2767 persolvenda
1300 2728 1376 2758 sunt

333 2790 443 2814 curam
456 2782 563 2822 egerit.
607 2784 755 2816 vitarum
773 2785 880 2817 autem
898 2785 962 2818 tres
980 2794 1049 2818 esse
1065 2785 1198 2826 species,
1220 2785 1376 2828 activam,

334 2839 616 2879 contemplativam
633 2843 729 2882 atque
745 2851 783 2874 ex
800 2843 938 2883 utraque
957 2843 1179 2884 compositam.
1225 2845 1374 2885 Namque

335 2900 372 2931 ut
397 2898 464 2932 vita
490 2899 711 2940 voluptatibus
726 2899 833 2932 dedita
850 2900 954 2933 minor
974 2911 1070 2942 quam
1090 2911 1147 2943 pro
1166 2903 1307 2935 hominis
1328 2903 1375 2935 di-

334 2957 452 2997 gnitate
473 2956 645 2999 judicetur,
666 2958 710 2990 ita
732 2959 1014 3000 contemplativam
1037 2961 1168 3001 reliquis
1195 2962 1375 3003 praeoptati.

336 3017 515 3058 caeteroqui
543 3018 775 3058 rempublicam
804 3020 973 3060 gesturum
1004 3029 1072 3053 esse
1100 3021 1209 3053 virum
1239 3022 1376 3063 probum

335 3076 503 3117 consulto,
531 3086 595 3109 non
622 3086 680 3118 pro
699 3078 821 3111 ratione
845 3081 1047 3119 temporum;
1075 3080 1228 3120 quoniam
1254 3081 1319 3113 vita
1340 3090 1371 3113 a·

335 3135 421 3168 ctiva
447 3134 481 3167 in
502 3134 637 3175 regenda
668 3135 798 3169 civitate
828 3138 986 3169 cernatur.
1031 3139 1190 3170 Praeterea
1221 3141 1377 3180 optimam

336 3195 435 3227 vitam
450 3204 521 3228 esse
534 3195 699 3228 honestam
716 3196 749 3228 in
765 3196 805 3228 iis
822 3206 896 3237 quae
909 3201 1032 3229 naturae
1045 3198 1256 3238 conveniunt3
1276 3185 1378 3240 proxi·

336 3261 422 3284 mam
441 3252 473 3284 in
486 3252 627 3285 medium
647 3252 791 3285 habitum
808 3254 1031 3294 compositam,
1049 3262 1122 3295 quoe
1138 3254 1171 3286 in
1186 3254 1331 3295 plurimis
1347 3259 1379 3290 et

336 3310 531 3351 gravissimis
552 3311 649 3343 rebus
667 3310 707 3343 ad
723 3314 847 3344 naturae
858 3321 1004 3344 normam
1020 3312 1185 3354 dirigitur;
1206 3316 1300 3354 atque
1322 3316 1378 3347 has

338 3369 420 3401 vitas
447 3369 656 3410 expetendas,
679 3369 859 3410 fugiendam
877 3379 953 3403 vero
974 3371 1172 3411 flagitiosam.
1240 3372 1379 3406 Differre

339 3428 446 3459 autem
466 3428 564 3460 vitam
584 3428 706 3461 felicem
721 3428 762 3460 ab
784 3429 935 3469 honesta,
953 3431 1112 3470 quatenus
1128 3430 1180 3462 illa
1197 3439 1323 3471 semper
1341 3441 1379 3464 eo

340 3485 456 3526 valeat,
473 3488 510 3519 ut
531 3495 603 3519 cum
627 3487 722 3521 rebus
747 3489 870 3521 naturae
890 3490 1109 3522 consentaneis
1127 3491 1301 3530 conjuncta
1324 3491 1377 3532 sit,

1428 377 1492 410 σην
1507 360 1596 413 ἕξιν,
1620 363 1653 400 ἐν
1670 354 1699 414 ᾧ
1719 359 1778 399 καὶ
1798 367 1841 399 τὰ
1869 357 2064 406 καθήκοντα
2082 362 2319 402 ἀποδίδοσθαι·
2342 361 2385 400 τὰ
2403 363 2466 414 μὲν

1427 420 1494 474 γὰρ
1513 418 1767 472 κατορθώματα
1782 420 1817 458 ἐν
1838 422 1888 473 τῷ
1913 419 1990 458 κατ’
2010 419 2137 471 ἀρετὴν
2153 414 2243 460 εἶναι
2263 421 2328 475 βίῳ
2342 451 2352 470 ,
2367 421 2412 461 τὰ
2433 423 2464 461 δ’

1429 478 1671 532 ἁμαρτήματα
1697 479 1731 516 ἐν
1753 480 1802 531 τῷ
1819 477 1911 515 κατὰ
1936 477 2078 526 κακίαν,
2097 477 2142 516 τὰ
2162 478 2198 518 δὲ
2219 480 2417 528 καθήκοντα
2435 481 2470 520 ἰν

1429 539 1478 589 τῷ
1499 537 1596 591 μέσῳ
1611 535 1818 587 καλουμένῳ
1842 535 1921 587 βίῳ.

1480 595 1760 649 Τεθεωρημένων
1781 595 1816 633 δὲ
1836 593 1966 633 τούτων
1979 623 1989 641 ,
2014 593 2074 632 καὶ
2098 597 2210 633 ταῦτα
2231 595 2468 646 sentiet-›pev-

1429 648 1517 694 εἶναι
1538 656 1602 707 μὲν
1621 654 1688 726 γὰρ
1712 653 1775 701 τὴν
1794 652 1918 701 ἠθικὴν
1936 652 2063 705 ἀρετὴν
2079 655 2200 698 κοινῶς
2220 652 2288 699 ἕξιν
2309 670 2472 708 προαιρε-

1428 712 1526 760 τικὴν
1544 716 1611 752 τῶν
1637 713 1752 763 μέσων
1767 713 1898 759 ἡδονῶν
1919 726 1956 749 τε
1985 710 2044 749 καὶ
2063 713 2181 750 λυπῶν
2195 741 2206 763 ,
2236 714 2472 766 στοχαστικὴν

1428 775 1489 811 τοῦ
1503 766 1643 824 καλοῦῇ
1656 771 1774 818 καλόν,
1792 770 1855 817 τὴν
1869 769 1905 808 δὲ
1918 769 2044 808 κακίαν
2058 769 2264 809 ὑπεναντίαν
2275 764 2363 810 εἶναι
2372 772 2472 825 αὖτῇ·

1427 829 1544 877 κοινὴν
1570 829 1646 868 δὲ
1627 829 1829 875 οοξαστικῆς
1846 828 1906 867 καὶ
1925 830 2047 875 ἠθικης
2069 826 2137 873 ἕξιν
2152 828 2390 881 θεωρητικήν,
2411 827 2473 869 καὶ

1428 887 1692 941 προαιρετικήν,
1702 887 1762 926 καὶ
1772 887 1970 939 πρακτικὴν
1977 888 2047 925 τῶν
2057 888 2091 925 ἐν
2100 893 2175 932 ταῖς
2188 886 2332 941 πράξεσι
2342 889 2473 929 καλῶν·

1428 946 1490 994 τὴν
1510 947 1546 985 δὲ
1566 947 1692 999 τέχνην
1720 945 1773 969 ²⁷²
1793 946 1887 984 καὶ’
1872 945 2069 998 επιστήμην
2099 946 2160 985 καὶ
2183 946 2241 985 τὸν
2259 950 2338 986 νοῦν
2352 947 2472 997 κοινὴν

1430 1005 1604 1059 ἀκρότητα
1635 1006 1776 1058 λογικῆς
1797 1007 2016 1052 κατασκευῆς
2045 997 2133 1044 εἶναι
2167 1005 2382 1060 θεωρητικὴν
2411 1023 2473 1047 και

1428 1065 1640 1118 πρακτικήν·
1663 1064 1785 1115 σοφίαν
1806 1063 1844 1102 δέ
1856 1062 2080 1114 ,ἐπιστημην
2096 1065 2165 1103 τῶν
2178 1065 2324 1118 πρώτων
2343 1067 2474 1105 αἰτιῶν·

1430 1123 1592 1176 φρόνησιν
1609 1124 1664 1170 δέ,
1688 1122 1755 1167 ἕξιν
1784 1121 2008 1174 βουλευτικὴν
2029 1122 2088 1161 καὶ
2112 1123 2309 1175 πρακτικὴν
2332 1124 2472 1175 ἀγαθῶν

1428 1182 1486 1221 καὶ
1506 1184 1622 1221 καλῶν
1645 1176 1668 1234 ᾗ
1689 1181 1794 1220 καλά·
1821 1180 1982 1234 ἀνδρείαν
2003 1180 2066 1230 δέ,
2089 1180 2156 1227 ἕξιν
2173 1183 2208 1220 ἐν
2228 1183 2395 1237 θαῤῥήσει
2412 1182 2472 1221 καὶ

1430 1240 1548 1294 φόὸοις
1568 1245 1639 1284 τοῖς
1656 1239 1773 1291 μέσοις
1793 1239 1992 1291 ἄμεμπτον·
2009 1239 2235 1293 σωφροσύνην
2263 1240 2324 1288 δέ,
2348 1239 2417 1288 ἕξιν
2438 1243 2473 1280 ἐν

1430 1299 1561 1351 αἱρέσει
1583 1299 1642 1338 καὶ
1663 1301 1754 1352 φυγῇ
1776 1298 1969 1350 ἀμέμπτως
1985 1303 2169 1348 ποιοῦσαν,
2190 1299 2234 1338 δι’
2253 1300 2338 1339 αὐτὸ
2354 1301 2394 1340 τὸ
2406 1316 2475 1340 κα-

1428 1357 1501 1396 λόν·
1524 1358 1704 1410 πραότητα
1726 1357 1776 1407 δέ,
1796 1356 1865 1403 ἕξιν
1886 1357 1995 1410 μέσην
2011 1358 2232 1409 ὀργιλότητος
2243 1358 2304 1396 καὶ
2324 1359 2476 1409 ἀναλγη-

1430 1416 1517 1460 σίας·
1537 1417 1795 1470 ἐλευθεριότητα
1818 1416 1857 1456 δέ
1862 1448 1873 1466 ,
1891 1416 2065 1468 μεσότητα
2086 1416 2238 1461 ἀσωτίας
2257 1417 2318 1456 καὶ
2333 1419 2475 1456 ἀνελευ·

1431 1474 1556 1527 θερίας·
1589 1473 1854 1528 μεγαλοψυχίαν
1885 1474 1939 1523 δέ,
1967 1475 2145 1526 μεσότητα
2171 1476 2385 1529 χαυνότητος
2413 1475 2473 1514 καὶ

1432 1533 1676 1587 μικροψυχίας·
1708 1533 2012 1586 μεγαλοπρέπειαν
2034 1533 2085 1558 ²⁷³
2106 1535 2143 1574 δέ
2174 1534 2352 1586 μεσότητα
2381 1535 2475 1573 ἀλα-

1431 1592 1561 1638 ζονείας
1579 1592 1639 1631 καὶ
1669 1592 1955 1645 μικροπρεπείας·
1978 1593 2115 1645 νέμεσιν
2141 1593 2177 1632 δὲ
2198 1592 2375 1645 μεσότητα
2391 1595 2474 1646 φθο-

1430 1650 1542 1703 νερίας
1573 1650 1632 1689 καὶ
1663 1651 1962 1703 ἐπιχαιρεκακίας·
1993 1650 2191 1702 σεμνότητα
2224 1650 2262 1689 δὲ
2295 1650 2475 1700 μεσότητα

1432 1708 1615 1754 αὐθαδείας
1628 1710 1687 1748 καὶ
1704 1709 1896 1759 ἀρεσκείας·
1917 1710 2004 1748 αἰδῶ
2029 1708 2064 1748 δὲ
2096 1709 2272 1759 μεσότητα
2292 1711 2476 1762 ἀναισχυν-

1434 1768 1509 1812 τίας
1525 1767 1585 1806 καὶ
1603 1768 1864 1815 καταπλήξεως·
1887 1768 2117 1821 εὐτραπελίαν
2138 1768 2173 1807 δὲ
2193 1767 2369 1819 μεσότητα
2390 1770 2472 1820 βω-

1435 1826 1601 1880 μολοχίας
1630 1826 1691 1865 καὶ
1724 1827 1914 1879 ἀγροικίας·
1950 1827 2066 1880 φιλίαν
2101 1827 2137 1865 δὲ
2162 1828 2341 1878 μεσότητα
2368 1828 2476 1866 κολα-

1429 1885 1524 1929 κείας
1544 1885 1595 1912 2⁷4
1619 1885 1677 1924 καὶ
1699 1884 1836 1939 ἔχθρας·
1859 1885 2021 1932 ἀλήθειαν
2048 1885 2084 1924 δὲ
2110 1885 2287 1936 μεσότητα
2301 1885 2476 1938 εἰρωνείας

1435 2016 1503 2048 haec
1522 2024 1606 2057 soepe
1620 2017 1717 2049 etiam
1731 2016 1771 2049 ad
1787 2025 1836 2049 res
1848 2017 1974 2049 naturae
1988 2017 2199 2058 repugnantes
2213 2016 2362 2058 inclinet;
2380 2017 2477 2058 atque

1434 2075 1474 2107 ad
1493 2075 1580 2107 illam
1600 2075 1702 2108 virtus
1720 2084 1783 2108 non
1805 2075 1961 2117 sufficiat,
1980 2075 2020 2107 ad
2039 2075 2120 2107 hanc
2137 2075 2287 2108 sufficiat.
2333 2074 2474 2109 Mediam

1434 2135 1541 2167 autem
1560 2134 1722 2176 quandam
1750 2135 1852 2168 vitam
1870 2143 1938 2168 esse
1965 2134 1999 2166 in
2025 2133 2248 2167 mediocritate
2269 2133 2430 2176 positam,
2442 2133 2477 2167 in

1433 2204 1497 2237 qua
1526 2196 1622 2228 etiam
1655 2195 1763 2228 officia
1780 2198 1971 2234 serventur;
1995 2194 2115 2236 quippe
2142 2196 2229 2228 recte
2259 2194 2342 2228 facta
2362 2193 2477 2228 cadero

1434 2255 1467 2287 in
1485 2254 1583 2287 vitam
1603 2253 1785 2295 honestam,
1803 2257 1932 2296 peccata
1946 2254 1978 2286 in
1998 2253 2198 2295 flagitiosam,
2218 2253 2323 2286 officia
2336 2253 2476 2295 deniqne

1434 2313 1466 2346 in
1480 2321 1548 2346 eam
1559 2322 1634 2355 quae
1646 2313 1753 2346 media
1765 2312 1872 2345 vocari
1894 2313 1992 2346 solet.
2264 2355 2267 2357 q

1475 2372 1600 2411 Quibus
1610 2373 1654 2405 ita
1660 2372 1867 2405 consideratis
1877 2372 1946 2404 haec
1956 2371 2053 2405 etiam
2063 2371 2180 2413 exponi
2195 2361 2356 2412 convenit,
2377 2369 2463 2403 virtu

1434 2434 1499 2466 tem
1510 2432 1661 2465 moralem
1671 2431 1705 2464 in
1717 2440 1888 2464 commune
1900 2440 1971 2464 esse
1986 2431 2133 2464 habitum
2143 2431 2322 2471 mediocres
2331 2430 2476 2473 volupta-

1434 2495 1483 2524 tes
1498 2492 1530 2525 et
1542 2491 1669 2524 dolores
1681 2491 1882 2532 expetentem
1895 2514 1905 2530 ,
1918 2490 2090 2523 honestum
2106 2499 2170 2532 qua
2182 2490 2351 2523 honestum
2363 2491 2414 2523 est
2424 2497 2475 2522 se-

1434 2552 1606 2592 quentem;
1625 2550 1737 2583 vitium
1756 2559 1833 2583 vero
1859 2549 1904 2582 itti
1927 2549 2122 2582 contrarium
2139 2549 2254 2590 statui3
2271 2557 2475 2582 communem

1435 2620 1529 2653 porro
1542 2611 1670 2644 virtutis
1684 2610 1836 2652 opinandi
1849 2610 1880 2643 vi
1897 2611 2039 2652 praeditae
2052 2614 2086 2643 et
2105 2609 2232 2643 moralis
2246 2618 2315 2643 esse
2330 2609 2476 2643 habitum

1434 2669 1708 2711 contemplationis
1721 2670 1752 2702 et
1766 2669 1930 2702 electionis
1946 2671 1978 2702 et
1985 2668 2118 2701 actionis
2127 2678 2236 2702 rerum
2249 2669 2474 2709 honestarum3

1434 2731 1467 2764 at
1476 2734 1578 2763 artem
1588 2734 1620 2764 et
1629 2730 1791 2763 scientiam
1810 2731 1844 2762 et
1860 2731 2002 2762 mentem
2018 2729 2184 2763 communi
2202 2728 2328 2763 subtilis
2342 2737 2476 2770 compo-

1435 2789 1560 2822 sitionis
1580 2789 1773 2831 perfectione
1790 2790 1854 2821 tam
1871 2789 2116 2830 contemplativa
2133 2797 2232 2830 quam
2245 2787 2352 2821 activa
2368 2787 2476 2828 σει-πῆς

1435 2848 1623 2890 sapientiam
1630 2849 1738 2881 autem
1745 2856 1816 2880 esse
1830 2848 2003 2888 primarum
2019 2856 2192 2880 causarum
2202 2847 2387 2888 scientiam3
2400 2854 2477 2880 eon-

1435 2908 1483 2940 tra
1493 2906 1692 2948 prudentiam
1700 2906 1764 2939 dici
1773 2906 1918 2938 habitum
1926 2906 2023 2938 simul
2031 2906 2275 2939 deliberativum
2281 2905 2377 2939 simul
2384 2913 2477 2946 agen·

1434 2967 1502 2999 tem
1517 2966 1600 2999 bona
1612 2966 1709 3007 atque
1727 2966 1877 3007 honesta,
1893 2968 2056 3006 quatenus
2072 2965 2204 2999 honesta
2214 2966 2310 3007 sunt;
2324 2967 2478 3007 pra-‘terea

1437 3025 1656 3058 fortitudinem
1681 3024 1830 3057 habitum
1847 3025 1881 3056 in
1895 3024 2090 3056 confidentia
2104 3026 2137 3057 et
2150 3025 2236 3057 metu
2251 3022 2453 3065 inculpatum
2465 3033 2476 3063 ;

1437 3084 1698 3126 temperantiam,
1721 3083 1867 3116 habitum
1885 3083 1918 3115 in
1934 3083 2115 3124 expetendo
2140 3085 2173 3115 et
2191 3083 2340 3124 fugiendo
2358 3082 2402 3115 ob
2425 3081 2475 3123 ip-

1436 3151 1505 3174 sam
1525 3141 1721 3174 honestatem
1737 3140 1778 3173 ab
1791 3140 1879 3173 omni
1895 3140 1988 3181 culpa
2003 3148 2143 3172 vacuum
2155 3151 2166 3181 ς
2180 3139 2476 3180 mansuetudinem,

1438 3200 1583 3233 habitum
1613 3200 1755 3233 medium
1771 3199 1852 3233 inter
1873 3199 2071 3232 iracundiam
2092 3200 2125 3231 et
2142 3201 2329 3239 stuporem3
2349 3198 2478 3239 insuper

1437 3258 1675 3300 liberalitatem,
1701 3258 1846 3291 medium
1875 3256 2028 3299 quiddam
2052 3257 2140 3290 inter-
2165 3256 2415 3298 prodigalitatem
2445 3257 2478 3289 et

1437 3317 1566 3359 sordes;
1590 3318 1630 3351 ad
1654 3318 1725 3351 haec
1744 3317 2038 3358 magnanimitatem
2051 3340 2061 3355 ,
2082 3325 2149 3348 rem
2168 3315 2304 3348 mediam
2326 3315 2408 3348 iuter
2427 3315 2473 3347 t'a·

1438 3380 1524 3409 stum
1543 3378 1577 3409 et
1595 3377 1692 3410 animi
1711 3376 1979 3416 contractionem;
2011 3374 2280 3416 magnificentiam
2300 3381 2377 3406 vero
2408 3382 2476 3407 me·

1439 3434 1527 3466 dium
1560 3436 1711 3475 quiddam
1734 3436 1816 3469 inter
1835 3434 2078 3468 ostentationem
2099 3436 2133 3466 et
2161 3433 2292 3465 nimiam
2313 3433 2477 3474 parcimo-

1439 3493 1525 3526 niam
1555 3493 1776 3535 interject11n12
1801 3496 1921 3535 justam
1948 3492 2198 3534 indignationem
2221 3491 2476 3524 mediocritatem
