2606 3828
294 242 367 274 404

293 322 496 368 assentior,
516 320 587 358 etsi
611 318 762 357 Baelius
784 317 901 369 (Lex.
921 329 960 355 v.
984 313 1168 365 Aristote)
1190 315 1334 353 caeteri-

293 394 368 433 que
398 380 512 418 sidem
546 380 706 417 istorum
730 377 949 414 libellorum
977 374 1061 425 sine
1085 373 1164 411 ulla
1186 373 1333 413 fraudis

293 440 516 492 suspicione
557 438 700 475 suerint
745 436 876 474 secuti.
925 434 1187 483 Praeterquam
1228 434 1331 472 enim

292 499 397 551 quod
413 497 613 536 calumniae
632 497 671 533 in
693 493 947 546 philosophos
965 492 1127 530 aliarum
1143 501 1332 531 sectarum

291 557 489 610 principes
518 556 653 593 alienae
674 553 879 590 videantur
898 551 1015 588 fuisse
1035 550 1084 588 ab
1107 551 1216 590 illius
1240 565 1333 604 per-

292 629 386 655 sona
400 645 410 662 ‚
433 615 517 665 qui,
542 613 589 651 ab
607 611 789 663 ἀγελάστῳ
811 610 1044 648 Aristoxeno
1060 609 1335 662 similibusque

290 676 405 727 plane
423 674 615 718 diversus,
639 670 931 708 delectationem
949 668 1103 707 amabat
1121 678 1158 707 et
1175 671 1331 719 gaudia,

286 735 475 786 jocosque
503 730 721 782 excipiebat
757 729 858 780 jocis
872 758 883 777 ,
932 743 1011 767 non
1050 728 1266 768 maledictis
1298 739 1336 768 et

292 793 472 843 injuriis;
507 791 592 841 ipsa
612 789 773 840 insuper
791 797 1007 840 temporum
1038 788 1162 835 ratio,
1192 789 1260 827 tali
1292 789 1333 827 in

292 864 405 889 causa
426 857 692 898 argumentum
721 848 1005 894 certissimum,
1027 861 1105 885 non
1132 848 1279 899 patitur
1294 857 1337 886 ut

291 910 419 960 turpia
438 908 485 945 de
511 907 687 945 moribus
709 906 929 944 Aristotelis
950 907 1136 958 prodere,
1164 915 1230 944 aut
1247 907 1330 944 Po-

291 971 480 1007 lemonem
503 966 606 1004 foedo
639 979 770 1004 amore
797 979 819 1003 a
838 966 1087 1004 severissimo
1115 965 1335 1005 Xenocrate

291 1030 488 1074 dilectum,
510 1026 682 1064 Socratis
702 1026 856 1064 auditor
873 1024 1044 1063 scribere
1060 1025 1247 1076 potuerit,
1267 1025 1335 1063 diu

290 1097 376 1126 ante
395 1088 635 1134 demortuus,
665 1099 780 1136 quam
809 1084 992 1122 florerent
1020 1083 1061 1120 in
1085 1082 1219 1120 schola
1242 1083 1335 1126 Ari<

289 1148 443 1186 stoteles
462 1155 500 1184 et
519 1145 771 1184 Xenocrates.
800 1161 815 1178 »

342 1206 399 1244 Ex
425 1206 522 1252 illis,
546 1219 632 1256 quae
648 1206 717 1242 sub
745 1202 940 1254 Aristippi
961 1201 1120 1239 nomine
1145 1201 1334 1250 feruntur,

291 1265 519 1316 fragmentis
541 1265 719 1315 plerique
737 1263 925 1315 ‘epistolas
949 1275 1035 1299 cum
1053 1260 1229 1311 Bentlejo
1250 1270 1337 1298 tan-

291 1339 404 1376 quam
443 1323 674 1362 subditicias
727 1323 874 1360 familia
925 1323 1224 1359 submoverunt.
1277 1322 1332 1359 Ac

291 1383 492 1434 Bentlejus
509 1382 666 1433 quidem
685 1382 829 1433 OpuSC.
847 1381 987 1432 philol.
1007 1394 1048 1431 p.
1068 1386 1118 1430 49
1133 1379 1180 1416 de
1200 1379 1336 1417 Socra-

291 1444 457 1481 ticorum
488 1441 660 1492 epistolis
684 1440 888 1491 disputans
909 1453 917 1477 :
949 1456 965 1473 «
990 1438 1175 1490 Epistola,
1190 1438 1333 1489 inquit,

290 1502 407 1549 VIII,
434 1501 502 1545 IX,
531 1500 604 1538 XII
635 1510 672 1538 et
705 1499 795 1538 XIII
810 1499 993 1550 jocantur
1018 1499 1122 1536 inter
1157 1511 1197 1536 se
1225 1497 1336 1537 Anti'-

291 1561 457 1605 sthenes,
489 1561 713 1612 Aristippus
732 1569 769 1598 et
802 1560 937 1597 Simon
970 1567 1089 1597 sutor.
1124 1558 1333 1608 Indignum

291 1621 453 1658 istorum
475 1620 676 1657 hominum
702 1618 890 1656 memoria
907 1626 979 1665 est,
1001 1618 1222 1655 existimare
1236 1645 1246 1664 ,
1269 1618 1336 1656 tali

293 1692 358 1716 eos
379 1680 528 1716 ratione
549 1678 667 1716 fuisse
695 1677 846 1728 jocatos
866 1686 1125 1727 nugatosque3
1154 1677 1335 1727 inprimis

292 1750 312 1774 e
330 1737 467 1775 Sicilia
497 1737 666 1775 Athenas
692 1750 814 1787 usque
844 1737 996 1774 misisse
1028 1745 1104 1773 tam
1135 1736 1333 1783 scurrilia,

292 1809 378 1846 quae
396 1809 444 1834 ne
460 1796 648 1834 convivas
663 1796 819 1846 quidem
838 1798 938 1833 inter
956 1795 1096 1846 pocula
1111 1794 1304 1832 decerent.
1322 1813 1336 1828 υ

291 1854 395 1892 Idem
417 1870 455 1907 p.
477 1856 524 1893 55
551 1855 745 1906 Aristippi
766 1855 968 1906 epistolam
986 1854 1032 1891 ad
1050 1857 1198 1892 Areten
1215 1854 1335 1892 filiam

292 1915 498 1965 propterea
518 1915 685 1952 maxime
696 1915 866 1960 damnat,
886 1913 992 1964 quod
1008 1927 1085 1951 non
1101 1913 1248 1959 dorice,
1271 1914 1337 1951 sed

293 1973 406 2010 attice
427 1975 570 2024 scripta
590 1974 655 2012 sit.
686 1973 829 2010 Contra
859 1972 1138 2010 Valckenarius
1165 1972 1333 2010 Diatrib.

292 2031 333 2069 in
359 2031 493 2084 Eun-ip.
521 2032 671 2081 Fragm.
697 2046 735 2083 p.
769 2045 842 2082 190
872 2032 919 2069 de
949 2031 1088 2070 iisdem
1123 2030 1337 2083 Aristippei

969 229 1033 266 CY
1042 226 1298 266 RENAICOR
1309 226 1384 266 ΠΜ
1415 226 1762 292 FRAGMENTA..

1395 315 1543 365 ingenii
1563 316 1824 355 monumentis
1842 317 1894 355 ita
1908 316 2066 356 disserit
2085 328 2096 355 ε
2120 334 2137 351 α
2158 317 2252 364 Quae
2273 317 2434 370 quidem

1395 374 1436 413 in
1468 375 1552 414 istis
1585 376 1764 428 epistolis
1805 376 1997 427 Aristippi
2032 389 2173 415 nomen
2202 377 2434 429 praeferunt,

1394 434 1527 472 dorice
1543 436 1715 486 scriptae,
1739 434 1807 486 1X‚
1830 434 1907 482 XI,
1927 435 2036 481 XIII,
2060 434 2147 474 XVI
2179 435 2278 474 nihil
2311 446 2435 486 quan-

1396 502 1475 546 tum
1497 494 1655 532 memini
1672 495 1871 533 continent
1898 494 2102 544 indignum
2128 494 2321 546 Aristippi
2343 506 2437 545 per·

1371 553 1374 558 “
1395 566 1510 600 sona;
1547 553 1613 592 sed
1634 553 1758 592 eidem
1794 554 2020 605 inscriptam
2053 553 2255 606 epistolam
2276 552 2437 603 XXVII,

1396 613 1501 651 velut
1535 612 1583 651 ad
1611 614 1751 651 Areten
1785 613 1903 651 filiam
1931 614 2079 660 datam,
2122 612 2277 662 qualem
2309 619 2439 650 tamen

1398 681 1584 710 memorat
1603 672 1796 722 Diogenes
1821 672 1997 711 Laertius
2019 672 2089 710 lib.
2123 671 2176 719 II,
2205 673 2268 719 84,
2292 672 2332 711 in
2361 685 2439 723 qua

1396 731 1502 769 nulla
1522 740 1612 770 sunt
1630 731 1795 770 dorismi
1808 732 1971 782 vestigia
1983 762 1993 779 ,
2015 732 2119 770 illam
2142 739 2323 782 tanquam
2341 744 2440 783 spu-

1398 791 1495 830 riam
1514 790 1668 842 rejicio,
1689 804 1758 829 nec
1784 799 1910 829 tamen
1934 805 2068 830 omnes
2088 805 2174 829 cum
2196 791 2438 842 praestantis-

1397 851 1497 890 simo
1511 864 1602 889 sane
1610 851 1699 889 viro
1710 849 1772 888 Jo.
1787 850 2106 889 PearsonoVind.
2123 850 2246 900 lgnat.
2260 863 2301 902 p.
2313 851 2383 889 361
2393 879 2402 890 .
2419 867 2438 885 n

1397 910 1494 948 Mihi
1515 910 1592 948 illae
1615 909 1790 961 epistolae
1808 922 1960 956 omnes,
1988 911 2019 948 si
2046 912 2142 947 Iictae
2163 918 2273 958 sunt,
2295 908 2440 961 proba·

1396 968 1530 1007 biliter
1545 969 1642 1007 lictae
1657 968 1855 1015 videntur,
1874 968 1969 1006 adeo
1982 977 2024 1006 ut
2038 968 2136 1006 nihil
2154 967 2320 1006 habeant
2334 969 2440 1020 quod

1400 1028 1448 1066 ab
1469 1029 1662 1080 Aristippi
1682 1027 1858 1066 moribus
1877 1027 2097 1075 abhorreat,
2120 1027 2217 1065 nihil
2238 1027 2344 1078 quod
2360 1042 2441 1068 non

1399 1087 1606 1125 conveniat
1622 1086 1707 1124 istis
1725 1086 1771 1124 ad
1787 1100 1883 1137 quas
1900 1086 1996 1124 datae
2013 1095 2103 1125 sunt
2122 1085 2316 1137 personis,
2339 1087 2439 1126 nihil

1398 1145 1566 1196 denique
1587 1145 1692 1196 quod
1708 1145 1932 1184 Graecorum
1954 1144 2160 1183 annalibus
2181 1145 2357 1194 ignotum
2373 1146 2437 1187 sit.

1398 1205 1660 1250 Quamobrem
1702 1205 1886 1256 epistolas
1927 1215 2006 1242 una
2040 1218 2126 1243 cum
2166 1203 2359 1242 librorum
2397 1217 2442 1244 ac

1399 1264 1675 1302 sententiarum
1696 1265 1875 1315 reliquiis
1892 1263 2060 1302 edendas
2079 1264 2215 1315 putavi
2229 1272 2444 1315 cunctaque

1399 1324 1494 1361 tanti
1512 1323 1737 1374 philosophi
1753 1323 1966 1372 fragmenta
1982 1331 2070 1373 post
2089 1322 2280 1360 Orellium
2295 1322 2437 1374 Opuse.

1398 1381 1480 1421 Vet.
1500 1382 1730 1420 Graec.sent.
1752 1391 1788 1419 et
1809 1381 1946 1420 moral.
1964 1382 2043 1421 vol.
2067 1381 2100 1420 II
2122 1381 2287 1433 (Lipsiae
2318 1382 2443 1432 1821)

1401 1454 1438 1492 p.
1461 1440 1635 1489 153-175
1657 1449 1694 1478 et
1716 1440 1834 1492 Epist.
1866 1441 2154 1478 Socraticorum
2184 1449 2223 1478 et
2244 1440 2439 1492 Pythago·

1399 1512 1553 1537 reorum
1584 1499 1752 1551 (Lipsiae
1789 1500 1913 1552 1815)
1944 1514 1985 1551 p.
2021 1501 2067 1537 16
2097 1513 2208 1550 seqq.
2239 1500 2379 1550 collegi
2399 1513 2444 1538 ac

1399 1558 1606 1607 diligenter
1644 1560 1837 1597 recensui.
1861 1559 1947 1605 Quo
1972 1560 2012 1597 in
2034 1571 2176 1608 genere
2205 1557 2248 1596 id
2281 1571 2441 1610 operam

1399 1616 1504 1663 dedi,
1523 1626 1566 1655 ut
1579 1618 1762 1668 epistolia
1774 1619 1815 1656 in
1830 1619 1975 1668 quibus
1991 1618 2137 1656 doricae
2151 1624 2292 1656 vocum
2307 1617 2441 1656 formae

1399 1689 1537 1725 magna
1556 1689 1604 1714 ex
1623 1686 1730 1727 parte
1749 1690 1771 1715 a
1784 1677 1957 1715 librariis
1971 1677 2104 1715 deletae
2118 1685 2233 1728 atque
2250 1676 2292 1715 in
2309 1677 2444 1715 atticas

1397 1735 1458 1773 vel
1489 1748 1713 1774 communes
1738 1749 1936 1774 conversae
1957 1744 2062 1783 sunt,
2090 1736 2224 1787 quales
2253 1736 2295 1774 in
2323 1749 2443 1774 mem·

1399 1794 1533 1832 branis
1554 1790 1800 1846 comparent,
1821 1803 2160 1834 conservarentur.
2177 1793 2272 1832 Nam
2292 1793 2443 1845 majora

1399 1863 1546 1893 tantum
1582 1856 1721 1893 menda
1753 1854 1981 1904 corrigenda
2013 1866 2097 1892 esse
2124 1861 2254 1899 ratus,
2289 1853 2444 1900 minora

1398 1915 1461 1951 vel
1481 1913 1657 1952 librariis
1687 1914 1746 1951 vel
1777 1913 1854 1964 ipsi
1882 1913 2030 1951 auctori
2052 1912 2285 1962 assignanda
2307 1912 2443 1950 tollere

1400 1973 1520 2012 nolui.
1559 1972 1781 2010 Emendatis
1830 1972 1998 2023 denique
2043 1972 2149 2010 hisce
2188 1971 2445 2022 fragminibus

1400 2045 1541 2069 novam
1565 2032 1922 2083 interpretationem
1957 2031 2113 2069 latinam
2146 2029 2323 2082 adjunxi.
