2638 3840
355 294 376 324 6
553 309 558 314 ·
1293 283 1534 324 PHILOLAI

350 371 472 412 ἕνωσιν
493 378 551 413 τοῦ
582 373 662 418 Διὸς
683 373 763 413 ὅλου
781 372 980 426 συνέχοντος
1006 372 1064 410 τὸν
1084 374 1145 418 τῆς
1175 371 1390 417 δυωδεκάδος

351 431 510 483 ἀριθμόν.
547 433 657 472 Conf.
694 433 890 471 Plutarch.
938 432 985 468 dc
1027 431 1128 468 Iside
1165 439 1202 469 et
1240 431 1391 469 Osiride

351 505 434 543 cap.
469 493 516 530 30
538 501 574 530 et
596 493 691 541 76.)
1244 513 1255 527 ι

409 563 454 588 18.
493 550 669 594 Φιλόλαος
704 550 739 588 δὲ
769 549 858 599 μετὰ
897 549 936 587 τὸ
972 547 1218 599 μαθηματικὸν
1250 547 1391 599 μέγεθος

351 612 456 661 τριχῆ
476 608 619 647 διαστὰν
644 611 677 646 ἐν
693 609 854 660 τετράδι,
877 606 1047 654 ποιότητα
1075 606 1136 644 καὶ
1164 608 1296 659 χρῶσιν
1317 609 1391 645 ἐπι·

352 667 553 717 δειξαμένης
584 671 644 714 τῆς
669 668 802 719 φύσεως
837 668 872 703 ἐν
907 666 1072 716 πεντάδι,
1098 665 1255 718 ψύχωσιν
1287 665 1323 703 δὲ
1357 667 1392 704 ἐν

353 727 463 775 ἑξάδι,
482 731 559 765 νοῦν
580 726 614 764 δὲ
636 726 693 763 καὶ
716 725 831 776 ὑγείαν
863 724 922 763 καὶ
940 725 979 763 τὸ
995 724 1053 763 ὑπ’
1071 726 1178 763 αὐτοῦ
1206 723 1391 776 λεγόμενον

353 782 423 837 φῶς
440 789 474 823 ἐν
493 785 658 835 ἑδδομάδι
671 815 681 834 ,
699 783 786 834 μετὰ
804 783 913 822 ταῦτά
939 799 1043 836 φησιν
1067 782 1180 835 ἔρωτα
1197 783 1257 822 καὶ
1275 784 1391 834 φιλίαν

353 845 411 883 καὶ
433 848 536 894 μῆτιν
565 843 623 883 καὶ
641 842 793 881 ἐπίνοιαν
811 843 865 880 ἐπ’
883 843 1022 893 ὀγδοάδι
1047 843 1224 892 συμὸἧναι
1245 844 1316 887 τοῖς
1336 837 1392 880 οῧὲ

354 919 420 942 σιν.

405 961 576 1013 (Auctor
609 959 800 1009 Theolog.
831 960 988 998 arithm.
1010 973 1050 1010 p.
1091 959 1153 998 56.
1178 959 1288 998 Conf.
1321 959 1392 997 Ca-

353 1033 490 1058 mei-ar.
516 1019 563 1056 ad
580 1018 803 1058 Nicomach.
828 1019 987 1057 alithm.
1003 1031 1044 1069 p.
1067 1017 1128 1062 54.
1138 1018 1151 1067 )

357 1125 359 1127 ι
408 1093 451 1117 19.
479 1077 550 1117 Καὶ
570 1075 733 1129 τέσσαρες
755 1077 861 1131 ἀρχαι
883 1081 941 1116 τοῦ
957 1075 1045 1129 ζώου
1061 1079 1121 1114 τοῦ
1146 1077 1338 1126 λογικοῦ,
1324 1075 1392 1113 ώσ-

351 1137 487 1189 περκαὶ
505 1131 710 1179 ψιλόλαος’
695 1152 729 1173 εν
746 1139 796 1175 τῶ
817 1152 895 1189 περι
912 1135 1044 1188 φύσεως
1063 1132 1171 1208 λέγει,
1189 1134 1391 1186 ἐγκέφαλος,

352 1196 500 1248 καρδία,
519 1194 693 1247 ὀμφαλός,
721 1196 860 1234 αἷοοῗον·
890 1194 1027 1249 κεφαλὰ
1059 1194 1122 1244 μὲν
1149 1193 1236 1240 νόω,
1267 1194 1392 1246 καροία

353 1254 388 1292 δὲ
421 1257 535 1307 ψυχᾶς
567 1254 628 1292 καὶ
655 1253 853 1301 αἰσθήσιος,
885 1252 1043 1307 ὀμφαλὸς
1069 1251 1104 1289 δὲ
1144 1253 1299 1306 ῥιζώσιος
1334 1252 1394 1290 καὶ

353 1313 538 1366 ἀναφύσιος
558 1317 608 1352 τῶ
629 1313 770 1367 πρώτω,
782 1314 910 1351 αἰδοῖον
931 1313 966 1350 δὲ
988 1311 1183 1363 σπέρματος
1197 1310 1394 1354 καταδολᾶς

351 1389 387 1410 τε
414 1373 473 1410 καὶ
495 1371 680 1424 γεννάσιος·
711 1372 900 1425 ἐγκέφαλος
929 1369 964 1409 δὲ
991 1369 1052 1408 τὰν
1074 1368 1244 1422 ἀνθρώπω
1265 1371 1392 1422 ἀρχάν,

354 1430 480 1482 καρδία
501 1432 537 1467 δὲ
556 1430 617 1468 τὰν
640 1430 739 1484 ζῷα),
760 1430 914 1482 ὀμφαλὸς
935 1430 969 1467 δὲ
991 1429 1052 1467 τὰν
1073 1430 1168 1482 φυτῶ
1182 1459 1192 1479 ,
1215 1429 1340 1466 αἰδοῖον
1358 1428 1393 1466 δὲ

353 1489 416 1527 τὰν
446 1489 677 1541 ξυναπάντωνΙ
701 1489 919 1543 [ἐμφαίνει]

407 1548 572 1600 (Auctor
587 1549 620 1587 T
623 1550 772 1599 heolog.
790 1549 948 1587 arithm.
967 1559 1056 1598 pag.
1075 1559 1139 1585 22.
1151 1545 1260 1583 Patet
1277 1545 1395 1584 verba

354 1608 487 1661 κεφαλὰ
509 1607 572 1657 μὲν
596 1610 675 1647 κτλ.
701 1621 824 1658 usque
847 1607 895 1644 ad
914 1605 1138 1651 ξυναπάντων
1159 1616 1241 1642 esse
1268 1605 1394 1656 ipsius

352 1667 540 1714 Philolai,
555 1667 597 1704 in
617 1667 760 1717 quibus
780 1680 851 1717 pro
869 1665 967 1712 νόου,
989 1666 1124 1717 ψυχῆς,
1142 1666 1203 1701 τοῦ
1223 1663 1361 1714 πρώτου
1380 1694 1390 1711 ,

353 1725 548 1777 γεννήσιος,
581 1725 790 1778 ἀνθρώπων,
825 1727 931 1778 φυτοῦ
954 1736 1039 1761 cum
1073 1721 1258 1759 Boeckhio
1278 1723 1392 1773 posui

354 1785 444 1834 νόω,
472 1787 607 1837 ψυχᾶς,
626 1786 675 1822 τῶ
695 1783 844 1836 πρώτω,
863 1784 1061 1834 γεννάσιος,
1083 1780 1254 1832 ἀνθρώπω
1268 1811 1278 1829 ,
1298 1784 1393 1833 φυτῶ

354 1854 392 1882 et
420 1843 479 1881 καὶ
499 1853 586 1881 ante
616 1842 816 1885 καταδολᾶς
847 1842 986 1879 delevi.
1027 1840 1219 1877 Praeterea
1247 1840 1288 1877 in
1318 1840 1394 1878 fine

354 1903 488 1940 addidi
507 1902 669 1940 verbum
699 1900 871 1954 ἐμφαίνει.
902 1900 1108 1950 Sequentia
1133 1907 1256 1936 autem
1278 1898 1393 1936 πάντα

354 1961 419 2014 γὰρ
443 1961 605 2000 θάλλουσι
624 1959 683 1998 καὶ
702 1958 952 2010 βλαστάνουσι,
970 1971 1087 2008 quum
1108 1970 1187 1994 non
1201 1956 1394 2004 Philolao,

355 2021 421 2058 sed
440 2020 654 2057 Iamblicho
671 2020 752 2057 sive
771 2018 803 2055 T
806 2019 969 2067 heolog..
988 2016 1169 2067 scriptori
1189 2014 1396 2059 tribuenda

359 2080 593 2126 viderentui‚
617 2078 829 2117 omittenda
852 2077 1028 2129 putavi.)

408 2152 458 2177 20.
486 2138 558 2177 Καὶ
577 2138 620 2175 τὰ
648 2139 681 2175 ἐν
704 2144 748 2190 τᾷ
768 2137 898 2195 σφαίρᾳ
926 2135 1075 2186 σώματα
1105 2133 1208 2173 πέντε
1238 2134 1306 2172 ἐντι
1327 2135 1395 2185 [τὰ

358 2199 391 2234 ἐν
411 2203 455 2249 τᾷ
464 2195 626 2251 σφαίρᾳ]
653 2201 736 2248 πῦρ,
757 2196 849 2248 ὕδωρ
877 2211 936 2233 και
967 2201 1013 2247 γᾶ
1032 2193 1091 2232 καὶ
1118 2193 1198 2245 ἀήρ,
1219 2194 1278 2231 καὶ
1302 2196 1319 2231 ὃ
1336 2209 1396 2237 τας

357 2256 504 2309 σφαίρας
525 2256 626 2300 ὁλκὸς
648 2255 764 2307 αἰθήρ,
783 2255 955 2305 πέμπτον.

400 2392 447 2420 18.
476 2388 639 2420 Philolaus
669 2391 741 2428 post
773 2387 1022 2427 magnitudinem
1061 2386 1294 2418 mathematicae
1320 2394 1394 2426 pro-

357 2447 457 2487 priam
486 2455 621 2487 eamque
649 2446 813 2487 tripliciter
838 2446 871 2477 in
895 2445 1099 2486 quaternario
1125 2453 1258 2476 numero
1286 2453 1396 2484 porre-

357 2507 462 2545 ctam,
490 2507 676 2547 qualitatem
708 2507 740 2537 et
764 2503 936 2536 coloratam
964 2504 1099 2545 speciem
1128 2512 1194 2544 prae
1215 2511 1249 2535 se
1278 2503 1398 2534 ferente

360 2566 474 2596 natura
486 2564 518 2595 in
532 2564 688 2604 quinario,
706 2563 930 2594 animationem
945 2563 977 2593 in
993 2561 1130 2601 senario,
1147 2563 1286 2592 mentem
1302 2563 1333 2592 et
1346 2569 1397 2591 sa-

358 2623 490 2654 nitatem
510 2624 542 2654 et
568 2622 654 2663 quod
677 2622 716 2653 ab
731 2631 768 2653 eo
789 2622 906 2652 dicitur
928 2621 1037 2652 lumen
1055 2621 1086 2652 in
1110 2619 1309 2660 septenario,
1328 2619 1398 2659 post

361 2681 429 2712 haec
449 2681 492 2712 ait
514 2689 657 2711 amorem
674 2684 705 2711 et
722 2680 897 2711 amicitiam
908 2682 940 2711 et
961 2679 1162 2719 prudentiam
1182 2682 1213 2710 et
1225 2677 1396 2710 sollertiam

361 2741 391 2772 in
410 2739 573 2771 octonario
587 2747 724 2770 numero
739 2738 832 2769 rebus
846 2739 1041 2777 contingere.

404 2803 452 2830 19.
474 2799 618 2835 Quatuor
637 2799 712 2828 sunt
732 2797 903 2828 animantis
931 2797 1052 2828 ratione
1079 2795 1203 2836 praediti
1224 2795 1397 2836 principia,

361 2856 632 2898 quemadmodum
658 2858 689 2887 et
716 2855 880 2886 Philolaus
910 2855 943 2885 in
971 2854 1051 2885 libro
1075 2854 1115 2885 de
1145 2863 1257 2886 rerum
1286 2855 1399 2885 natura

362 2917 451 2956 dicit,
469 2916 645 2956 cerebrum,
663 2924 726 2955 cor,
750 2914 936 2952 umbilicus,
955 2916 1138 2953 veretrum;
1156 2916 1251 2955 caput
1269 2914 1398 2954 quidem

364 2976 489 3013 mentis,
505 2984 559 3006 cor
572 2977 680 3005 autem
696 2974 812 3004 animae
829 2977 861 3004 et
874 2981 1004 3010 sensus,
1025 2960 1196 3003 umbilicus
1219 2981 1294 3003 vero
1314 2972 1398 3003 radi-

363 3044 436 3067 cum
458 3035 601 3065 actarum
616 3034 648 3064 et
664 3034 819 3072 generatae
834 3031 946 3071 primae
964 3031 1074 3071 partia,
1087 3032 1249 3062 veretrum
1264 3031 1400 3070 denique

365 3096 498 3128 seminis
515 3094 622 3126 emissi
642 3094 674 3124 et
694 3091 936 3133 procreationis.
955 3093 1001 3122 De
1022 3091 1144 3131 reliquo
1162 3091 1331 3134 cerebrum
1349 3092 1401 3122 ho-

364 3155 476 3194 minis,
499 3163 556 3184 cor
576 3151 713 3183 amantis
726 3174 734 3190 ,
752 3150 921 3181 umbilicus
938 3150 1065 3190 plantoe,
1083 3151 1243 3181 veretrum
1258 3149 1399 3180 omnium

364 3214 459 3245 simul
480 3212 666 3253 principium
694 3209 846 3241 ostendit.

407 3278 456 3305 20.
479 3273 626 3312 Quinque
639 3271 670 3301 in
685 3269 808 3310 sphaera
821 3276 952 3306 corpora
967 3267 1179 3307 reperiuntur,
1197 3266 1288 3307 iguis,
1306 3276 1400 3308 aqua,

367 3337 451 3364 terra
468 3333 500 3363 et
513 3340 578 3370 aer,
599 3330 748 3370 quintum
773 3329 881 3358 autem
903 3326 1004 3365 aether
1019 3326 1179 3365 sphaeram
1207 3325 1350 3356 ambiens
1371 3327 1403 3357 et

367 3391 455 3431 quasi
471 3389 613 3421 trahens.

408 3452 458 3478 21.
480 3447 638 3482 Philolaus
660 3446 753 3486 negat
774 3444 904 3476 interire
927 3442 1098 3476 mundum.
1119 3442 1170 3473 Sic
1196 3441 1280 3473 enim
1304 3441 1349 3472 ait
1370 3441 1400 3472 in

369 3506 446 3536 litu-0
465 3506 504 3537 de
520 3506 624 3536 anima
642 3517 650 3536 :
670 3505 870 3544 Quapropter
883 3502 978 3534 etiam
995 3501 1142 3533 interitus
1161 3509 1275 3541 expers
1296 3500 1401 3531 nullo-

1419 1865 1426 2289 ————-—
1416 678 1423 1856 ff—fflm—

1502 372 1635 423 (Stob.
1669 374 1799 424 Eclog.
1833 374 1902 412 lib.
1940 374 1955 412 1
1989 387 2071 426 cap.
2106 388 2144 422 2,
2169 377 2190 413 3
2225 390 2312 428 pag.
2352 390 2396 414 10
2429 376 2477 416 ed

1453 433 1563 473 noer.
1596 433 1722 471 Verba
1745 432 1788 472 τὰ
1817 435 1850 471 ἐν
1870 439 1913 485 τᾷ
1938 433 2068 486 σφαίρᾳ
2093 433 2244 472 librarii
2275 448 2409 473 errore
2427 435 2490 475 bis

1452 493 1597 544 scripta
1629 492 1819 530 Heerenio
1854 500 2047 544 praeeunte
2083 493 2195 531 uncis
2229 494 2386 534 inclusi.
2415 497 2491 533 Ex-

1452 560 1572 589 trema
1590 551 1709 601 vulgo
1739 552 1779 589 in
1807 550 2009 588 codicibus
2035 551 2091 588 sic
2118 551 2343 591 scribuntur
2364 566 2376 592 ε
2396 552 2458 592 καὶ
2473 555 2492 592 ὃ

1452 609 1524 662 (al.
1549 610 1590 660 ἁ)
1610 615 1672 654 τᾶς
1705 610 1852 662 σφαίρας
1882 608 2006 655 ὃλκοίς,
2035 608 2220 658 πέμπτον,
2250 623 2337 661 quae
2369 625 2490 662 quum

1453 676 1630 719 qumtum
1663 668 1893 705 elementum
1917 668 2000 705 sine
2027 667 2149 705 dubio
2177 670 2226 705 sit
2263 667 2382 706 aether
2413 668 2488 720 (cf.

1451 725 1766 766 'lheol.a11thm
1791 739 1879 796 pag.
1903 726 1974 776 18)
1996 724 2052 763 sic
2068 727 2217 764 mutavi
2234 734 2271 764 et
2295 726 2491 778 supplevi,

1450 793 1493 822 ut
1511 784 1609 828 ὁλκὸς
1630 785 1747 836 αἰθήρ,
1763 785 1923 835 πέμπτον
1939 797 2184 836 reponeiQem
2202 790 2214 833 )

1504 857 1554 884 2¹
1578 843 1755 887 Φιλόλαος
1769 843 1942 895 ἄφθαρτον
1956 858 2014 881 τον
2025 842 2168 893 κόσμον.
2179 842 2371 895 Λέγειγοῦν
2387 840 2496 885 οὕτως

1452 903 1485 940 ἐν
1499 905 1548 956 τῷ
1561 902 1639 955 περὶ
1653 905 1777 955 ψυχῆς·
1791 901 1891 954 Παρὸ
1903 901 1962 940 καὶ
1978 901 2148 955 ἄφθαρτος
2164 901 2223 940 καὶ
2232 901 2496 943 ἀκαταπόνατος

1452 961 1604 1035 διαμένει
1617 962 1675 1000 τὸν
1694 961 1835 1014 ἄπειρον
1850 963 1971 1000 αἰῶνα·
1985 961 2062 999 οὔτε
2083 960 2149 1013 γὰρ
2162 960 2315 1000 ἔντοσθεν
2333 959 2424 1000 ἄλλα
2443 975 2495 1003 τις
2545 1005 2547 1008 ¹

1453 1021 1546 1059 αἷτία
1561 1020 1823 1072 δυναμικωτέρα
1843 1022 1949 1064 αὐτας
1969 1019 2191 1071 ευρεθήσεται
2218 1021 2288 1058 οὔτ’
2307 1019 2490 1066 ἔκτοσθεν,

1453 1083 1588 1132 φθεῖραι
1623 1079 1727 1117 αὐτὸν
1757 1078 1951 1129 δυναμένα,
1983 1077 2060 1116 ἀλλ’
2073 1081 2126 1139 j<
2138 1078 2240 1116 ’ὅδε
2264 1080 2282 1116 ὁ
2306 1076 2436 1128 κόσμος
2461 1075 2496 1121 ἒξ

1453 1140 1592 1186 αἰῶνος,
1610 1154 1669 1175 και
1686 1139 1719 1181 ἐς
1739 1140 1849 1176 αἰῶνα
1866 1136 2038 1188 διαμένει,
2060 1140 2108 1180 εἷς
2130 1135 2197 1175 ὑπὸ
2217 1136 2288 1181 ἑνὸς
2308 1152 2359 1175 τω
2373 1135 2493 1187 ξυγγε-

1451 1212 1487 1233 νε
1475 1195 1558 1240 'hoq
1598 1195 1658 1234 καὶ
1694 1195 1871 1248 κρατίστω
1908 1195 1967 1233 καὶ
2006 1196 2113 1234 ἀνυπε
2119 1193 2227 1248 ρθέτω
2268 1193 2491 1246 κυὸερνώμε-

1453 1271 1520 1299 νος.
1541 1254 1681 1308 ’Έχει
1664 1271 1699 1294 οε
1719 1271 1778 1293 και
1797 1255 1859 1293 τὰν
1852 1254 1991 1328 ...ἀρχὰν
2023 1261 2084 1328 τοῖς
2113 1253 2263 1298 κινάσιός
2286 1270 2324 1293 τε
2343 1268 2404 1292 και
2428 1267 2496 1303 με-

1452 1315 1601 1357 ταδολᾶς
1632 1316 1650 1352 ὁ
1682 1314 1809 1365 κόσμος
1840 1307 1888 1357 εἷς
1919 1313 1983 1350 ἐὼν
2014 1329 2074 1352 και
2107 1312 2253 1365 συνεχὴς
2291 1312 2350 1351 καὶ
2383 1311 2495 1364 <poete

1454 1372 1696 1424 διαπνεόμενος
1727 1388 1785 1410 και
1814 1372 2063 1424 περιαγόμενος
2084 1371 2118 1416 ἐξ
2139 1370 2309 1423 ἀρχαδίω.
2320 1369 2338 1394 ‘¹
2356 1369 2430 1410 Καὶ
2457 1369 2498 1409 τὸ

1454 1430 1516 1482 μὲν
1537 1430 1780 1481 ἀμετάὸλατον
1810 1432 1935 1478 αὐτοῦ,
1965 1429 2004 1468 τὸ
2033 1429 2067 1468 δὲ
2089 1429 2308 1481 μεταὸάλλον
2328 1427 2416 1468 ἐστί·
2436 1429 2497 1468 καὶ

1453 1490 1491 1529 τὸ
1510 1490 1572 1541 μὲν
1593 1489 1808 1539 ἀμετάὸολον
1825 1489 1895 1528 ἀπὸ
1906 1495 1968 1532 τᾶς
1979 1488 2018 1527 τὸ
2035 1488 2112 1527 ὅλον
2132 1488 2362 1541 περιεχούσας
2383 1489 2498 1541 ψυχᾶς

1454 1549 1559 1601 μέχρι
1575 1547 1720 1591 σελάνας
1733 1551 1956 1600 περαιοῦται,
1983 1547 2022 1586 τὸ
2048 1547 2083 1586 δὲ
2106 1547 2326 1598 μετοιὸάλλον
2347 1545 2416 1584 ἀπὸ
2435 1551 2498 1590 τᾶς

1453 1606 1601 1648 σελάνας
1621 1606 1725 1658 μέχρι
1754 1612 1814 1650 τᾶς
1833 1613 1910 1658 γᾶς.
1937 1606 2040 1646 Ἐπεὶ
2069 1606 2105 1644 δέ
2122 1621 2167 1657 γα
2189 1605 2251 1644 καὶ
2275 1604 2315 1644 τὸ
2332 1603 2444 1643 κινέον
2462 1604 2498 1650 ἐξ

1454 1666 1576 1709 αἰῶνος
1596 1666 1628 1708 ἐς
1648 1666 1757 1703 αἰῶνα
1770 1665 1970 1716 περιπολεῖ,
1990 1664 2029 1702 τὸ
2053 1663 2088 1703 δὲ
2106 1664 2300 1716 κινεόμενον
2321 1666 2369 1708 ὥς
2383 1662 2424 1701 τὸ
2440 1678 2496 1701 κι-
2542 1672 2545 1674 “

1452 1723 1524 1762 νέον
1543 1723 1641 1774 ἄγει,
1663 1723 1752 1761 οὕτω
1776 1723 1965 1761 διατίθεται
1981 1727 2008 1747 ⁰·
2030 1723 2166 1773 ἀνάγκα
2193 1722 2233 1761 τὸ
2255 1722 2318 1774 μὲν
2349 1722 2499 1761 ἀεικίνα-

1452 1796 1522 1828 τον,
1537 1781 1577 1819 τὸ
1601 1780 1636 1819 δὲ
1658 1780 1818 1825 ἀειπαθὲς
1845 1775 1954 1831 ἦμεν,
1981 1781 2096 1819 καὶτὸ
2127 1781 2188 1831 μὲν
2207 1779 2276 1820 νόω
2294 1779 2355 1819 καὶ
2384 1782 2499 1833 ψυχᾶς

1458 1840 1646 1893 ἀνάκτορον
1676 1839 1689 1862 ¹
1722 1839 1863 1887 πᾶν,’τὸ
1884 1838 1920 1878 δὲ
1949 1838 2101 1882 γενέσιος
2113 1838 2181 1877 ’καὶ
2210 1837 2418 1889 μεταὸολᾶς·
2438 1839 2498 1877 καὶ

1451 1898 1490 1937 τὸ
1510 1898 1571 1948 μὲν
1593 1905 1723 1950 πρᾶτον
1742 1905 1786 1951 τᾷ
1808 1898 1934 1948 δυνάμι
1952 1898 2013 1936 καὶ
2016 1897 2227 1984 ξῦπερέχον,
2247 1898 2286 1936 τὸ
2304 1899 2334 1937 δ’
2356 1897 2498 1950 ὕστερον

1452 1973 1512 1996 και
1531 1956 1867 2009 καθυπερεχόμενον·
1889 1957 1929 1995 τὸ
1952 1958 1981 1995 δ’
1997 1956 2032 2002 ἐξ
2052 1955 2257 2010 ἀμφοτέρων
2282 1972 2434 2004 τουτων,
2449 1960 2498 1996 τῶ

1457 2017 1516 2066 μὲν
1537 2017 1588 2055 ἀει
1609 2017 1740 2060 θέοντος
1757 2016 1850 2064 θείω,
1872 2018 1921 2054 τῶ
1937 2016 1972 2054 δὲ
1999 2017 2052 2055 ἀει
2079 2016 2357 2067 μεταὸάλλοντος
2373 2031 2497 2068 γεννα-

1454 2077 1502 2113 τῶ
1521 2075 1662 2126 κόσμος.
1684 2075 1746 2114 Διὸ
1773 2076 1833 2113 καὶ
1852 2075 2010 2119 καλῶς’
1988 2092 2028 2113 αν
2054 2091 2104 2119 τις
2119 2076 2239 2126 λέγοι8
2258 2074 2388 2126 κόσμον
2408 2078 2496 2126 ἠμεν

1459 2134 1632 2187 ἐνέργειαν
1651 2133 1759 2173 ἀίδιον
1780 2136 1847 2173 θεῶ
1871 2150 1908 2172 τε
1926 2150 1987 2172 και
2005 2133 2156 2185 γενέσιος
2174 2133 2266 2172 κατὰ
2287 2135 2500 2172 συνακολου-

1457 2193 1533 2231 θίαν
1553 2199 1614 2236 τᾶς
1635 2193 1895 2242 μεταὸλατικᾶς
1915 2192 2048 2245 φύσιος.
2074 2193 2145 2231 Καὶ
2166 2194 2184 2230 ὁ
2209 2191 2271 2242 μὲν
2298 2195 2332 2236 ἐς
2347 2191 2402 2230 ἀεὶ
2422 2193 2498 2230 δια-

1456 2252 1552 2303 μένει
1576 2251 1668 2292 κατὰ
1699 2253 1738 2291 τὸ
1770 2252 1854 2291 αὒτὸ
1883 2251 1943 2291 καὶ
1980 2251 2145 2295 ὡσαύτως
2164 2250 2272 2304 ἔχων,
2305 2249 2350 2289 τὰ
2381 2248 2418 2288 δὲ
2437 2250 2498 2289 καὶ

1460 2393 1524 2426 que
1546 2384 1656 2416 labore
1669 2384 1834 2416 confectus
1850 2384 2005 2423 perpetuo
2022 2382 2136 2420 durat,
2153 2381 2313 2422 siquidem
2333 2389 2394 2413 nec
2414 2382 2498 2413 intra

1456 2445 1561 2486 ipsum
1582 2451 1679 2475 causa
1696 2442 1856 2483 potentior
1880 2450 1975 2482 quam
1996 2441 2049 2472 illa
2067 2440 2217 2482 [anima]
2236 2440 2424 2481 reperietur,
2443 2448 2499 2472 na-

1456 2511 1520 2543 que
1537 2501 1627 2533 extra
1642 2499 1832 2540 quidquam,
1856 2498 1941 2539 quod
1964 2507 2038 2530 eum
2060 2498 2196 2538 perdere
2218 2499 2341 2539 possit,
2363 2498 2419 2530 sed
2441 2497 2500 2530 ruit

1457 2559 1509 2592 hie
1529 2558 1675 2590 mundus
1699 2567 1740 2590 ex
1757 2559 1879 2589 aeterno
1900 2557 2047 2596 tempore
2074 2557 2171 2597 atque
2190 2557 2223 2588 in
2241 2557 2402 2588 aeternum
2424 2565 2498 2598 per-

1456 2618 1575 2656 manet,
1596 2624 1679 2648 unus
1693 2614 1732 2646 ab
1749 2623 1814 2646 uno
1832 2615 1967 2654 cognato
1980 2617 2012 2646 et
2031 2613 2296 2654 praestantissimo
2317 2615 2351 2646 et
2366 2613 2500 2646 inexsue

1457 2676 1588 2717 perabili
1605 2674 1843 2716 gubernandus.
1860 2673 1963 2706 Habet
1978 2675 2086 2705 motus
2102 2681 2232 2714 quoque
2252 2681 2290 2705 ac
2307 2660 2494 2706 mutationis

1458 2735 1648 2776 principium
1675 2742 1760 2765 unus
1784 2735 1817 2764 et
1849 2731 2020 2763 continuus
2051 2731 2218 2771 mundus,
2243 2732 2370 2764 naturae
2397 2731 2498 2764 hene-

1459 2794 1530 2826 ficio
1545 2793 1696 2834 perflatus
1715 2793 1748 2824 et
1765 2801 1803 2824 ex
1823 2791 1913 2823 omni
1927 2791 2106 2823 aeternitate
2123 2790 2352 2837 circumactus.
2395 2792 2501 2832 Atque

1460 2862 1522 2885 una
1541 2852 1670 2893 quidem
1687 2860 1759 2892 pars
1785 2851 1855 2891 ejus
1875 2850 2083 2881 immutabilis
2107 2851 2172 2890 est,
2196 2849 2299 2882 altera
2318 2849 2495 2890 mutabilis,

1458 2922 1476 2945 e
1502 2912 1618 2953 quibus
1641 2913 1728 2952 prior
1755 2910 1796 2941 ab
1821 2910 1928 2941 anima
1954 2918 2060 2940 rerum
2083 2908 2323 2941 universitatem
2352 2908 2500 2949 cingente

1459 2980 1560 3012 usque
1580 2970 1619 3002 ad
1640 2970 1746 3002 lunam
1768 2968 1926 3010 pertinet,
1951 2967 2109 3008 posterior
2125 2976 2143 2998 a
2162 2968 2238 2999 luna
2258 2976 2362 3008 usque
2380 2966 2421 2999 ad
2435 2968 2499 3000 ter·

1460 3039 1538 3062 ram.
1558 3030 1598 3061 Et
1609 3029 1760 3069 quoniam
1777 3036 1824 3059 res
1845 3035 1979 3058 movens
2003 3025 2132 3067 quidem
2149 3034 2190 3058 ex
2208 3027 2328 3057 aeterno
2354 3026 2498 3066 tempore

1460 3089 1492 3120 in
1517 3089 1674 3120 aeternum
1689 3087 1774 3118 ultro
1786 3086 1928 3125 citroque
1947 3086 2107 3116 commeat
2118 3108 2127 3123 ,
2154 3092 2204 3116 res
2218 3085 2306 3116 mota
2321 3085 2430 3116 autem
2455 3084 2499 3115 ita

1460 3147 1598 3179 afficitur
1613 3149 1649 3178 ut
1660 3154 1680 3178 a
1692 3146 1839 3177 movente
1859 3143 2004 3176 aufertur
2018 3156 2027 3174 ε
2048 3151 2176 3175 necesse
2195 3143 2243 3174 est
2261 3143 2394 3174 atteram
2411 3150 2499 3174 sem·

1461 3215 1516 3247 per
1534 3206 1695 3246 mobilem,
1709 3205 1840 3236 alteram
1859 3211 1984 3243 semper
2002 3201 2167 3243 patibilem
2185 3209 2272 3241 esse,
2296 3201 2392 3241 atque
2408 3199 2500 3232 illam

1460 3266 1588 3306 quidem
1620 3267 1720 3298 totam
1754 3263 1868 3296 mentis
1895 3254 1929 3295 et
1954 3262 2087 3301 animae,
2124 3262 2204 3292 hanc
2233 3260 2444 3301 generationis
2468 3263 2499 3292 et

1463 3324 1646 3356 mutationis
1668 3332 1736 3356 esse
1763 3322 1890 3362 sedem,
1923 3321 2075 3361 illamque
2103 3320 2137 3351 vi
2160 3319 2297 3360 priorem
2314 3321 2346 3351 et
2360 3318 2500 3360 superio—

1464 3392 1549 3423 rem,
1576 3383 1658 3414 hane
1686 3381 1894 3423 posteriorem
1916 3380 1949 3412 et
1965 3379 2158 3411 inferiorem.
2201 3379 2248 3409 Ex
2268 3380 2404 3418 utraque
2423 3386 2500 3410 vero

1463 3441 1605 3481 portione
1616 3466 1625 3480 ‚
1647 3440 1746 3472 altera
1765 3439 1872 3471 divina
1887 3446 1958 3479 quae
1972 3446 2096 3478 semper
2112 3437 2231 3476 currit,
2242 3436 2342 3468 altera
2353 3438 2501 3476 generata

1462 3508 1534 3539 quae
1546 3507 1668 3540 semper
1683 3498 1838 3538 mutatur,
1856 3496 1997 3528 mundus
2011 3495 2206 3535 compositus
2224 3496 2284 3526 est.
2341 3494 2502 3532 Quocirca

2613 2729 2638 3357 raedizzwemafflfflawwstaffiw
2615 2231 2638 2731 *wammawmvww1112st
2619 2099 2638 2215 ‘a
2624 1966 2638 1983 -r
2626 1914 2629 1915 ¹
2625 1861 2628 1863 ¹

2625 2304 2638 2324 p.

2621 3359 2638 3423 '‘⁸2¹³'ss
