2638 3840
770 206 995 255 EJUSQUE
1022 206 1306 247 DISCIPULIS
1336 207 1401 248 ET
1429 207 1861 266 successomssns,
2333 219 2394 249 vu

233 309 303 343 we,
324 304 455 336 sextus
469 298 518 334 de
531 298 699 347 Crotone,
717 304 833 347 atque
845 295 930 333 alii.
946 295 1071 334 Porro
1090 300 1283 344 mysticum

231 368 435 393 sermonem
448 353 560 406 ajunt
573 354 737 406 Hippasi
768 353 889 392 fuisse
910 355 979 404 qui
1003 366 1091 392 eum
1109 353 1157 391 ad
1180 354 1283 391 invi·

232 413 336 453 diam
353 413 588 466 Pythagorae
603 412 848 452 conflandam
868 411 1085 464 scripserit.
1105 411 1284 462 Denique

233 474 335 513 fama
355 482 414 512 est
443 473 584 511 multas
608 472 767 511 Astonis
784 471 1017 512 Crotoniatae
1047 479 1286 509 commenta-

233 533 358 572 tiones
376 532 610 584 Pythagorae
645 543 729 570 esse
760 529 977 569 attributas.
1010 528 1139 579 Quid?
1179 529 1284 579 quod

232 593 301 632 Ion
320 592 440 630 Chius
461 591 539 644 (38)
559 599 690 630 narrat
717 589 976 642 Pythagoram
1002 590 1182 641 poemata
1206 601 1283 626 non

232 650 341 689 nulla
355 649 430 689 sub
442 649 589 702 Orphei
608 649 769 690 nomine
781 648 963 687 edidisse.
982 647 1043 686 Ex
1055 647 1196 686 horum
1218 661 1286 686 nu-

233 722 342 748 mero
356 709 516 752 sortasse
534 709 635 749 illud
654 708 728 748 fuit
740 707 847 760 quod
859 710 1149 759 Exploratorum
1169 720 1284 746 voca-

232 767 328 808 bulo
343 770 573 822 inscriptum
590 777 704 822 poeta
718 768 851 810 nescio
865 768 955 820 quis
967 767 1024 807 sic
1042 780 1156 806 orsus
1173 777 1256 806 erat
1273 780 1283 807 :

237 845 255 864 α
274 828 526 882 Impudenter
533 830 720 868 adversus
736 828 931 867 neminem
948 836 986 866 te
999 840 1123 878 geras.
1135 845 1153 862 n
1165 827 1283 866 Multa

233 888 349 927 etiam
363 888 440 927 alia
452 888 548 927 olim
562 888 748 927 videntur
764 887 884 926 fuisse
898 894 1148 925 monumenta
1163 885 1283 924 Samii

232 947 461 1000 philosophi
480 947 640 988 nomine
658 954 815 995 ornata,
834 959 1003 998 quorum
1025 945 1189 998 sparsim
1219 958 1284 984 ve·

233 1014 336 1046 teres
363 1006 588 1046 meminere.
608 1005 760 1048 Etenim
787 1005 1044 1055 Prognostica
1070 1018 1157 1043 eum
1187 1018 1284 1042 con-

234 1065 371 1105 secisse
389 1074 526 1105 auctor
542 1074 601 1106 est
616 1065 651 1104 T
652 1074 774 1105 zetzes
792 1063 870 1116 (39)
887 1064 1055 1104 Chiliad.
1075 1065 1146 1105 lib.
1163 1065 1214 1112 11,
1235 1065 1283 1103 55

233 1125 459 1178 pariterque
487 1124 572 1177 ejus
601 1124 650 1163 ad
669 1124 819 1163 Abarin
849 1124 1072 1164 Orationem
1099 1133 1286 1163 memorat

233 1183 397 1224 Proclus
414 1184 631 1223 Comment.
659 1183 731 1222 lib.
755 1182 814 1222 111
840 1183 882 1222 in
913 1183 1010 1223 Plat.
1029 1182 1132 1222 Tim.
1149 1197 1188 1235 p.
1210 1190 1280 1229 141

234 1243 377 1295 1)(40),
393 1246 461 1296 qui
470 1243 586 1283 simul
603 1243 799 1296 Hymnum
816 1241 1101 1294 Pythagoreum
1119 1242 1198 1295 (4ι)
1214 1243 1285 1282 ali·

234 1304 388 1356 quoties
399 1303 545 1342 laudat
561 1302 669 1343 Adde
686 1301 792 1353 quod
807 1302 1048 1353 Pythagoras
1063 1304 1168 1340 testis
1181 1302 1288 1341 adhi-

234 1362 351 1402 betur
369 1362 419 1402 ab
434 1362 587 1401 AEliano
605 1362 685 1412 (4²)
702 1361 751 1399 de
766 1361 923 1400 animal.
940 1361 1010 1400 lib.
1032 1359 1138 1400 xvu
1157 1374 1243 1413 cap.
1261 1363 1285 1400 8

233 1429 272 1460 et
290 1436 328 1474 9,
343 1422 515 1473 itemque
529 1420 579 1459 ab
598 1419 783 1458 Athenaeo
804 1419 963 1473 (43)lib.
980 1419 1030 1457 lv
1049 1433 1085 1471 p.
1106 1421 1178 1458 183
1191 1420 1231 1458 F.
1249 1429 1287 1458 et

233 1479 305 1522 lib.
323 1479 409 1520 xlv
420 1494 459 1533 p.
477 1480 554 1525 634
575 1479 657 1527 Α,“
646 1492 688 1520 ιιι
704 1479 755 1518 iis
770 1492 857 1530 quae
875 1481 924 1516 de
940 1481 1049 1516 rubro
1067 1484 1167 1517 mari
1184 1493 1286 1518 com-

233 1548 426 1580 mentatus
439 1548 534 1578 erat.
548 1539 696 1578 Verum
714 1538 796 1576 haec
808 1538 909 1576 alius
921 1537 1152 1588 Pythagorae
1168 1538 1286 1577 fuisse

232 1600 313 1639 viri
344 1600 448 1639 docti
482 1598 669 1651 suspicati
689 1606 792 1638 sunt.
814 1597 856 1636 Si
879 1597 1053 1636 Plinium
1087 1600 1286 1648 sequimur

234 1667 312 1700 nat.
336 1659 430 1699 hist.
452 1658 523 1699 lib.
539 1656 679 1705 xxiv,
704 1671 767 1706 17,
785 1656 938 1695 Samius
958 1656 1216 1708 philosophus
1237 1657 1286 1695 de

233 1716 445 1757 herbarum
478 1716 691 1756 virtutibus
723 1716 915 1767 singulari
952 1716 1154 1755 volumine
1184 1717 1283 1766 egit,

234 1777 341 1829 quod
358 1777 427 1816 alii
448 1776 680 1828 Cleemporo
698 1774 850 1814 medico
873 1776 1135 1826 assignabant.
1166 1793 1183 1810 α
1209 1777 1285 1816 Sed

233 1835 485 1888 Pythagorae,
505 1835 655 1887 inquit,
676 1835 856 1887 pertinax
876 1834 978 1873 fama
995 1835 1286 1887 antiquitasque

233 1894 435 1934 vindicant
449 1909 459 1933 z
473 1903 512 1933 et
523 1893 565 1933 id
583 1894 712 1947 ipsum
729 1896 995 1933 auctoritatem
1009 1894 1205 1937 volumini
1227 1895 1285 1932 af—

236 1954 326 2002 fert,
340 1953 375 1992 si
388 1954 478 2005 quis
490 1952 591 1992 alius
606 1965 710 1991 curae
723 1966 803 1992 suae
816 1966 916 2005 opus
931 1953 1004 1992 illo
1019 1954 1110 1992 viro
1122 1953 1284 2004 dignum

229 2012 450 2066 judicavit,
471 2012 576 2064 quod
591 2012 729 2051 secisse
747 2012 1019 2064 Cleemporum
1034 2041 1045 2060 ‚
1069 2026 1190 2065 quum
1208 2013 1286 2051 alia

232 2126 385 2160 τωνιάτου
392 2127 558 2169 γραφέντας
571 2127 752 2165 ἀνατεθῆναι
766 2126 947 2169 Πυθαγόρᾳ.
960 2128 1120 2159 Desacro
1134 2129 1287 2160 Sermone

233 2175 307 2209 hnc
323 2175 474 2216 leguntur
488 2173 573 2216 apud
588 2173 805 2207 Jambliclnum
828 2174 887 2206 vit.
907 2174 1003 2215 Pyth.
1021 2177 1090 2206 28·
1108 2174 1165 2206 οὐκ
1185 2174 1229 2206 ἔτι
1247 2175 1286 2213 δὴ

232 2222 288 2257 οὗν
304 2223 475 2266 ἀμφιδολον
492 2223 619 2264 γε’γονε,
635 2222 671 2254 τὸ
682 2222 738 2259 τὰς
751 2222 891 2264 ἀφορμὰς
902 2221 989 2264 παρὰ
1001 2221 1139 2264 Ὀρφέως
1151 2221 1287 2255 λαδόντα

232 2269 432 2328 Πυθαγόραν,
445 2270 592 2307 συντάξαι
613 2261 666 2302 τὸν
684 2270 754 2311 περὶ
771 2271 851 2302 θεῶν
868 2269 972 2310 λόγον,
986 2269 1022 2302 ὃν
1045 2270 1097 2301 καὶ
1115 2269 1211 2310 Ὶερὸν
1235 2270 1287 2302 διὰ

232 2315 574 2358 τουτιΜὲπεγράψαμεν
591 2316 633 2353 ὥς
663 2316 702 2347 ἂν
725 2316 762 2348 ἐκ
784 2319 840 2348 τοῦ
869 2316 1107 2356 μυστικωτάτου
1127 2315 1286 2357 ἁπευθυμ·

233 2365 325 2408 μόνον
335 2364 405 2407 περὶ
414 2362 521 2406 Ορφει
525 2362 638 2404 τόπου,
650 2363 711 2396 εῐτε
723 2362 819 2400 ὅντως
832 2366 888 2395 τοῦ
905 2362 1032 2405 ἀνδρὸς,
1047 2365 1089 2400 ὡς
1103 2365 1133 2396 οἱ
1146 2364 1286 2396 πλεῖστοι

232 2413 379 2454 λέγουσι,
390 2410 583 2453 σύγγραμμά
601 2411 696 2451 εστιν,
717 2410 780 2443 εῐτε
794 2410 975 2452 Τηλαύγους
987 2435 996 2450 ,
1014 2412 1057 2448 ὡς
1074 2410 1150 2443 ἔνιοι
1168 2414 1224 2443 τοῦ
1240 2411 1286 2443 δι·

234 2458 422 2492 δασιαλείου
437 2457 593 2499 ἐλλόγιμοι
608 2459 663 2491 καὶ
679 2457 855 2496 ἀξιόπιστοι
875 2458 1142 2499 διαδεὸαιοῦνται,
1162 2459 1197 2491 ἐκ
1224 2462 1286 2491 τῶν

233 2506 466 2548 ὑπομνημάτων
481 2509 544 2539 τῶν
562 2508 667 2548 Δαμοῖ
682 2509 722 2547 τῇ
736 2507 862 2548 θυγατρὶ
872 2506 1118 2549 ἀπολειφθέντων
1129 2505 1181 2539 ὑπ’
1191 2506 1287 2539 αὐτοῦ

234 2557 292 2587 τοῦ
306 2552 503 2596 Πυθαγόρου.
518 2553 677 2586 Diodorus
688 2553 818 2587 Siculus
832 2552 889 2586 lib.
906 2554 934 2594 1,
950 2558 991 2587 98
1005 2554 1081 2587 item
1099 2554 1287 2595 Pythagorae

235 2599 324 2634 istud
350 2600 650 2634 eorumentariolum
675 2600 808 2634 ascribit
828 2599 878 2633 his
895 2599 1027 2633 verbis:
1048 2601 1232 2643 Πυθαγόραν
1254 2612 1286 2634 τε

235 2648 276 2682 τὰ
294 2646 379 2681 κατὰ
394 2648 449 2680 τὸν
467 2647 548 2688 ῑερὸν
565 2647 658 2689 λόγον
673 2648 726 2680 καὶ
741 2648 781 2680 τὰ
800 2648 881 2680 κατὰ
899 2649 1090 2690 γεωμετρίαν
1104 2650 1287 2691 θεωρήματα

234 2696 289 2728 καὶ
306 2695 347 2728 τὰ
358 2694 428 2736 περὶ
442 2694 515 2732 τοὺς
531 2694 699 2737 ἀριθμούς,
710 2694 755 2728 ἔτι
771 2694 804 2727 ἃ
817 2695 873 2734 τὴν
888 2695 931 2732 εἰς
947 2698 1009 2728 πᾶν
1027 2698 1106 2737 ζῷον
1120 2700 1174 2735 τῆς
1185 2698 1287 2738 ψυχῆς

237 2742 410 2785 μεταδολὴν
429 2743 537 2784 μαθεῖν
552 2741 624 2784 παρ’
638 2741 830 2783 Αἰγυπτίων.
850 2742 913 2777 Sed
930 2743 1103 2784 Cercopem
1125 2744 1284 2784 Pythago·

236 2797 327 2823 reum
352 2788 423 2830 ejus
446 2791 612 2822 auctorem
640 2790 804 2830 nuncupat
833 2789 988 2831 Epigenes
1012 2789 1096 2831 apud
1125 2790 1285 2823 clement.

235 2837 328 2870 Alex.
345 2838 465 2870 Sti-om.
483 2835 538 2869 lib.
553 2836 614 2878 lp.
628 2838 691 2870 333
711 2838 750 2870 Α.
762 2837 817 2870 Ait
831 2837 918 2869 enlm
934 2837 1102 2869 Clemens:
1119 2838 1283 2877 Ἐπιγένης

236 2884 270 2917 δὲ
284 2884 317 2925 ἐν
332 2886 397 2921 τοῖς
410 2884 479 2925 περὶ
497 2886 553 2922 τῆς
571 2883 615 2920 εἰς
630 2882 746 2925 Ὀρφέα
763 2883 921 2922 ποιήσεως
937 2884 1095 2925 Κέρκοπος
1115 2883 1192 2916 εἶναι
1206 2885 1286 2925 >iret

234 2934 292 2965 τοῦ
311 2930 522 2973 Πυθαγορείου
533 2932 591 2969 τὴν
606 2931 649 2968 εῑς
663 2931 742 2973 ᾅδου
759 2931 940 2964 umanum
953 2931 1006 2963 καὶ
1021 2931 1074 2963 τὸν
1088 2932 1168 2972 ἱερὸν
1181 2930 1286 2972 λόγον,

235 2979 289 3012 τὸν
317 2978 351 3012 δὲ
375 2974 564 3011 mauviel
583 2977 625 3010 τὰ
649 2978 767 3019 φυσικὰ
785 2978 961 3020 Βροντίνου.
981 2979 1023 3010 At
1048 2977 1143 3009 modo
1167 2978 1286 3018 Pytha·

235 3035 347 3068 goram
359 3026 456 3059 modo
466 3025 631 3067 orpheum
641 3025 729 3058 sacri
738 3025 895 3059 sermonis
906 3024 1103 3058 conditorem
1114 3023 1285 3058 habebant.

235 3073 318 3107 Vide
344 3072 601 3107 dmoeuuonem
627 3071 669 3105 de
697 3071 829 3115 orpheo
852 3072 917 3105 vol.
943 3074 955 3105 ι
980 3081 1010 3112 p.
1035 3075 1091 3105 1⁶3
1114 3073 1147 3105 et
1165 3072 1282 3113 sumn.

236 3121 339 3163 orph.
358 3120 495 3154 xwm
515 3129 547 3161 p.
571 3122 642 3154 185.
664 3121 826 3153 canutum
846 3119 887 3152 ab
907 3120 968 3151 hoc
993 3118 1074 3151 libro
1100 3118 1168 3151 sine
1188 3118 1287 3153 dubio

237 3169 385 3202 diversus
403 3166 465 3199 fult
479 3170 583 3200 sacer
601 3165 768 3208 Arignotes
782 3170 900 3200 sermo
911 3191 920 3205 ,
938 3174 1039 3206 quntum
1062 3165 1214 3198 Bacchica
1235 3175 1286 3199 so·

237 3217 306 3248 lum
324 3216 359 3248 et
376 3213 503 3247 cererin
529 3213 679 3255 mysteri·
702 3213 893 3247 conniveret.
912 3212 1029 3245 sumas
1060 3220 1091 3243 v.
1109 3211 1285 3255 Ἁριγνώτη·

237 3262 381 3298 συνέταξε
394 3261 485 3294 τάδε·
499 3260 663 3302 Βακχικά·
684 3261 750 3294 ἔστι
765 3261 798 3294 δὲ
814 3261 883 3302 περὶ
901 3263 964 3291 τῶν
982 3263 1035 3298 τῆς
1054 3260 1214 3301 Δήμητρος
1227 3271 1284 3301 μυ·

238 3308 372 3351 στηρίων
389 3307 621 3350 ἐπιγράμματι
637 3308 787 3349 Γράφιται
801 3308 835 3340 δὲ
848 3308 900 3339 καὶ
917 3307 1009 3346 Ὶερὸς
1022 3306 1111 3346 λόγος
1123 3308 1189 3339 κτλ.

281 3357 348 3399 (38)
359 3355 516 3397 Diogene·
526 3355 670 3389 Laetum
686 3355 739 3389 llb-
757 3356 830 3388 vm
840 3379 849 3394 ,
867 3358 886 3386 8
900 3368 906 3387 :
920 3355 994 3386 Ἴων
1011 3354 1044 3386 δε
1057 3354 1075 3386 ὀ
1091 3354 1166 3391 Χῖος
1180 3354 1211 3387 ἐν
1223 3358 1287 3392 τοῖς

238 3405 400 3446 τριαγμοῖς
414 3413 510 3444 φησιν
526 3402 620 3435 αὑτὸν
641 3403 707 3435 ἔνια
723 3403 900 3440 ποιήσαντα
918 3402 1089 3441 ἀνενεγκεῖν
1105 3401 1148 3438 εἰς
1161 3400 1285 3442 Ὀρφια.

242 3452 344 3486 Αὐτοῦ
358 3452 482 3492 λέγουσι
497 3451 551 3483 καὶ
569 3450 639 3487 τοὺς
655 3450 911 3486 κατασκοπιάδας
929 3449 965 3481 οὗ
981 3450 1053 3490 (lt-g.
1070 3448 1287 3486 κατασκόπους

1347 310 1418 335 suo
1436 305 1473 335 et
1493 296 1803 344 nomineederet‚
1820 296 1907 346 quis
1925 295 2080 333 credat?
2095 313 2110 329 »
2129 295 2307 346 Denique
2324 296 2395 334 Isi·

1347 355 1466 394 dorus
1482 354 1711 406 orig.111‚2
1731 369 1740 392 :
1765 372 1781 389 α
1800 354 1976 405 Numeri,
1994 354 2396 406 inquit,disciplinam

1347 414 1450 465 apud
1461 415 1619 454 Graecos
1631 414 1802 467 primum
1817 413 2078 465 Pythagoram
2091 421 2292 451 autumant
2305 427 2397 451 con-

1347 473 1560 524 scripsisse.
1583 491 1600 509 »
1621 473 1810 512 Similiter
1824 473 1985 511 Malalas
2011 472 2233 522 Chronogr.
2252 472 2325 511 lib.
2347 473 2399 510 VI

1348 544 1386 581 p.
1412 532 1485 581 159
1505 533 1565 572 ed.
1585 533 1735 571 Bonn.:
1754 531 1815 571 καὶ
1829 534 1848 571 ὁ
1862 529 2115 584 προειρημένος
2132 530 2167 568 δὲ
2190 531 2400 583 Πυθαγόρας

1349 590 1368 626 ὁ
1389 590 1525 641 Σάμιος
1543 590 1607 638 τὴν
1624 589 1859 646 ἀριθμητικὴν
1881 591 2140 643 συνεγράψατο.
2158 590 2210 628 At
2238 599 2401 641 uterque

1349 648 1496 688 fallitur
1519 651 1703 701 magistro
1721 663 1795 702 pro
1815 649 2022 702 discipulis
2045 663 2089 688 ac
2109 649 2400 689 successorihus

1347 709 1561 747 nominato.
1587 709 1718 761 Neque
1748 710 1878 748 minor
1908 718 1966 748 est
1989 709 2137 747 Malalae
2160 709 2238 760 (44)
2259 718 2298 747 et
2325 710 2399 748 Ce-

1348 766 1460 804 dreni
1490 781 1599 806 error
1627 769 1696 820 qui
1726 767 1929 808 historiam
1958 767 2053 807 belli
2078 769 2180 806 inter
2199 768 2344 820 Cyrum
2365 778 2403 807 et

1349 824 1501 865 Samios
1521 830 1617 876 gesti
1633 841 1655 866 a
1672 827 1897 879 Pythagora
1916 827 2058 866 litteris
2075 827 2292 866 mandatam
2319 841 2402 866 esse

1348 885 1555 926 affirmant.
1576 886 1703 925 Taceo
1733 888 1883 937 magica
1913 887 2088 938 quaedam
2111 887 2299 939 opuscula
2330 901 2402 939 po-

1348 944 1581 984 sterioribus
1615 946 1768 984 saeculis
1800 946 2032 998 Pythagorae
2061 947 2283 998 supposita,
2317 960 2402 998 quae

1348 1003 1490 1055 partim
1512 1004 1712 1054 divulgata
1729 1014 1819 1043 sunt
1839 1005 1980 1056 partim
1999 1006 2115 1043 etiam
2136 1018 2240 1044 nunc
2266 1006 2308 1043 in
2338 1019 2403 1043 co-

1348 1062 1503 1102 dicibus
1522 1077 1637 1102 manu
1661 1065 1827 1103 exaratis
1846 1073 1998 1102 exstant
2014 1063 2113 1115 (45).
2134 1065 2284 1114 Agmen
2299 1065 2403 1103 clau-

1348 1120 1442 1160 dant
1460 1121 1581 1161 Samii
1610 1123 1837 1175 philosophi
1868 1123 2032 1174 ejusque
2060 1132 2290 1162 sectatorum
2321 1125 2404 1176 epi·

1349 1181 1478 1229 stolae,
1509 1195 1596 1233 quae
1633 1181 1682 1220 ab
1722 1181 1952 1220 hominibus
1986 1182 2085 1219 male
2119 1182 2266 1221 sedulis
2307 1183 2403 1221 olim

1349 1241 1525 1281 confictae
1542 1241 1740 1280 Orelliana
1759 1241 2007 1293 potissimum
2037 1240 2210 1279 editione
2241 1241 2320 1292 (46)
2342 1255 2403 1280 ce-

1348 1299 1506 1339 lebratae
1521 1309 1625 1339 sunt.

1402 1358 1740 1405 Quemadmodum
1772 1373 1867 1398 vero
1895 1361 1964 1411 qui
1992 1360 2040 1398 ad
2070 1360 2234 1398 rationis
2261 1360 2403 1411 Pytha-

1348 1431 1476 1470 goreae
1490 1432 1667 1458 normam
1684 1421 1804 1458 vitam
1821 1419 2044 1470 dirigebant
2058 1432 2099 1457 se
2113 1432 2259 1469 suaque
2273 1421 2407 1459 omnia

1348 1478 1581 1530 praeceptori
1599 1478 1706 1517 velut
1725 1486 1995 1517 consecrantes
2023 1478 2066 1516 in
2096 1478 2285 1516 librorum
2315 1491 2406 1517 suo-

1348 1551 1436 1576 rum
1457 1536 1651 1576 frontibus
1675 1536 1909 1588 Pythagorae
1927 1549 2070 1575 nomen
2099 1536 2366 1576 inscribebant
2391 1552 2402 1577 ε

1348 1598 1406 1636 sic
1424 1597 1580 1636 eosdem
1611 1596 1760 1645 ferunt,
1778 1597 1812 1635 si
1846 1596 1942 1648 quid
1969 1596 2012 1634 in
2041 1596 2277 1648 disputando
2309 1611 2405 1635 con-

1351 1655 1572 1703 tenderent,
1594 1668 1715 1706 quum
1738 1667 1788 1694 ex
1815 1655 1897 1694 illis
1926 1665 2185 1706 quaereretur,
2204 1669 2324 1707 quare
2352 1657 2406 1695 ita

1348 1714 1719 1767 esset‚respondere
1750 1715 1887 1754 solitos
1910 1729 1919 1753 :
1942 1714 2029 1766 lpse
2058 1715 2160 1754 dixit
2188 1716 2284 1767 (47).
2318 1716 2406 1767 Ipse

1347 1783 1474 1813 autem
1506 1782 1589 1813 erat
1618 1773 1873 1825 Pythagoras.
1894 1773 2064 1812 'l'antum
2092 1775 2229 1825 opinio
2261 1775 2406 1827 praeju-

1349 1832 1475 1872 dicata
1506 1841 1679 1885 poterat,
1709 1842 1753 1871 ut
1792 1834 1909 1871 etiam
1949 1834 2036 1871 sine
2070 1835 2224 1872 ratione
2260 1835 2407 1872 valeret

1349 1893 1573 1932 auctoritas.
1596 1893 1691 1939 Quae
1712 1906 1772 1931 res
1799 1906 1883 1932 eam
1913 1894 1995 1932 vim
2024 1893 2179 1941 habuit,
2200 1903 2242 1932 ut
2270 1908 2404 1946 proce-

1347 1952 1463 2002 dente
1488 1961 1665 2005 tempore
1691 1953 1897 2005 paullatim
1926 1953 2103 2003 magistri
2136 1953 2289 1992 decreta
2317 1968 2403 1992 cnm

1347 2013 1630 2065 discipulorum
1661 2026 1706 2051 ac
1739 2021 1973 2052 sectatorum
2007 2013 2163 2065 placitis
2191 2014 2405 2052 confunde-

1350 2127 1408 2167 ὧν)
1435 2129 1456 2166 ἡ
1475 2127 1569 2168 ἀρχή·
1599 2127 1655 2165 Μή
1685 2127 1812 2160 &valam
1839 2127 1911 2167 (leg.
1938 2126 2114 2167 ἆναιδεὺου)
2143 2128 2263 2167 μηδενί.
2286 2129 2405 2169 -(39)

1348 2175 1482 2207 ‘rzetzoe
1500 2173 1638 2208 chiliad.
1655 2174 1711 2207 lib.
1731 2176 1776 2214 11,
1793 2179 1833 2208 55
1859 2186 1867 2206 :
1889 2175 1928 2206 '0
1953 2174 2137 2215 Πυθαγόρας
2153 2175 2204 2215 δέ,
2224 2176 2290 2211 υἱὸς
2317 2177 2404 2213 Μνη-

1349 2223 1471 2263 σάρχου
1489 2224 1545 2253 τοῦ
1562 2221 1700 2262 Σαμίου,
1719 2222 1768 2254 Οὐ
1785 2222 1879 2262 μόνον
1901 2222 2114 2263 προεγίνωσκε
2132 2222 2236 2258 καλῶς
2256 2223 2348 2259 αὐτὸς
2367 2224 2406 2254 τὰ

1348 2268 1469 2305 πάντα,
1484 2268 1575 2301 Ἀλλά
1596 2279 1632 2309 γε
1660 2269 1714 2301 καὶ
1738 2272 1804 2306 τοῖς
1826 2269 1977 2311 χρῄζουσι
2003 2269 2043 2301 τὰ
2063 2270 2214 2309 μέλλοντα
2239 2270 2406 2309 γινώσκειν

1349 2317 1577 2359 Προγνωστικὰ
1606 2317 1767 2366 κατέλειψε
1785 2316 1915 2358 διάφορα
1934 2315 2051 2358 βιόλία.
2066 2334 2107 2343 -
2128 2317 2197 2357 (40)
2218 2317 2351 2348 l‘toclus
2373 2317 2404 2349 in

1349 2365 1431 2397 Tim.
1451 2366 1556 2405 p-141
1573 2365 1627 2396 D·
1642 2358 1783 2405 καὶπρὸς
1799 2363 1937 2402 τούτοις,
1949 2362 1996 2395 ὅτι
2010 2363 2065 2395 τὸν
2078 2356 2236 2404 ὀφθαλμὸν
2254 2363 2291 2395 ἀν
2276 2365 2325 2395 να)
2327 2376 2405 2405 ογον

1350 2411 1427 2444 εἶναι
1452 2414 1498 2452 τῷ
1521 2411 1594 2453 πυρὶ
1620 2411 1776 2443 δείκνυσιν
1803 2412 1821 2442 ὁ
1851 2409 2036 2451 Πυθαγόρας
2059 2410 2090 2442 ἐν
2116 2414 2162 2451 τῷ
2188 2412 2263 2452 πρὸς
2282 2411 2405 2450 Ἀὃαριν

1349 2458 1497 2499 λόγῳ.-
1513 2458 1579 2500 (41)
1599 2458 1733 2490 Proclus
1756 2457 1787 2489 in
1811 2456 1895 2489 Tim.
1914 2465 1984 2498 pag.
2010 2460 2071 2490 2⁶9
2096 2458 2146 2489 B:
2172 2457 2293 2499 πρόεισι
2313 2459 2372 2501 γὰρ
2388 2460 2407 2491 ὁ

1349 2505 1428 2542 θεῖος
1446 2505 1593 2547 ἀριθμός,
1615 2505 1656 2541 ὥς
1676 2515 1768 2547 φησιν
1787 2505 1805 2536 ὁ
1824 2505 2036 2546 Πυθαγόρειος
2056 2505 2099 2541 εἰς
2115 2505 2210 2537 αὐτὸν
2225 2505 2331 2546 ὕμνος.
2354 2507 2403 2538 Cf.

1350 2555 1477 2592 Fragm.
1498 2552 1615 2585 Philus.
1637 2552 1701 2584 vol.
1718 2553 1731 2584 1
1751 2561 1821 2593 pag.
1838 2555 1911 2584 200.
1923 2569 1966 2575 —
1980 2552 2045 2593 (42)
2060 2552 2204 2584 AElianus
2220 2552 2260 2585 de
2275 2553 2404 2586 animal.

1350 2599 1405 2631 lib.
1418 2600 1507 2632 XVII
1517 2607 1588 2641 cap.
1597 2601 1616 2631 8
1630 2612 1637 2632 z
1651 2598 1836 2640 Πυθαγόρας
1849 2599 1881 2631 ἐν
1893 2602 1957 2636 τοῖς
1969 2599 2038 2641 περὶ
2052 2603 2106 2638 τῆς
2119 2599 2243 2642 ἐρυθρᾶς
2255 2600 2405 2639 θαλάττης

1349 2649 1431 2689 λέγει
1447 2646 1526 2689 ζῷόν
1541 2658 1571 2679 τι
1587 2646 1726 2687 γίνεσθαι
1743 2647 1810 2680 κτλ.
1825 2647 1874 2680 Cf.
1892 2655 1964 2687 cap.
1984 2652 2003 2679 9
2028 2646 2129 2680 lim—
2145 2647 2212 2689 (43)
2231 2649 2405 2680 Atheniens

1350 2695 1405 2728 lib.
1424 2696 1467 2727 lv
1482 2703 1513 2735 ρ.
1540 2696 1598 2727 18³
1620 2694 1644 2726 F
1661 2702 1668 2723 ε
1684 2693 1868 2736 Πυθαγόρας
1882 2694 1915 2727 δὲ
1928 2694 1946 2726 ὁ
1958 2694 2118 2736 γεγραφὼς
2131 2695 2200 2736 περὶ
2213 2698 2267 2734 τῆς
2281 2697 2406 2737 ἐρυθρᾶς

1349 2742 1506 2779 θαλάσσης
1530 2741 1603 2777 τοὺς
1627 2737 1852 2782 Τρωγλοδύτας
1872 2741 1947 2780 φησὶ
1973 2742 2215 2778 κατασκευάζειν
2243 2742 2298 2780 τήν
2327 2754 2404 2774 παν-

1349 2790 1460 2830 δούραν
1485 2789 1522 2821 ἐκ
1540 2791 1594 2827 τῆς
1610 2788 1642 2821 ἐν
1657 2791 1696 2830 τῇ
1714 2788 1856 2828 θαλάσση
1874 2788 2026 2830 φυομένης
2050 2789 2173 2827 δάφνης.
2195 2787 2242 2821 ld.
2258 2789 2311 2821 lll).
2330 2790 2402 2821 xlv

1350 2845 1381 2876 p.
1397 2838 1458 2869 634
1472 2838 1518 2869 A:
1537 2835 1614 2876 μετὰ
1629 2835 1663 2867 ὀὶ
1678 2838 1777 2867 ταῦτα
1787 2835 1946 2874 ζητήσεως
1959 2837 2124 2875 γενομένης
2134 2837 2203 2877 περὶ
2217 2836 2382 2877 σαμὸύκη;
2395 2860 2404 2876 ,

1350 2883 1406 2923 ἔφη
1436 2883 1454 2915 6
1481 2882 1662 2924 Μασούριος
1692 2881 1879 2923 ὀξύφθογγον
1909 2881 1987 2914 εἶναι
2017 2882 2170 2921 μουσικὸν
2198 2882 2329 2923 ὄργανον
2349 2884 2406 2921 τὴν

1349 2930 1528 2971 σαμὸὑκην,
1545 2930 1711 2972 διειλέχθαι
1726 2940 1760 2962 τε
1779 2929 1850 2971 περὶ
1867 2929 1964 2961 αὑτοῦ
1986 2929 2168 2970 Εὐφορίωνα
2183 2931 2236 2962 τὸν
2255 2931 2406 2963 ἐποποιὸν

1350 2977 1381 3010 ἐν
1396 2979 1442 3018 τῷ
1453 2976 1524 3019 περὶ
1535 2974 1694 3018 Ἰσθμίων,
1712 2978 1845 3018 χρῆσθαι
1862 2976 1961 3016 φήσας
1982 2976 2069 3017 αὐτῷ
2090 2976 2227 3018 Πάρθους
2246 2978 2298 3009 καὶ
2317 2979 2406 3019 Τρω-

1349 3024 1515 3066 γλοδύτας,
1535 3024 1731 3066 τετραχόρδῳ
1744 3025 1826 3057 ὄντι·
1841 3026 1975 3065 ἱστορεῖν
1994 3024 2027 3056 δὲ
2047 3026 2140 3056 τοῦτο
2168 3024 2353 3065 Πυθαγόραν
2374 3026 2406 3057 ἐν

1349 3074 1395 3113 τῷ
1407 3073 1476 3114 περὶ
1486 3076 1540 3111 τῆς
1556 3072 1679 3114 ἐρυθρᾶς
1698 3073 1866 3110 θαλάσσης.
1878 3091 1920 3099 -
1932 3072 1998 3112 (44)
2011 3072 2142 3104 Matalon
2153 3073 2330 3111 Chronogr.
2348 3073 2403 3107 lib.

1350 3121 1393 3152 Vl
1409 3129 1440 3161 p.
1462 3125 1517 3153 158
1528 3119 1578 3153 ed.
1596 3122 1697 3154 Bonn.
1713 3133 1719 3152 :
1738 3121 1807 3162 περὶ
1821 3120 1857 3152 οὗ
1872 3119 2011 3159 πολέμου
2024 3120 2126 3162 Κύρου
2139 3121 2265 3152 καὶτῶν
2280 3122 2405 3161 Σαμίων

1349 3167 1368 3199 ό
1384 3168 1563 3209 σοφώτατος
1589 3168 1771 3209 Πυθαγόρας
1799 3169 1817 3199 ὁ
1843 3169 1959 3207 Σάμιος
1986 3169 2221 3209 συνεγράψατο,
2241 3170 2325 3205 ὅστις
2351 3171 2403 3201 καὶ

1349 3215 1434 3247 εἶπεν
1446 3215 1540 3247 αὐτὸν
1558 3216 1661 3256 Κῦρον
1676 3214 1816 3247 τεθνάναι
1845 3214 1888 3250 εἰς
1916 3215 1970 3246 τὸν
1994 3215 2142 3255 πόλεμον,
2160 3215 2208 3246 Cf.
2239 3215 2404 3247 (tmlwmm

1349 3270 1381 3303 p.
1406 3265 1474 3295 138.
1489 3281 1531 3290 -
1544 3262 1610 3303 (45)
1632 3261 1707 3294 vid.
1726 3260 1849 3293 Fabric.
1870 3261 1947 3294 Bibl.
1962 3262 2068 3292 Graec.
2088 3260 2151 3292 vol.
2172 3262 2181 3291 Ι
2201 3270 2232 3301 p.
2254 3263 2314 3292 790
2333 3270 2402 3302 neq.

1348 3308 1399 3341 ed.
1420 3309 1507 3342 llarl.
1521 3328 1558 3336 —-
1576 3309 1643 3350 (48)
1659 3309 1802 3341 Socratis
1824 3310 1858 3341 et
1881 3308 2137 3345 Socraticorum,
2157 3308 2346 3347 ryunngorae.
2370 3311 2403 3341 ct

1351 3354 1623 3395 Pythagoreorum
1640 3364 1714 3396 quie
1731 3354 1878 3387 feriuntur
1893 3355 2038 3396 epistolam
2054 3355 2105 3386 cd.
2125 3354 2259 3386 mollius
2287 3354 2402 3395 Lipsin

1354 3404 1444 3436 1815.
1455 3402 1574 3444 --(47)
1587 3403 1699 3435 Cicero
1712 3402 1752 3435 ‹le
1770 3405 1835 3435 nat.
1849 3402 1935 3434 deor.
1950 3402 2004 3434 lil».
2021 3403 2046 3439 1.
2062 3406 2091 3433 τ».
2108 3402 2255 3434 Clemens
2269 3402 2402 3435 Ali-xan-

1351 3449 1463 3482 drinun
1479 3451 1598 3483 Sitom-
1625 3449 1681 3482 lib.
1701 3451 1730 3482 ΙΙ
1749 3458 1780 3490 p.
1805 3451 1862 3482 ¹5¹.)
1877 3460 1885 3481 t
1900 3449 2017 3481 ἄτοπον
2043 3450 2114 3485 τοὺς
2137 3447 2191 3490 μὲν
2217 3450 2401 3490 Πυθαγόρου
