2606 3828
385 238 459 271 222

420 319 618 351 CLXXXIX.
644 317 766 350 Deinde
778 317 937 350 subnectit
954 316 1037 357 teges
1053 317 1149 357 ipsas,
1167 316 1279 356 etjura
1297 316 1414 349 fatalia.

376 377 583 418 Principalem
600 377 729 417 quidem
751 376 864 416 legem,
879 384 943 415 qua
967 375 1089 407 cunctis
1104 375 1218 407 animis
1235 375 1277 407 ob
1301 374 1418 406 unifor-

376 445 461 469 mem
481 440 629 468 naturam
647 436 686 467 ad
711 435 838 467 virtutis
863 433 1111 466 vindicationem
1143 433 1327 475 aequabitis
1353 433 1417 466 {ato

377 495 527 528 tribuitur
538 494 700 535 facultas
723 496 796 526 sine
811 493 1021 534 cujusquam
1046 492 1264 534 praelatione.
1322 492 1419 525 Addit

376 554 549 587 secundam
568 554 681 594 legem,
692 562 754 594 qua
767 553 909 584 sanctum
926 552 975 584 est
991 561 1104 585 omnes
1119 553 1255 593 animas,
1272 562 1349 594 quae
1361 561 1416 586 co-

375 614 509 645 mitata·
533 612 692 645 divinum
720 619 854 652 aymen,
870 613 1102 651 spectaverint
1121 613 1344 649 aeternarum,
1367 620 1417 644 ve-

374 680 479 713 reque
505 673 746 712 existentium,
762 678 881 703 rerum
909 672 1097 711 naturam,
1125 671 1259 703 formam
1282 670 1418 704 hominis

375 730 507 762 iuduere
520 731 559 762 ad
578 729 695 762 tuenda
712 731 849 762 terrena.
894 730 966 761 Piae
985 731 1140 762 nationis
1160 730 1296 763 animal
1313 730 1418 763 homi·

375 797 448 821 nem
469 788 671 829 significans;
690 788 760 820 ideo
777 787 863 829 quod
883 787 916 820 in
939 789 1038 821 mutis
1056 788 1250 822 animalibus
1270 789 1358 822 nulla
1377 790 1418 823 sit

375 848 512 888 cognitio
530 847 569 879 de
589 849 666 879 Deo.
686 849 783 879 Porro
800 856 840 880 ex
856 847 914 888 iis,
927 856 1002 889 quae
1024 848 1145 881 ratione
1161 849 1316 882 instructa
1329 850 1416 891 sunt,

375 906 673 949 praestantissimum
686 906 816 947 quidem
832 907 948 939 animal
964 907 997 939 id
1016 916 1099 949 esse,
1114 908 1200 949 quod
1219 908 1342 956 caeteris
1355 918 1414 941 coe·

374 966 507 999 lestibus
519 965 710 998 animalibus
723 966 936 999 substantiam
947 975 986 1000 ex
998 975 1031 999 se
1043 966 1206 1008 largiatur,
1214 968 1298 1000 colat
1311 970 1417 1000 autem

374 1024 474 1064 aliud,
493 1026 595 1057 multo
616 1025 832 1067 praestantius,
853 1025 886 1058 in
905 1035 969 1067 quo
990 1026 1032 1059 sit
1048 1027 1135 1068 origo
1158 1036 1276 1059 rerum.
1322 1029 1416 1068 Sequi

374 1092 466 1125 vero,
483 1083 574 1125 quasi
602 1093 657 1125 per
674 1084 820 1118 ordinem
848 1085 1030 1127 quendam,
1047 1086 1204 1119 inferioris
1233 1087 1416 1120 eminentiae

374 1144 548 1184 potestates
566 1156 573 1175 ε
590 1152 662 1184 quae
680 1143 813 1184 singulae
831 1144 956 1185 potiora
977 1153 1114 1186 quaeque
1141 1148 1335 1178 venerentur
1355 1155 1416 1178 nu-

372 1202 471 1234 mina.
522 1203 605 1240 Quia
625 1203 722 1243 igitur
736 1203 870 1236 ultimus
887 1205 934 1236 est
950 1204 1049 1236 homo
1065 1213 1104 1237 ex
1119 1204 1181 1245 his,
1199 1214 1272 1246 quae
1298 1206 1417 1238 ratione

373 1262 520 1298 utuntur,
541 1262 745 1301 animalibus,
761 1254 943 1303 'cunctaque
959 1263 1101 1302 meliora,
1117 1264 1148 1296 et
1165 1264 1308 1305 elatiora,
1325 1273 1418 1297 vene-

374 1320 557 1360 ratur3j=1re
569 1320 728 1361 praecipua
737 1320 886 1362 religione
897 1321 1068 1362 praeditum
1083 1330 1154 1354 esse
1163 1322 1259 1354 dixit.
1272 1323 1418 1363 Cumque

373 1378 415 1411 sit
439 1378 557 1419 duplex
584 1380 700 1412 natura
716 1379 869 1421 hominis,
889 1379 988 1413 altera
1007 1381 1132 1421 melior,
1153 1382 1255 1414 altera
1275 1382 1416 1422 inferior,

373 1436 442 1478 lege
457 1446 539 1478 opus
556 1437 616 1469 suit
631 1437 737 1478 tertia,
751 1446 826 1479 quae
842 1439 973 1471 meliora
987 1439 1207 1481 distingueret.
1252 1442 1308 1473 Est
1324 1450 1418 1482 porro

373 1497 484 1528 melior
500 1505 598 1544 senus
614 1489 725 1537 virilis,
744 1497 908 1530 muliebris
926 1497 1055 1530 inferior
1062 1510 1072 1540 ;
1089 1508 1153 1531 non
1173 1508 1239 1540 quo
1255 1499 1297 1532 sit
1311 1499 1417 1540 aliqua

373 1555 405 1586 in
426 1555 540 1587 animis
562 1555 741 1588 differentia
759 1568 768 1588 ι
785 1565 849 1588 una
865 1558 914 1589 est
930 1558 1049 1598 quippe
1075 1559 1191 1590 natura
1208 1557 1286 1590 :sed
1309 1558 1416 1591 diver-

373 1613 450 1646 sitas
467 1615 573 1646 tamen
587 1614 619 1646 in
635 1623 714 1647 sexu
731 1622 801 1647 esse
816 1615 944 1656 debuit,
956 1615 1077 1648 caduca
1094 1616 1289 1650 mortalitate
1307 1620 1416 1658 partus

373 1672 680 1715 substitutionesque
692 1673 907 1707 desiderante.
921 1674 1066 1716 Denique
1081 1684 1154 1707 cum
1165 1685 1227 1708 una
1241 1677 1416 1718 eademque

373 1731 475 1764 virtus
491 1733 533 1764 sit
558 1732 656 1765 maris
672 1734 704 1765 et
722 1733 864 1773 feminae,
887 1742 1058 1775 corporum
1074 1735 1180 1767 tamen
1203 1722 1343 1775 ipsorum
1367 1736 1414 1768 di-

336 1820 342 1825 ,
373 1799 475 1823 versae
491 1791 576 1823 vires
593 1793 685 1832 sunt;
696 1801 770 1824 cum
782 1801 893 1825 eorum
910 1793 1045 1826 alterum
1062 1793 1195 1826 calidius
1210 1794 1415 1837 densiusque,

373 1849 510 1882 alterum
524 1850 565 1882 sit
578 1850 721 1891 frigidius
738 1855 770 1884 et
786 1851 900 1885 rarius.

414 1909 507 1941 CXC.
532 1909 682 1950 Sequitur
701 1909 761 1942 alia
783 1910 853 1951 lex;
871 1919 968 1951 quam
987 1911 1130 1953 designat
1147 1912 1196 1944 his
1214 1911 1317 1946 verbis
1333 1926 1340 1946 :

414 1967 529 2000 Ὁπότε
549 1968 588 2007 δὴ
603 1969 749 2010 σώμασιν
772 1969 988 2012 ἐμφυτευθεῒεν
1014 1971 1045 2008 ἐξ
1071 1972 1219 2013 ἀνάγκης,
1236 1974 1288 2005 καὶ
1308 1974 1343 2006 τὸ
1362 1973 1416 2015 μὲν

372 2027 510 2067 προσίοι,
527 2028 563 2060 τὸ
577 2028 606 2060 δ’
619 2028 707 2060 ἀπίοι
721 2031 777 2061 τοῦ
795 2030 942 2070 σώματος
955 2030 1074 2063 αὐτῶν.

418 2089 573 2129 Cumque
599 2089 806 2121 necessitate
823 2087 954 2122 decreti
980 2090 1179 2131 corporibus
1205 2093 1415 2134 inserentur,

373 2154 603 2188 corporeaque
617 2147 779 2187 supellex
795 2149 890 2180 varie
913 2149 1124 2189 mutabitur,
1139 2150 1348 2191 quibusdam
1368 2152 1416 2184 ta-

372 2204 527 2238 bentibus
543 2207 576 2238 et
590 2206 674 2238 aliis
689 2208 836 2239 invicem
852 2207 1111 2241 succedentibus
1127 2210 1302 2243 membris.

413 2264 639 2297 Necessitatem
650 2273 735 2297 nunc
748 2267 843 2298 vocat
857 2275 951 2299 usum
963 2266 1221 2308 inexcusabilem,
1233 2278 1416 2311 munusque

372 2323 635 2363 incorporationis
652 2336 660 2355 ι
678 2333 784 2365 neque
800 2324 884 2357 enim
910 2325 1002 2359 aliter
1019 2328 1165 2369 poterant
1188 2327 1254 2369 regi
1271 2330 1413 2370 terrena,

370 2382 550 2414 rationabili
569 2383 676 2415 anima
703 2386 843 2424 regente,
861 2384 921 2417 nisi
943 2386 1085 2427 corporis
1110 2386 1252 2419 adhibita
1277 2390 1414 2429 coniun-

368 2441 483 2474 ctione.
530 2444 655 2484 corpus
674 2443 761 2476 enim
779 2445 942 2477 terrenum
964 2445 1026 2478 hoc
1049 2454 1113 2478 non
1126 2446 1181 2479 diu
1196 2449 1340 2488 constat3
1358 2449 1414 2481 sed

369 2500 517 2532 torrentis
527 2509 617 2534 more
632 2501 803 2543 praecipitis
819 2507 851 2535 et
866 2503 974 2545 ipsum
990 2504 1104 2544 effluit,
1117 2506 1150 2538 et
1159 2505 1199 2538 ab
1210 2506 1414 2540 effluentibus

368 2557 551 2591 inundatur.
596 2561 676 2592 Sunt
701 2561 821 2602 quippe
848 2562 881 2594 in
907 2571 945 2595 eo
966 2564 1059 2596 multi
1088 2566 1226 2606 meatus,
1246 2566 1413 2608 multaque

372 2615 448 2648 item
465 2617 664 2658 emissacula‚
683 2621 750 2651 tam
767 2619 800 2651 in
813 2622 974 2662 promptu,
992 2623 1024 2654 et
1039 2621 1189 2663 visibilia,
1207 2632 1303 2664 quam
1319 2624 1415 2658 laten-

369 2673 412 2706 tia
423 2699 432 2715 ,
452 2678 484 2707 et
502 2684 589 2708 coeca
607 2689 615 2708 ε
636 2686 689 2717 per
706 2686 779 2718 quae
795 2677 897 2711 fertur
913 2679 1039 2721 humor,
1056 2682 1153 2722 atque
1167 2683 1310 2724 spiritus,
1327 2684 1414 2716 aliae-

373 2741 438 2772 que
458 2734 627 2774 superfluae
649 2734 790 2776 reliquiae
814 2736 895 2779 cibi,
914 2739 947 2770 et
970 2740 1063 2779 potus
1079 2751 1087 2771 ε
1103 2740 1223 2781 quibus
1243 2750 1411 2783 egressus,

369 2793 621 2826 conservationis
639 2794 825 2828 animalium
839 2806 948 2838 causa,
966 2800 1081 2832 natura
1095 2803 1278 2835 commenta
1297 2805 1364 2844 est,
1381 2807 1413 2837 et

368 2850 539 2883 adversum
560 2851 753 2885 detrimenta
781 2854 966 2896 egestionis,
988 2864 1047 2897 pro
1075 2860 1271 2900 competenti
1298 2861 1411 2902 modo,

366 2909 471 2942 vicem
495 2913 623 2951 reparat
640 2920 682 2943 ex
692 2911 825 2944 humido
835 2916 866 2945 et
876 2913 960 2946 sicco
969 2915 1089 2957 cibatu,
1101 2919 1199 2959 atque
1210 2920 1411 2953 extrinsecus

367 2968 550 3001 circumfusi
562 2969 642 3002 aeris
650 2971 865 3011 respiratione.
909 2974 1032 3007 Meatus
1044 2975 1151 3018 igitur,
1162 2977 1412 3018 ingredientibus

368 3027 530 3069 omnibus,
545 3037 602 3070 pro
636 3030 735 3062 modo
769 3040 890 3072 proque
925 3034 1143 3074 magnitudine
1163 3045 1273 3069 eorum
1298 3040 1411 3072 natura

366 3086 520 3120 fabricata
546 3089 605 3121 est.
650 3088 752 3130 quue
782 3089 886 3130 ipsum
915 3092 966 3124 est
990 3093 1075 3133 quod
1100 3094 1177 3127 dicit
1189 3095 1273 3129 idern
1288 3098 1380 3130 Plato
1400 3111 1409 3131 ι

370 3146 585 3184 Quibusdam
602 3147 802 3181 labentibus
814 3174 822 3189 ,
838 3150 870 3182 et
889 3150 971 3183 aliis
989 3153 1133 3185 invicem
1147 3139 1410 3191 succedentibus

365 3206 535 3240 membris.

411 3267 523 3299 CXCI.
546 3269 626 3300 Haec
641 3277 715 3309 erge
740 3268 792 3301 lex
809 3269 892 3302 illud
912 3270 1019 3304 effecit
1035 3273 1109 3306 ante
1128 3274 1255 3316 omnia,
1279 3285 1407 3310 sensum

369 3333 414 3356 ex
431 3326 592 3360 violentis
609 3329 828 3369 passionibus
847 3331 1010 3364 excitari.
1025 3332 1151 3366 Merito.
1196 3335 1270 3367 Vita
1292 3337 1409 3378 quippe

364 3385 433 3417 sine
453 3394 549 3419 sensu
576 3396 645 3420 esse
668 3397 731 3420 non
753 3389 869 3430 potest.
916 3390 1081 3432 Siquidem
1099 3392 1182 3425 inter
1200 3402 1254 3432 ea,
1269 3404 1344 3436 quae
1362 3396 1407 3428 vi·

367 3445 447 3476 vunt
469 3446 502 3478 et
526 3455 599 3488 quae
618 3447 687 3480 vita
713 3448 835 3490 carent,
851 3448 921 3483 haec
937 3449 989 3491 sit,
1008 3450 1133 3492 opinor,
1154 3451 1334 3487 differentia
1348 3479 1356 3495 ,
1371 3457 1407 3487 ut

1099 228 1363 269 CHALCIDU
1383 228 1796 268 COMMENTARIUS

1477 316 1617 350 sentiant
1633 317 1712 357 haec,
1725 317 1779 349 illa
1800 316 1867 349 sine
1884 324 1980 349 sensu
1999 315 2064 349 sint
2077 316 2307 358 nascentisque
2330 316 2427 351 simul
2443 326 2523 352 cum

1477 377 1543 409 vita
1571 385 1703 409 sensum
1729 376 1936 418 auspicentur
1963 376 2023 408 :et
2044 375 2077 408 in
2096 375 2216 417 dijugio
2246 377 2396 418 corporis
2427 376 2524 417 sique

1477 435 1594 469 animae
1611 437 1730 469 sentire
1748 435 1906 469 desinant.
1950 435 2045 469 Certe
2070 435 2139 468 sive
2159 435 2273 477 passio.
2291 435 2360 469 sive
2381 436 2524 478 potentia

1478 494 1547 528 sive
1559 495 1678 537 aliquis
1694 495 1833 528 affectus
1845 496 1907 536 est,
1921 503 2035 528 sensus
2049 494 2101 528 hie
2114 495 2286 528 animantis
2298 497 2349 529 est
2361 494 2523 538 proprius,

1477 564 1517 588 ex
1539 554 1680 596 corporis
1691 578 1702 596 ,
1721 555 1919 597 animaeque,
1939 555 2143 597 copulatione
2160 555 2329 588 conflatus.
2375 557 2431 588 Ex
2450 555 2522 588 uto-

1479 614 1583 647 lentis
1611 623 1687 647 vero
1713 614 1933 655 passionibus,
1956 617 2054 648 recte.
2101 616 2182 647 Nam
2209 614 2333 656 eadem,
2352 622 2391 647 ae
2415 613 2524 654 simili,

1480 673 1630 706 facilitate
1649 673 1756 706 anima
1769 674 2015 716 contemplatur;
2030 673 2258 716 contemplatio
2280 673 2400 715 quippe
2419 671 2524 706 facilis

1478 732 1615 766 intentio
1635 735 1694 766 est.
1739 734 1859 766 Sensus
1876 742 1952 766 vero
1969 733 2111 766 nascitur
2126 742 2166 767 ex
2180 732 2341 766 consortio
2357 731 2524 775 cmpos-ts,

1478 794 1576 834 atque
1596 793 1728 834 animae,
1743 793 1926 835 passionum
1944 806 1953 826 z
1975 794 2010 826 et
2027 794 2103 826 sunt
2121 793 2232 826 multae
2259 791 2402 834 corporis
2413 791 2524 834 puiss-

1478 851 1582 885 tiones
1597 852 1770 894 ejusmodi,
1788 854 1825 886 ut
1842 861 1946 894 neque
1961 853 2149 893 contingant
2163 852 2317 892 animam,
2331 851 2366 885 et
2377 859 2521 891 sensum,

1477 910 1678 952 latenterque
1700 915 1893 953 vanescant;
1916 912 2019 954 qualis
2047 914 2096 945 est
2122 912 2233 954 lapsus
2258 911 2292 944 in
2310 909 2454 944 videndo
2471 909 2524 943 vei

1477 970 1648 1003 audiendo.
1704 971 1843 1010 Quidam
1874 973 1980 1004 tamen
2006 971 2120 1012 pulsus
2152 970 2296 1012 corporis
2320 969 2525 1003 violentiores

1476 1031 1569 1070 sunt,
1588 1029 1642 1070 qui
1663 1029 1702 1061 ad
1717 1031 1856 1062 animam
1874 1038 1977 1071 usque
1993 1030 2192 1071 permanant.

1518 1090 1643 1120 exoli.
1669 1090 1723 1121 Est
1747 1097 1821 1130 ergo
1843 1097 1978 1130 sensus,
1997 1090 2113 1130 passio
2134 1089 2289 1131 corporis
2312 1087 2523 1131 quibusdam

1478 1147 1726 1187 extrapositis,
1745 1148 1779 1178 et
1806 1146 2029 1188 pulsantibus
2064 1148 2181 1188 varte;
2205 1147 2326 1181 eadem
2361 1148 2522 1189 passione

1478 1214 1588 1248 usque
1606 1205 1653 1238 ad
1668 1206 1791 1239 animae
1808 1206 1923 1239 sedem
1939 1208 2163 1240 commeante.
2207 1208 2290 1246 Quae
2303 1206 2427 1249 passio,
2441 1214 2516 1239 cum

1478 1271 1527 1299 est
1538 1267 1619 1300 lenis
1630 1268 1831 1309 moiliterque
1839 1267 1996 1310 palpando
2003 1267 2112 1309 potius
2121 1275 2218 1308 quam
2229 1266 2400 1309 pulsando,
2409 1275 2460 1299 cor
2466 1274 2525 1306 pus

1480 1329 1599 1368 movet,
1620 1328 1779 1360 consentit
1797 1327 1904 1359 anima
1924 1326 2068 1368 corporis
2098 1325 2287 1359 titillationi.
2332 1327 2438 1367 Atque
2463 1324 2525 1358 hoc

1479 1395 1580 1427 genus
1594 1396 1706 1420 sensus
1719 1388 1883 1429 voluptas
1899 1387 2159 1428 cognominatur.
2186 1387 2286 1419 Porro
2305 1385 2333 1418 si
2350 1385 2414 1418 erit
2429 1393 2523 1428 aspe-

1482 1447 1576 1480 ritate
1595 1447 1734 1488 quadam
1753 1446 1887 1488 praedita
1901 1445 2024 1487 passio,
2039 1445 2168 1479 doloris
2181 1453 2299 1478 nomen
2315 1444 2460 1486 accipiet.
2482 1445 2526 1476 ut

1481 1506 1523 1538 sit
1559 1505 1782 1547 perspicuum,
1812 1506 2031 1547 voluptatem,
2052 1513 2090 1537 ac
2109 1504 2273 1545 dolorem,
2301 1502 2423 1543 speeies
2453 1511 2525 1535 esse

1479 1573 1592 1597 sensus
1611 1578 1619 1597 ι
1637 1573 1769 1597 sensum
1788 1573 1866 1597 vero
1885 1564 2010 1606 ipsum,
2034 1572 2146 1604 genus.
2193 1562 2308 1596 Omnis
2335 1570 2430 1604 porro
2450 1561 2525 1594 talis

1477 1623 1633 1664 cupiditas
1652 1624 1751 1656 mixta
1779 1625 1828 1656 est
1854 1632 1928 1656 cum
1949 1623 2149 1664 voluptatis,
2179 1621 2372 1661 et-doioris,
2394 1620 2523 1654 affectu.

1479 1684 1782 1724 Consequenterque
1807 1691 1898 1714 amor
1923 1681 2109 1722 huiusmodi
2138 1690 2246 1713 rerum
2269 1680 2356 1714 inter
2379 1679 2522 1713 dotorem

1480 1741 1762 1782 voluptatemque,
1778 1740 1900 1782 positus
1924 1740 2098 1773 invenitur.
2143 1741 2221 1781 Spes
2252 1739 2372 1780 quippe
2400 1737 2527 1771 fruendi

1478 1800 1675 1842 voluptatem
1700 1803 1803 1842 creat⁴;
1824 1800 1936 1833 dilatio
1965 1799 2127 1832 tristitiam
2149 1807 2186 1831 ac
2216 1797 2373 1831 dolorem.
2416 1798 2525 1836 Quare

1478 1861 1624 1903 sequitur
1637 1861 1793 1894 sentiendi
1816 1861 1916 1902 legem
1937 1861 1989 1893 lex
2003 1859 2131 1892 amandi
2145 1870 2155 1901 ;
2168 1867 2268 1892 amor
2285 1868 2383 1901 porro
2396 1867 2527 1892 conser-

1478 1920 1598 1953 vationi
1630 1920 1774 1961 corporis
1803 1919 1977 1960 plurimum
2006 1918 2130 1951 confert
2150 1931 2159 1951 ε
2178 1917 2331 1960 idemque
2346 1919 2396 1951 est
2413 1918 2527 1952 auctor

1477 1979 1733 2012 successionum.
1769 1979 1860 2011 Idem
1875 1978 1983 2011 hocin
1999 1980 2056 2011 ira
2070 1986 2199 2020 quoque
2211 1977 2380 2020 reperitur,
2398 1976 2527 2019 quoties

1453 2074 1457 2077 ⁴
1479 2038 1549 2070 sine
1561 2038 1700 2077 ratione,
1715 2046 1754 2070 ac
1767 2037 1834 2070 sine
1845 2037 1968 2078 modo,
1984 2044 2238 2078 commovemur,
2253 2036 2370 2078 agresti
2382 2036 2524 2077 quodam

1477 2096 1593 2128 ardore
1619 2095 1750 2128 mentis.
1798 2095 1981 2128 Adversum
2009 2104 2108 2137 quem
2130 2095 2300 2129 instruitur
2317 2095 2425 2129 anima
2445 2096 2524 2129 cau-

1477 2154 1572 2187 tionis
1602 2154 1799 2188 salubritate.
1843 2157 1924 2193 Quae
1950 2154 2049 2187 nimia
2080 2155 2184 2196 facta,
2202 2154 2318 2188 transit
2333 2154 2374 2187 ad
2390 2156 2524 2196 sormi-

1477 2213 1571 2246 dinis
1598 2214 1724 2246 vitium.
1767 2216 1878 2255 ltaque
1905 2222 1980 2246 cum
2007 2213 2106 2246 animi
2131 2213 2234 2255 vigor,
2252 2208 2524 2255 qui,factus'im-

1476 2273 1685 2314 moderatior,
1706 2282 1892 2315 progressus
1905 2276 1954 2306 est
1969 2272 2010 2306 ad
2032 2273 2208 2306 iracundioe
2225 2268 2361 2306 limitem
2370 2297 2380 2314 ,
2393 2274 2427 2306 et
2444 2266 2521 2306 item

1476 2332 1581 2365 cautio
1604 2333 1645 2365 sit
1661 2332 1778 2364 animae
1802 2331 1876 2365 data
1904 2332 1948 2364 ob
1972 2331 2106 2365 tutelam
2123 2331 2285 2373 corporis,
2313 2331 2526 2365 immoderate

1476 2391 1648 2424 crescentia
1670 2390 1857 2431 perturbant
1877 2390 2035 2430 animum,
2051 2389 2160 2432 potius
2178 2398 2276 2431 quam
2293 2391 2416 2430 regunt.

1516 2451 1661 2483 cxclu.
1685 2450 1772 2482 Ὅσα
1795 2461 1829 2482 τε
1864 2449 2001 2491 ἑπόμενα
2023 2449 2128 2488 αὐτοῖς
2151 2449 2207 2482 καὶ
2235 2448 2342 2484 ὁπόσα
2377 2448 2523 2488 ἐναντίως

1474 2509 1589 2549 πέφυκε
1607 2508 1771 2540 διεστῶτα·
1790 2507 1862 2540 ἔνθα
1890 2508 1943 2542 καὶ
1959 2508 2002 2546 εἰς
2025 2507 2131 2549 θηρίου
2145 2507 2213 2550 βίον
2235 2498 2411 2550 ἀνθρωπίνή
2426 2504 2514 2556 ψυχὴ

1478 2568 1661 2609 ἀφικνεῖται.
1683 2575 1707 2588 “-
2444 2569 2447 2571 ’

1523 2628 1754 2669 σωίεναεᾳιιε,
1770 2626 1888 2668 iuquit,
1902 2626 2126 2668 pedissequas
2149 2627 2272 2661 earum
2289 2625 2522 2669 perturbatio·

1477 2694 1536 2718 nes
1548 2685 1682 2719 diverso
1690 2685 1827 2726 affectu
1838 2694 1901 2727 pro
1912 2688 2044 2719 natura
2052 2694 2120 2719 sua
2125 2687 2380 2728 permoveretur,-
2389 2685 2523 2728 quoad-

1475 2753 1586 2788 usque
1599 2754 1774 2787 conqruas
1793 2747 2005 2778 immanium
2014 2745 2180 2786 serarum
2200 2744 2356 2779 induant
2365 2744 2520 2787 formas.
2540 2743 2545 2748 '

1519 2805 1747 2847 pedissequas
1765 2804 1896 2846 quidem
1909 2805 2113 2846 cupiditati,
2132 2804 2312 2847 dolorique
2326 2805 2476 2846 cognatas
2488 2806 2522 2838 et

1473 2869 1701 2898 consentaneas
1717 2863 1894 2906 passiones,
1908 2864 2164 2905 simulationem,
2175 2863 2263 2906 dicit,
2277 2863 2445 2907 invidiam,
2459 2863 2520 2897 ob·

1471 2926 1715 2967 trectationem,
1733 2927 1763 2958 et
1786 2930 1902 2958 caetera
1930 2924 2114 2965 hujusmodi
2122 2937 2133 2967 ;
2158 2925 2335 2967 volupmu
2362 2932 2458 2966 vero,
2486 2924 2520 2957 in

1473 2986 1586 3019 alienis
1613 2985 1707 3018 malis
1731 2984 1906 3027 gaudium,
1929 2983 2139 3025 iactantiam,
2167 2982 2278 3025 glorias
2310 2983 2485 3020 vanitatem
2506 2995 2516 3016 ε

1471 3046 1582 3078 metui
1599 3039 1707 3086 porro,
1722 3044 1842 3085 fugam,
1859 3042 2082 3075 formidinem:
2092 3041 2286 3083 iracundiae
2296 3041 2516 3082 nihilominus,

1470 3104 1646 3146 saevitiam,
1661 3103 1840 3147 feritatem,
1860 3102 2016 3143 calorem,
2032 3109 2168 3143 quaeque
2184 3100 2235 3133 his
2252 3101 2328 3133 sunt
2353 3101 2513 3143 proxima.

1473 3165 1626 3201 Diverso,
1643 3163 1759 3206 inquit,
1772 3162 1890 3196 affectu
1899 3170 1966 3204 pro
1980 3163 2115 3194 natura
2131 3168 2200 3194 sua
2208 3162 2461 3202 per-moventes,
2479 3169 2518 3193 ea

1470 3221 1642 3262 videlicet,
1659 3230 1734 3263 quae
1754 3222 1831 3254 sunt
1860 3219 1911 3253 his
1938 3219 2016 3261 ipsis
2045 3219 2206 3252 contraria
2234 3218 2391 3251 virtutum
2418 3224 2516 3253 orna-

1470 3282 1595 3322 menta,
1609 3290 1684 3323 quae
1700 3280 1876 3314 virtutibus
1895 3279 1990 3313 fiunt.
2037 3281 2120 3317 Quae
2133 3276 2274 3320 quidem
2289 3278 2378 3310 vitia
2395 3277 2427 3309 st
2439 3275 2512 3318 sre-

1469 3343 1615 3380 narent,
1646 3341 1768 3381 inquit,
1808 3339 1948 3380 justam
1982 3339 2031 3371 eis
2069 3337 2249 3378 leuemque
2285 3337 2397 3369 vitam
2424 3335 2512 3373 sore.

1468 3400 1594 3441 Aperte,
1606 3403 1638 3432 et
1650 3400 1707 3441 ita,
1720 3401 1756 3432 ut
1770 3399 1916 3431 dubitare
1927 3404 2137 3439 nequeamus,
2152 3395 2201 3428 sui
2220 3395 2300 3436 juris
2310 3403 2381 3428 osse
2392 3393 2521 3442 animas·
2587 3384 2589 3387 ⁴

1468 3456 1560 3489 docet
1574 3459 1603 3489 in
1617 3458 1762 3499 delectu,
1775 3461 1872 3499 atque
1886 3457 2026 3499 optione·
