<?xml version="1.0" encoding="UTF-8"?>
<!DOCTYPE html PUBLIC "-//W3C//DTD XHTML 1.0 Transitional//EN"
    "http://www.w3.org/TR/xhtml1/DTD/xhtml1-transitional.dtd">
<html xmlns="http://www.w3.org/1999/xhtml" xml:lang="en" lang="en">
 <head>
  <title>
</title>
<meta http-equiv="Content-Type" content="text/html;charset=utf-8" />
  <meta name='ocr-system' content='tesseract 3.04.00' />
  <meta name='ocr-capabilities' content='ocr_page ocr_carea ocr_par ocr_line ocrx_word'/>
</head>
<body>
  <div class='ocr_page' id='page_1' title='image "./fragmentaphiloso02mulluoft_0350.png"; bbox 0 0 2606 3828; ppageno 0'>
   <div class='ocr_carea' id='block_1_1' title="bbox 290 277 1659 341">
    <p class='ocr_par' dir='ltr' id='par_1_1' title="bbox 290 277 1659 341">
     <span class='ocr_line' id='line_1_1' title="bbox 290 277 1659 341; baseline -0.019 0"><span class='ocrx_word' id='word_1_1' title='bbox 290 309 364 341; x_wconf 72' lang='lat'>242</span> <span class='ocrx_word' id='word_1_2' title='bbox 966 284 1225 326; x_wconf 82' lang='lat' dir='ltr'>CllALClDlt</span> <span class='ocrx_word' id='word_1_3' title='bbox 1254 280 1400 320; x_wconf 81' lang='lat' dir='ltr'><strong>COMM</strong></span> <span class='ocrx_word' id='word_1_4' title='bbox 1410 277 1659 318; x_wconf 60' lang='lat' dir='ltr'>ENTAulUS</span> 
     </span>
    </p>
   </div>
   <div class='ocr_carea' id='block_1_2' title="bbox 283 369 1345 3546">
    <p class='ocr_par' dir='ltr' id='par_1_2' title="bbox 283 369 1331 2070">
     <span class='ocr_line' id='line_1_2' title="bbox 285 369 1322 427; baseline -0.021 -5"><span class='ocrx_word' id='word_1_5' title='bbox 285 389 520 427; x_wconf 76' lang='lat' dir='ltr'>convalescere,</span> <span class='ocrx_word' id='word_1_6' title='bbox 541 386 619 419; x_wconf 86' lang='lat' dir='ltr'>tunc</span> <span class='ocrx_word' id='word_1_7' title='bbox 647 383 731 424; x_wconf 87' lang='lat' dir='ltr'>quod</span> <span class='ocrx_word' id='word_1_8' title='bbox 754 382 805 421; x_wconf 82' lang='lat' dir='ltr'>tit,</span> <span class='ocrx_word' id='word_1_9' title='bbox 826 389 865 410; x_wconf 83' lang='lat' dir='ltr'>ex</span> <span class='ocrx_word' id='word_1_10' title='bbox 888 375 1054 413; x_wconf 85' lang='lat' dir='ltr'>accidenti,</span> <span class='ocrx_word' id='word_1_11' title='bbox 1077 372 1151 413; x_wconf 84' lang='lat' dir='ltr'>quia</span> <span class='ocrx_word' id='word_1_12' title='bbox 1174 369 1322 412; x_wconf 86' lang='lat' dir='ltr'>provenit</span> 
     </span>
     <span class='ocr_line' id='line_1_3' title="bbox 287 430 1322 480; baseline -0.021 0"><span class='ocrx_word' id='word_1_13' title='bbox 287 452 322 480; x_wconf 81' lang='lat' dir='ltr'>ut</span> <span class='ocrx_word' id='word_1_14' title='bbox 341 447 555 480; x_wconf 76' lang='lat' dir='ltr'>convalescat.</span> <span class='ocrx_word' id='word_1_15' title='bbox 602 446 710 480; x_wconf 80' lang='lat' dir='ltr'>Porro,</span> <span class='ocrx_word' id='word_1_16' title='bbox 734 449 806 472; x_wconf 86' lang='lat' dir='ltr'>cum</span> <span class='ocrx_word' id='word_1_17' title='bbox 829 436 979 476; x_wconf 76' lang='lat' dir='ltr'>aegrotare</span> <span class='ocrx_word' id='word_1_18' title='bbox 1002 441 1076 464; x_wconf 84' lang='lat' dir='ltr'>eum</span> <span class='ocrx_word' id='word_1_19' title='bbox 1096 430 1251 468; x_wconf 76' lang='lat' dir='ltr'>dicimus,</span> <span class='ocrx_word' id='word_1_20' title='bbox 1273 437 1322 459; x_wconf 87' lang='lat' dir='ltr'>se-</span> 
     </span>
     <span class='ocr_line' id='line_1_4' title="bbox 285 486 1319 542; baseline -0.022 -2"><span class='ocrx_word' id='word_1_21' title='bbox 285 506 424 540; x_wconf 85' lang='lat' dir='ltr'>cundum</span> <span class='ocrx_word' id='word_1_22' title='bbox 442 509 584 537; x_wconf 80' lang='lat' dir='ltr'>naturam</span> <span class='ocrx_word' id='word_1_23' title='bbox 603 501 732 542; x_wconf 77' lang='lat' dir='ltr'>patitur.</span> <span class='ocrx_word' id='word_1_24' title='bbox 777 500 930 533; x_wconf 78' lang='lat' dir='ltr'><strong>Rursum,</strong></span> <span class='ocrx_word' id='word_1_25' title='bbox 947 501 1021 525; x_wconf 90' lang='lat' dir='ltr'>cum</span> <span class='ocrx_word' id='word_1_26' title='bbox 1045 489 1196 526; x_wconf 84' lang='lat' dir='ltr'>dicimus,</span> <span class='ocrx_word' id='word_1_27' title='bbox 1211 486 1319 519; x_wconf 83' lang='lat' dir='ltr'>candi-</span> 
     </span>
     <span class='ocr_line' id='line_1_5' title="bbox 285 543 1320 603; baseline -0.016 -6"><span class='ocrx_word' id='word_1_28' title='bbox 285 565 362 596; x_wconf 86' lang='lat' dir='ltr'>dum</span> <span class='ocrx_word' id='word_1_29' title='bbox 375 562 451 596; x_wconf 89' lang='lat' dir='ltr'>illud</span> <span class='ocrx_word' id='word_1_30' title='bbox 469 560 586 603; x_wconf 87' lang='lat' dir='ltr'>pedalis</span> <span class='ocrx_word' id='word_1_31' title='bbox 602 564 757 590; x_wconf 82' lang='lat' dir='ltr'>mensura:</span> <span class='ocrx_word' id='word_1_32' title='bbox 771 550 946 591; x_wconf 87' lang='lat' dir='ltr'>corrumpi,</span> <span class='ocrx_word' id='word_1_33' title='bbox 967 548 1041 590; x_wconf 79' lang='lat' dir='ltr'>quia</span> <span class='ocrx_word' id='word_1_34' title='bbox 1058 546 1265 580; x_wconf 68' lang='lat' dir='ltr'>convertatur</span> <span class='ocrx_word' id='word_1_35' title='bbox 1288 543 1320 575; x_wconf 75' lang='lat' dir='ltr'>in</span> 
     </span>
     <span class='ocr_line' id='line_1_6' title="bbox 286 606 1322 663; baseline -0.02 -8"><span class='ocrx_word' id='word_1_36' title='bbox 286 621 480 663; x_wconf 79' lang='lat' dir='ltr'><strong>nigredinem</strong></span> <span class='ocrx_word' id='word_1_37' title='bbox 503 633 511 652; x_wconf 84' lang='lat'>:</span> <span class='ocrx_word' id='word_1_38' title='bbox 535 619 594 650; x_wconf 81' lang='lat' dir='ltr'>lioc</span> <span class='ocrx_word' id='word_1_39' title='bbox 610 626 647 649; x_wconf 90' lang='lat' dir='ltr'>ex</span> <span class='ocrx_word' id='word_1_40' title='bbox 675 611 828 646; x_wconf 81' lang='lat' dir='ltr'>accidenti</span> <span class='ocrx_word' id='word_1_41' title='bbox 851 609 918 641; x_wconf 81' lang='lat' dir='ltr'>fieri</span> <span class='ocrx_word' id='word_1_42' title='bbox 935 607 1086 639; x_wconf 81' lang='lat' dir='ltr'><strong>dicimus.</strong></span> <span class='ocrx_word' id='word_1_43' title='bbox 1137 606 1221 637; x_wconf 88' lang='lat' dir='ltr'>Cum</span> <span class='ocrx_word' id='word_1_44' title='bbox 1246 611 1322 635; x_wconf 82' lang='lat' dir='ltr'>vero</span> 
     </span>
     <span class='ocr_line' id='line_1_7' title="bbox 287 662 1321 718; baseline -0.02 -3"><span class='ocrx_word' id='word_1_45' title='bbox 287 680 458 714; x_wconf 87' lang='lat' dir='ltr'>candidum</span> <span class='ocrx_word' id='word_1_46' title='bbox 484 677 765 718; x_wconf 78' lang='lat' dir='ltr'>cognominamus,</span> <span class='ocrx_word' id='word_1_47' title='bbox 787 671 933 702; x_wconf 82' lang='lat' dir='ltr'>naturam</span> <span class='ocrx_word' id='word_1_48' title='bbox 956 667 1024 708; x_wconf 81' lang='lat' dir='ltr'>ejus</span> <span class='ocrx_word' id='word_1_49' title='bbox 1042 665 1265 707; x_wconf 84' lang='lat' dir='ltr'>exprimimus.</span> <span class='ocrx_word' id='word_1_50' title='bbox 1289 662 1321 694; x_wconf 86' lang='lat' dir='ltr'>Si</span> 
     </span>
     <span class='ocr_line' id='line_1_8' title="bbox 286 721 1322 782; baseline -0.02 -9"><span class='ocrx_word' id='word_1_51' title='bbox 286 741 382 782; x_wconf 83' lang='lat' dir='ltr'>igilur</span> <span class='ocrx_word' id='word_1_52' title='bbox 402 738 538 770; x_wconf 86' lang='lat' dir='ltr'>dicimus</span> <span class='ocrx_word' id='word_1_53' title='bbox 550 760 559 776; x_wconf 92' lang='lat'>,</span> <span class='ocrx_word' id='word_1_54' title='bbox 582 734 674 767; x_wconf 87' lang='lat' dir='ltr'>eliam</span> <span class='ocrx_word' id='word_1_55' title='bbox 694 732 734 763; x_wconf 90' lang='lat' dir='ltr'>de</span> <span class='ocrx_word' id='word_1_56' title='bbox 753 739 817 762; x_wconf 87' lang='lat' dir='ltr'>non</span> <span class='ocrx_word' id='word_1_57' title='bbox 833 727 1004 760; x_wconf 75' lang='lat' dir='ltr'>exsistente</span> <span class='ocrx_word' id='word_1_58' title='bbox 1020 724 1087 758; x_wconf 85' lang='lat' dir='ltr'>lieri</span> <span class='ocrx_word' id='word_1_59' title='bbox 1102 722 1244 764; x_wconf 90' lang='lat' dir='ltr'>aliquid,</span> <span class='ocrx_word' id='word_1_60' title='bbox 1260 721 1322 753; x_wconf 89' lang='lat' dir='ltr'>du—</span> 
     </span>
     <span class='ocr_line' id='line_1_9' title="bbox 286 779 1321 840; baseline -0.019 -9"><span class='ocrx_word' id='word_1_61' title='bbox 286 798 410 840; x_wconf 82' lang='lat' dir='ltr'>pliciter</span> <span class='ocrx_word' id='word_1_62' title='bbox 423 796 556 827; x_wconf 80' lang='lat' dir='ltr'>dicimus</span> <span class='ocrx_word' id='word_1_63' title='bbox 573 801 635 825; x_wconf 91' lang='lat' dir='ltr'>non</span> <span class='ocrx_word' id='word_1_64' title='bbox 649 791 811 826; x_wconf 83' lang='lat' dir='ltr'>exsistere,</span> <span class='ocrx_word' id='word_1_65' title='bbox 829 786 925 819; x_wconf 90' lang='lat' dir='ltr'>semel</span> <span class='ocrx_word' id='word_1_66' title='bbox 938 785 1030 825; x_wconf 80' lang='lat' dir='ltr'>juxta</span> <span class='ocrx_word' id='word_1_67' title='bbox 1049 786 1218 822; x_wconf 90' lang='lat' dir='ltr'>naturam,</span> <span class='ocrx_word' id='word_1_68' title='bbox 1237 779 1321 821; x_wconf 90' lang='lat' dir='ltr'>quod</span> 
     </span>
     <span class='ocr_line' id='line_1_10' title="bbox 287 842 1323 898; baseline -0.018 -7"><span class='ocrx_word' id='word_1_69' title='bbox 287 860 334 891; x_wconf 88' lang='lat' dir='ltr'>est</span> <span class='ocrx_word' id='word_1_70' title='bbox 350 855 555 898; x_wconf 84' lang='lat' dir='ltr'>impossibile,</span> <span class='ocrx_word' id='word_1_71' title='bbox 574 853 610 884; x_wconf 91' lang='lat' dir='ltr'>ut</span> <span class='ocrx_word' id='word_1_72' title='bbox 625 850 709 892; x_wconf 90' lang='lat' dir='ltr'>quod</span> <span class='ocrx_word' id='word_1_73' title='bbox 724 856 883 890; x_wconf 84' lang='lat' dir='ltr'>nusquam</span> <span class='ocrx_word' id='word_1_74' title='bbox 898 845 1028 878; x_wconf 90' lang='lat' dir='ltr'>omniuo</span> <span class='ocrx_word' id='word_1_75' title='bbox 1044 843 1186 885; x_wconf 81' lang='lat' dir='ltr'>gentium</span> <span class='ocrx_word' id='word_1_76' title='bbox 1202 842 1264 883; x_wconf 88' lang='lat' dir='ltr'>est,</span> <span class='ocrx_word' id='word_1_77' title='bbox 1283 849 1323 873; x_wconf 86' lang='lat' dir='ltr'>ex</span> 
     </span>
     <span class='ocr_line' id='line_1_11' title="bbox 287 901 1322 956; baseline -0.016 -7"><span class='ocrx_word' id='word_1_78' title='bbox 287 927 324 949; x_wconf 91' lang='lat' dir='ltr'>eo</span> <span class='ocrx_word' id='word_1_79' title='bbox 339 915 456 956; x_wconf 88' lang='lat' dir='ltr'>aliquid</span> <span class='ocrx_word' id='word_1_80' title='bbox 474 914 528 945; x_wconf 86' lang='lat' dir='ltr'>liat</span> <span class='ocrx_word' id='word_1_81' title='bbox 544 911 629 952; x_wconf 91' lang='lat' dir='ltr'>quod</span> <span class='ocrx_word' id='word_1_82' title='bbox 650 910 713 950; x_wconf 88' lang='lat' dir='ltr'>sit;</span> <span class='ocrx_word' id='word_1_83' title='bbox 730 909 844 941; x_wconf 89' lang='lat' dir='ltr'>iterum</span> <span class='ocrx_word' id='word_1_84' title='bbox 863 915 903 944; x_wconf 75' lang='lat' dir='ltr'>ex</span> <span class='ocrx_word' id='word_1_85' title='bbox 925 903 1082 937; x_wconf 88' lang='lat' dir='ltr'>accidenti</span> <span class='ocrx_word' id='word_1_86' title='bbox 1100 901 1237 935; x_wconf 83' lang='lat' dir='ltr'>dicimus</span> <span class='ocrx_word' id='word_1_87' title='bbox 1256 909 1322 933; x_wconf 89' lang='lat' dir='ltr'>non</span> 
     </span>
     <span class='ocr_line' id='line_1_12' title="bbox 286 958 1321 1011; baseline -0.016 -4"><span class='ocrx_word' id='word_1_88' title='bbox 286 958 451 1011; x_wconf 74' lang='lat' dir='ltr'>exsistere,</span> <span class='ocrx_word' id='word_1_89' title='bbox 463 980 533 1004; x_wconf 84' lang='lat' dir='ltr'>cum</span> <span class='ocrx_word' id='word_1_90' title='bbox 550 969 634 1011; x_wconf 88' lang='lat' dir='ltr'>quod</span> <span class='ocrx_word' id='word_1_91' title='bbox 650 968 684 1000; x_wconf 83' lang='lat' dir='ltr'>fit</span> <span class='ocrx_word' id='word_1_92' title='bbox 694 967 785 999; x_wconf 88' lang='lat' dir='ltr'>aliter</span> <span class='ocrx_word' id='word_1_93' title='bbox 797 975 832 998; x_wconf 90' lang='lat' dir='ltr'>se</span> <span class='ocrx_word' id='word_1_94' title='bbox 844 964 973 997; x_wconf 84' lang='lat' dir='ltr'>habebit</span> <span class='ocrx_word' id='word_1_95' title='bbox 983 987 993 1005; x_wconf 90' lang='lat'>‚</span> <span class='ocrx_word' id='word_1_96' title='bbox 1007 971 1104 1004; x_wconf 86' lang='lat' dir='ltr'>quam</span> <span class='ocrx_word' id='word_1_97' title='bbox 1118 961 1187 994; x_wconf 88' lang='lat' dir='ltr'>erat</span> <span class='ocrx_word' id='word_1_98' title='bbox 1205 960 1296 992; x_wconf 85' lang='lat' dir='ltr'>antea</span> <span class='ocrx_word' id='word_1_99' title='bbox 1313 971 1321 990; x_wconf 87' lang='lat'>:</span> 
     </span>
     <span class='ocr_line' id='line_1_13' title="bbox 286 1019 1321 1072; baseline -0.015 -6"><span class='ocrx_word' id='word_1_100' title='bbox 286 1036 317 1066; x_wconf 86' lang='lat' dir='ltr'>et</span> <span class='ocrx_word' id='word_1_101' title='bbox 337 1033 387 1065; x_wconf 88' lang='lat' dir='ltr'>cui</span> <span class='ocrx_word' id='word_1_102' title='bbox 409 1031 478 1072; x_wconf 88' lang='lat' dir='ltr'>plus</span> <span class='ocrx_word' id='word_1_103' title='bbox 498 1029 620 1063; x_wconf 81' lang='lat' dir='ltr'>accidit,</span> <span class='ocrx_word' id='word_1_104' title='bbox 640 1036 737 1068; x_wconf 89' lang='lat' dir='ltr'>quam</span> <span class='ocrx_word' id='word_1_105' title='bbox 751 1034 770 1057; x_wconf 87' lang='lat' dir='ltr'>a</span> <span class='ocrx_word' id='word_1_106' title='bbox 791 1027 905 1057; x_wconf 90' lang='lat' dir='ltr'>natura</span> <span class='ocrx_word' id='word_1_107' title='bbox 917 1023 1074 1056; x_wconf 88' lang='lat' dir='ltr'>tributum</span> <span class='ocrx_word' id='word_1_108' title='bbox 1095 1021 1145 1054; x_wconf 91' lang='lat' dir='ltr'>est</span> <span class='ocrx_word' id='word_1_109' title='bbox 1162 1029 1171 1050; x_wconf 81' lang='lat' dir='ltr'><strong><em>z</em></strong></span> <span class='ocrx_word' id='word_1_110' title='bbox 1188 1020 1225 1052; x_wconf 89' lang='lat' dir='ltr'>ut</span> <span class='ocrx_word' id='word_1_111' title='bbox 1239 1019 1266 1051; x_wconf 87' lang='lat' dir='ltr'>si</span> <span class='ocrx_word' id='word_1_112' title='bbox 1282 1027 1321 1051; x_wconf 85' lang='lat' dir='ltr'>ex</span> 
     </span>
     <span class='ocr_line' id='line_1_14' title="bbox 286 1074 1325 1122; baseline -0.013 0"><span class='ocrx_word' id='word_1_113' title='bbox 286 1090 411 1122; x_wconf 77' lang='lat' dir='ltr'>informi</span> <span class='ocrx_word' id='word_1_114' title='bbox 439 1096 542 1119; x_wconf 87' lang='lat' dir='ltr'>massa</span> <span class='ocrx_word' id='word_1_115' title='bbox 566 1086 638 1118; x_wconf 77' lang='lat' dir='ltr'>oeris</span> <span class='ocrx_word' id='word_1_116' title='bbox 655 1074 866 1117; x_wconf 81' lang='lat' dir='ltr'>simulacrum</span> <span class='ocrx_word' id='word_1_117' title='bbox 884 1082 950 1114; x_wconf 84' lang='lat' dir='ltr'>fiat.</span> <span class='ocrx_word' id='word_1_118' title='bbox 1000 1079 1186 1113; x_wconf 78' lang='lat' dir='ltr'>Informitas</span> <span class='ocrx_word' id='word_1_119' title='bbox 1207 1077 1325 1119; x_wconf 89' lang='lat' dir='ltr'>quippe</span> 
     </span>
     <span class='ocr_line' id='line_1_15' title="bbox 286 1136 1325 1184; baseline -0.013 -4"><span class='ocrx_word' id='word_1_120' title='bbox 286 1149 358 1181; x_wconf 79' lang='lat' dir='ltr'>aeris</span> <span class='ocrx_word' id='word_1_121' title='bbox 378 1157 415 1179; x_wconf 90' lang='lat' dir='ltr'>ex</span> <span class='ocrx_word' id='word_1_122' title='bbox 435 1149 547 1179; x_wconf 87' lang='lat' dir='ltr'>natura</span> <span class='ocrx_word' id='word_1_123' title='bbox 567 1148 633 1184; x_wconf 86' lang='lat' dir='ltr'>est;</span> <span class='ocrx_word' id='word_1_124' title='bbox 651 1145 760 1176; x_wconf 79' lang='lat' dir='ltr'>sormae</span> <span class='ocrx_word' id='word_1_125' title='bbox 780 1150 856 1175; x_wconf 89' lang='lat' dir='ltr'>vero</span> <span class='ocrx_word' id='word_1_126' title='bbox 874 1139 1053 1182; x_wconf 83' lang='lat' dir='ltr'>impressio,</span> <span class='ocrx_word' id='word_1_127' title='bbox 1072 1147 1169 1180; x_wconf 84' lang='lat' dir='ltr'>quam</span> <span class='ocrx_word' id='word_1_128' title='bbox 1190 1136 1325 1177; x_wconf 87' lang='lat' dir='ltr'>imponit</span> 
     </span>
     <span class='ocr_line' id='line_1_16' title="bbox 286 1194 1325 1248; baseline -0.013 -10"><span class='ocrx_word' id='word_1_129' title='bbox 286 1207 402 1248; x_wconf 79' lang='lat' dir='ltr'>opifex,</span> <span class='ocrx_word' id='word_1_130' title='bbox 422 1205 461 1237; x_wconf 76' lang='lat' dir='ltr'>(le</span> <span class='ocrx_word' id='word_1_131' title='bbox 477 1213 540 1236; x_wconf 85' lang='lat' dir='ltr'>non</span> <span class='ocrx_word' id='word_1_132' title='bbox 554 1202 721 1236; x_wconf 82' lang='lat' dir='ltr'>exsistenti</span> <span class='ocrx_word' id='word_1_133' title='bbox 742 1199 889 1242; x_wconf 84' lang='lat' dir='ltr'>provenit</span> <span class='ocrx_word' id='word_1_134' title='bbox 908 1212 914 1231; x_wconf 92' lang='lat'>:</span> <span class='ocrx_word' id='word_1_135' title='bbox 934 1199 1165 1240; x_wconf 85' lang='lat' dir='ltr'>proptereaque</span> <span class='ocrx_word' id='word_1_136' title='bbox 1184 1204 1223 1228; x_wconf 90' lang='lat' dir='ltr'>ex</span> <span class='ocrx_word' id='word_1_137' title='bbox 1244 1194 1325 1226; x_wconf 70' lang='lat' dir='ltr'>acci-</span> 
     </span>
     <span class='ocr_line' id='line_1_17' title="bbox 284 1257 1327 1304; baseline -0.012 -7"><span class='ocrx_word' id='word_1_138' title='bbox 284 1265 370 1298; x_wconf 85' lang='lat' dir='ltr'>denti</span> <span class='ocrx_word' id='word_1_139' title='bbox 390 1264 505 1296; x_wconf 90' lang='lat' dir='ltr'>dicitur</span> <span class='ocrx_word' id='word_1_140' title='bbox 519 1262 695 1304; x_wconf 84' lang='lat' dir='ltr'>provenire.</span> <span class='ocrx_word' id='word_1_141' title='bbox 710 1260 792 1293; x_wconf 84' lang='lat' dir='ltr'>Fieri</span> <span class='ocrx_word' id='word_1_142' title='bbox 806 1258 891 1291; x_wconf 90' lang='lat' dir='ltr'>enim</span> <span class='ocrx_word' id='word_1_143' title='bbox 906 1259 1022 1299; x_wconf 82' lang='lat' dir='ltr'>potest,</span> <span class='ocrx_word' id='word_1_144' title='bbox 1036 1257 1072 1288; x_wconf 92' lang='lat' dir='ltr'>ut</span> <span class='ocrx_word' id='word_1_145' title='bbox 1084 1264 1124 1288; x_wconf 91' lang='lat' dir='ltr'>ex</span> <span class='ocrx_word' id='word_1_146' title='bbox 1142 1263 1181 1287; x_wconf 92' lang='lat' dir='ltr'>eo</span> <span class='ocrx_word' id='word_1_147' title='bbox 1199 1262 1327 1295; x_wconf 88' lang='lat' dir='ltr'>quoque</span> 
     </span>
     <span class='ocr_line' id='line_1_18' title="bbox 284 1313 1329 1366; baseline -0.011 -10"><span class='ocrx_word' id='word_1_148' title='bbox 284 1324 369 1366; x_wconf 92' lang='lat' dir='ltr'>quod</span> <span class='ocrx_word' id='word_1_149' title='bbox 388 1324 436 1355; x_wconf 87' lang='lat' dir='ltr'>est</span> <span class='ocrx_word' id='word_1_150' title='bbox 451 1323 505 1354; x_wconf 86' lang='lat' dir='ltr'>liat</span> <span class='ocrx_word' id='word_1_151' title='bbox 524 1321 609 1354; x_wconf 89' lang='lat' dir='ltr'>aliud</span> <span class='ocrx_word' id='word_1_152' title='bbox 627 1320 714 1362; x_wconf 89' lang='lat' dir='ltr'>quod</span> <span class='ocrx_word' id='word_1_153' title='bbox 727 1320 767 1352; x_wconf 90' lang='lat' dir='ltr'>sit</span> <span class='ocrx_word' id='word_1_154' title='bbox 786 1332 794 1350; x_wconf 75' lang='lat' dir='ltr'><strong><em>z</em></strong></span> <span class='ocrx_word' id='word_1_155' title='bbox 815 1317 870 1350; x_wconf 90' lang='lat' dir='ltr'>sed</span> <span class='ocrx_word' id='word_1_156' title='bbox 885 1317 947 1349; x_wconf 85' lang='lat' dir='ltr'>boc</span> <span class='ocrx_word' id='word_1_157' title='bbox 961 1317 1010 1348; x_wconf 88' lang='lat' dir='ltr'>est</span> <span class='ocrx_word' id='word_1_158' title='bbox 1027 1324 1066 1347; x_wconf 90' lang='lat' dir='ltr'>ex</span> <span class='ocrx_word' id='word_1_159' title='bbox 1086 1313 1243 1346; x_wconf 89' lang='lat' dir='ltr'>accidenti</span> <span class='ocrx_word' id='word_1_160' title='bbox 1261 1321 1269 1341; x_wconf 72' lang='grc' dir='ltr'><strong>ε</strong></span> <span class='ocrx_word' id='word_1_161' title='bbox 1293 1315 1329 1345; x_wconf 91' lang='lat' dir='ltr'>ut</span> 
     </span>
     <span class='ocr_line' id='line_1_19' title="bbox 283 1376 1323 1424; baseline -0.011 -7"><span class='ocrx_word' id='word_1_162' title='bbox 283 1385 309 1417; x_wconf 89' lang='lat' dir='ltr'>si</span> <span class='ocrx_word' id='word_1_163' title='bbox 325 1385 374 1416; x_wconf 90' lang='lat' dir='ltr'>cui</span> <span class='ocrx_word' id='word_1_164' title='bbox 395 1383 600 1424; x_wconf 82' lang='lat' dir='ltr'>grammatico</span> <span class='ocrx_word' id='word_1_165' title='bbox 618 1381 800 1423; x_wconf 87' lang='lat' dir='ltr'>proveniret</span> <span class='ocrx_word' id='word_1_166' title='bbox 815 1377 984 1411; x_wconf 77' lang='lat' dir='ltr'>medicinae</span> <span class='ocrx_word' id='word_1_167' title='bbox 1000 1376 1148 1409; x_wconf 89' lang='lat' dir='ltr'>scientia.</span> <span class='ocrx_word' id='word_1_168' title='bbox 1186 1376 1269 1407; x_wconf 84' lang='lat' dir='ltr'>Nam</span> <span class='ocrx_word' id='word_1_169' title='bbox 1289 1377 1323 1407; x_wconf 93' lang='lat' dir='ltr'>et</span> 
     </span>
     <span class='ocr_line' id='line_1_20' title="bbox 284 1434 1320 1483; baseline -0.01 -8"><span class='ocrx_word' id='word_1_170' title='bbox 284 1444 335 1475; x_wconf 83' lang='lat' dir='ltr'>hic</span> <span class='ocrx_word' id='word_1_171' title='bbox 349 1452 388 1475; x_wconf 85' lang='lat' dir='ltr'>ex</span> <span class='ocrx_word' id='word_1_172' title='bbox 407 1443 506 1483; x_wconf 83' lang='lat' dir='ltr'>perito</span> <span class='ocrx_word' id='word_1_173' title='bbox 523 1442 557 1474; x_wconf 84' lang='lat' dir='ltr'>sit</span> <span class='ocrx_word' id='word_1_174' title='bbox 573 1441 702 1473; x_wconf 85' lang='lat' dir='ltr'>alterius</span> <span class='ocrx_word' id='word_1_175' title='bbox 716 1447 845 1480; x_wconf 89' lang='lat' dir='ltr'>quoque</span> <span class='ocrx_word' id='word_1_176' title='bbox 859 1436 1039 1478; x_wconf 73' lang='lat' dir='ltr'>disciplinae</span> <span class='ocrx_word' id='word_1_177' title='bbox 1058 1435 1193 1476; x_wconf 88' lang='lat' dir='ltr'>peritus.</span> <span class='ocrx_word' id='word_1_178' title='bbox 1232 1434 1320 1466; x_wconf 87' lang='lat' dir='ltr'>Con-</span> 
     </span>
     <span class='ocr_line' id='line_1_21' title="bbox 285 1493 1326 1542; baseline -0.009 -9"><span class='ocrx_word' id='word_1_179' title='bbox 285 1504 452 1542; x_wconf 86' lang='lat' dir='ltr'>sequenter</span> <span class='ocrx_word' id='word_1_180' title='bbox 480 1499 577 1531; x_wconf 83' lang='lat' dir='ltr'>etiam</span> <span class='ocrx_word' id='word_1_181' title='bbox 599 1498 693 1538; x_wconf 84' lang='lat' dir='ltr'>igitur</span> <span class='ocrx_word' id='word_1_182' title='bbox 709 1497 935 1537; x_wconf 82' lang='lat' dir='ltr'>corrumpetur</span> <span class='ocrx_word' id='word_1_183' title='bbox 951 1494 1072 1535; x_wconf 89' lang='lat' dir='ltr'>aliquid</span> <span class='ocrx_word' id='word_1_184' title='bbox 1085 1518 1095 1534; x_wconf 93' lang='lat'><em>‚</em></span> <span class='ocrx_word' id='word_1_185' title='bbox 1120 1496 1152 1526; x_wconf 91' lang='lat' dir='ltr'>et</span> <span class='ocrx_word' id='word_1_186' title='bbox 1173 1493 1326 1525; x_wconf 84' lang='lat' dir='ltr'>dissolve-</span> 
     </span>
     <span class='ocr_line' id='line_1_22' title="bbox 285 1551 1328 1598; baseline -0.009 -7"><span class='ocrx_word' id='word_1_187' title='bbox 285 1561 349 1598; x_wconf 90' lang='lat' dir='ltr'>tur,</span> <span class='ocrx_word' id='word_1_188' title='bbox 372 1558 527 1591; x_wconf 80' lang='lat' dir='ltr'>exsistens</span> <span class='ocrx_word' id='word_1_189' title='bbox 547 1557 579 1588; x_wconf 92' lang='lat' dir='ltr'>in</span> <span class='ocrx_word' id='word_1_190' title='bbox 606 1556 691 1588; x_wconf 82' lang='lat' dir='ltr'>aliud</span> <span class='ocrx_word' id='word_1_191' title='bbox 720 1555 890 1594; x_wconf 80' lang='lat' dir='ltr'>exsistens,</span> <span class='ocrx_word' id='word_1_192' title='bbox 918 1553 973 1586; x_wconf 90' lang='lat' dir='ltr'>sed</span> <span class='ocrx_word' id='word_1_193' title='bbox 1003 1561 1066 1585; x_wconf 92' lang='lat' dir='ltr'>non</span> <span class='ocrx_word' id='word_1_194' title='bbox 1092 1551 1328 1593; x_wconf 83' lang='lat' dir='ltr'>principaliter,</span> 
     </span>
     <span class='ocr_line' id='line_1_23' title="bbox 288 1610 1328 1656; baseline -0.008 -7"><span class='ocrx_word' id='word_1_195' title='bbox 288 1626 402 1650; x_wconf 86' lang='lat' dir='ltr'>verum</span> <span class='ocrx_word' id='word_1_196' title='bbox 432 1626 472 1649; x_wconf 81' lang='lat' dir='ltr'>ex</span> <span class='ocrx_word' id='word_1_197' title='bbox 497 1615 671 1656; x_wconf 85' lang='lat' dir='ltr'>accidenti,</span> <span class='ocrx_word' id='word_1_198' title='bbox 696 1616 732 1647; x_wconf 87' lang='lat' dir='ltr'>ut</span> <span class='ocrx_word' id='word_1_199' title='bbox 772 1615 798 1646; x_wconf 89' lang='lat' dir='ltr'>si</span> <span class='ocrx_word' id='word_1_200' title='bbox 833 1623 873 1646; x_wconf 84' lang='lat' dir='ltr'>ex</span> <span class='ocrx_word' id='word_1_201' title='bbox 905 1613 1077 1644; x_wconf 91' lang='lat' dir='ltr'>simulacro</span> <span class='ocrx_word' id='word_1_202' title='bbox 1097 1611 1203 1643; x_wconf 88' lang='lat' dir='ltr'>Liberi</span> <span class='ocrx_word' id='word_1_203' title='bbox 1230 1610 1328 1651; x_wconf 89' lang='lat' dir='ltr'>patris</span> 
     </span>
     <span class='ocr_line' id='line_1_24' title="bbox 287 1668 1327 1714; baseline -0.007 -8"><span class='ocrx_word' id='word_1_204' title='bbox 287 1675 422 1706; x_wconf 77' lang='lat' dir='ltr'>sormam</span> <span class='ocrx_word' id='word_1_205' title='bbox 443 1673 513 1714; x_wconf 87' lang='lat' dir='ltr'>quis</span> <span class='ocrx_word' id='word_1_206' title='bbox 532 1673 700 1705; x_wconf 76' lang='lat' dir='ltr'>transierat</span> <span class='ocrx_word' id='word_1_207' title='bbox 720 1672 752 1704; x_wconf 95' lang='lat' dir='ltr'>in</span> <span class='ocrx_word' id='word_1_208' title='bbox 770 1671 979 1707; x_wconf 78' lang='lat' dir='ltr'>simulacrum</span> <span class='ocrx_word' id='word_1_209' title='bbox 1003 1668 1170 1709; x_wconf 74' lang='lat' dir='ltr'>Apollinis.</span> <span class='ocrx_word' id='word_1_210' title='bbox 1186 1668 1327 1700; x_wconf 88' lang='lat' dir='ltr'>Videtur</span> 
     </span>
     <span class='ocr_line' id='line_1_25' title="bbox 286 1727 1331 1773; baseline -0.006 -8"><span class='ocrx_word' id='word_1_211' title='bbox 286 1734 394 1765; x_wconf 86' lang='lat' dir='ltr'>autem</span> <span class='ocrx_word' id='word_1_212' title='bbox 413 1733 473 1764; x_wconf 86' lang='lat' dir='ltr'>hoc</span> <span class='ocrx_word' id='word_1_213' title='bbox 490 1741 617 1773; x_wconf 89' lang='lat' dir='ltr'>quoque</span> <span class='ocrx_word' id='word_1_214' title='bbox 637 1733 727 1772; x_wconf 87' lang='lat' dir='ltr'>pacto</span> <span class='ocrx_word' id='word_1_215' title='bbox 756 1731 861 1762; x_wconf 85' lang='lat' dir='ltr'>torma</span> <span class='ocrx_word' id='word_1_216' title='bbox 889 1730 921 1761; x_wconf 93' lang='lat' dir='ltr'>in</span> <span class='ocrx_word' id='word_1_217' title='bbox 946 1729 1040 1760; x_wconf 89' lang='lat' dir='ltr'>aliam</span> <span class='ocrx_word' id='word_1_218' title='bbox 1069 1727 1210 1769; x_wconf 90' lang='lat' dir='ltr'>speciem</span> <span class='ocrx_word' id='word_1_219' title='bbox 1227 1727 1331 1760; x_wconf 84' lang='lat' dir='ltr'>‹lemi-</span> 
     </span>
     <span class='ocr_line' id='line_1_26' title="bbox 286 1787 1322 1833; baseline -0.006 -9"><span class='ocrx_word' id='word_1_220' title='bbox 286 1802 390 1833; x_wconf 87' lang='lat' dir='ltr'>grare,</span> <span class='ocrx_word' id='word_1_221' title='bbox 411 1791 466 1823; x_wconf 90' lang='lat' dir='ltr'>sed</span> <span class='ocrx_word' id='word_1_222' title='bbox 486 1800 547 1823; x_wconf 91' lang='lat' dir='ltr'>non</span> <span class='ocrx_word' id='word_1_223' title='bbox 568 1791 707 1832; x_wconf 84' lang='lat' dir='ltr'>proprie,</span> <span class='ocrx_word' id='word_1_224' title='bbox 738 1799 849 1822; x_wconf 91' lang='lat' dir='ltr'>verum</span> <span class='ocrx_word' id='word_1_225' title='bbox 872 1798 911 1821; x_wconf 86' lang='lat' dir='ltr'>ex</span> <span class='ocrx_word' id='word_1_226' title='bbox 938 1787 1104 1821; x_wconf 83' lang='lat' dir='ltr'>accidenti.</span> <span class='ocrx_word' id='word_1_227' title='bbox 1166 1787 1322 1819; x_wconf 85' lang='lat' dir='ltr'>Similiter</span> 
     </span>
     <span class='ocr_line' id='line_1_27' title="bbox 288 1845 1331 1892; baseline -0.005 -10"><span class='ocrx_word' id='word_1_228' title='bbox 288 1851 403 1892; x_wconf 85' lang='lat' dir='ltr'>poterit</span> <span class='ocrx_word' id='word_1_229' title='bbox 414 1851 571 1890; x_wconf 76' lang='lat' dir='ltr'>exsistens</span> <span class='ocrx_word' id='word_1_230' title='bbox 583 1849 659 1890; x_wconf 91' lang='lat' dir='ltr'>quid</span> <span class='ocrx_word' id='word_1_231' title='bbox 674 1849 707 1880; x_wconf 92' lang='lat' dir='ltr'>in</span> <span class='ocrx_word' id='word_1_232' title='bbox 718 1858 780 1880; x_wconf 93' lang='lat' dir='ltr'>non</span> <span class='ocrx_word' id='word_1_233' title='bbox 793 1849 947 1881; x_wconf 88' lang='lat' dir='ltr'>exsistens</span> <span class='ocrx_word' id='word_1_234' title='bbox 957 1847 1131 1888; x_wconf 83' lang='lat' dir='ltr'>corrumpi,</span> <span class='ocrx_word' id='word_1_235' title='bbox 1146 1855 1186 1879; x_wconf 92' lang='lat' dir='ltr'>ac</span> <span class='ocrx_word' id='word_1_236' title='bbox 1198 1845 1331 1885; x_wconf 85' lang='lat' dir='ltr'>resolvi,</span> 
     </span>
     <span class='ocr_line' id='line_1_28' title="bbox 286 1902 1331 1949; baseline -0.005 -7"><span class='ocrx_word' id='word_1_237' title='bbox 286 1910 341 1942; x_wconf 84' lang='lat' dir='ltr'>sed</span> <span class='ocrx_word' id='word_1_238' title='bbox 363 1919 426 1941; x_wconf 89' lang='lat' dir='ltr'>non</span> <span class='ocrx_word' id='word_1_239' title='bbox 446 1910 482 1940; x_wconf 87' lang='lat' dir='ltr'>ut</span> <span class='ocrx_word' id='word_1_240' title='bbox 499 1918 539 1941; x_wconf 76' lang='lat' dir='ltr'>ex</span> <span class='ocrx_word' id='word_1_241' title='bbox 558 1909 739 1949; x_wconf 87' lang='lat' dir='ltr'>corruptela</span> <span class='ocrx_word' id='word_1_242' title='bbox 755 1908 867 1949; x_wconf 84' lang='lat' dir='ltr'>plenus</span> <span class='ocrx_word' id='word_1_243' title='bbox 891 1908 1041 1940; x_wconf 82' lang='lat' dir='ltr'>asseratur</span> <span class='ocrx_word' id='word_1_244' title='bbox 1058 1902 1231 1946; x_wconf 79' lang='lat' dir='ltr'>interitus3</span> <span class='ocrx_word' id='word_1_245' title='bbox 1253 1914 1331 1947; x_wconf 85' lang='lat' dir='ltr'>pro-</span> 
     </span>
     <span class='ocr_line' id='line_1_29' title="bbox 286 1964 1330 2009; baseline -0.005 -8"><span class='ocrx_word' id='word_1_246' title='bbox 286 1970 455 2009; x_wconf 81' lang='lat' dir='ltr'>veniatque</span> <span class='ocrx_word' id='word_1_247' title='bbox 469 1970 506 2000; x_wconf 87' lang='lat' dir='ltr'>ut</span> <span class='ocrx_word' id='word_1_248' title='bbox 530 1967 575 2007; x_wconf 85' lang='lat' dir='ltr'>id,</span> <span class='ocrx_word' id='word_1_249' title='bbox 592 1968 677 2008; x_wconf 87' lang='lat' dir='ltr'>quod</span> <span class='ocrx_word' id='word_1_250' title='bbox 694 1969 784 2007; x_wconf 87' lang='lat' dir='ltr'>erat,</span> <span class='ocrx_word' id='word_1_251' title='bbox 802 1967 883 1999; x_wconf 86' lang='lat' dir='ltr'>nihil</span> <span class='ocrx_word' id='word_1_252' title='bbox 906 1966 1054 2007; x_wconf 89' lang='lat' dir='ltr'>omnino,</span> <span class='ocrx_word' id='word_1_253' title='bbox 1080 1974 1187 2007; x_wconf 88' lang='lat' dir='ltr'>neque</span> <span class='ocrx_word' id='word_1_254' title='bbox 1204 1964 1330 2005; x_wconf 86' lang='lat' dir='ltr'>uspiam</span> 
     </span>
     <span class='ocr_line' id='line_1_30' title="bbox 287 2025 1027 2070; baseline -0.007 -9"><span class='ocrx_word' id='word_1_255' title='bbox 287 2028 425 2070; x_wconf 83' lang='lat' dir='ltr'>gentium</span> <span class='ocrx_word' id='word_1_256' title='bbox 445 2028 497 2059; x_wconf 88' lang='lat' dir='ltr'>sit.</span> <span class='ocrx_word' id='word_1_257' title='bbox 1022 2025 1027 2029; x_wconf 81' lang='grc'><strong><em>’</em></strong></span> 
     </span>
    </p>

    <p class='ocr_par' dir='ltr' id='par_1_3' title="bbox 289 2086 1340 2999">
     <span class='ocr_line' id='line_1_31' title="bbox 328 2086 1330 2130; baseline -0.002 -12"><span class='ocrx_word' id='word_1_258' title='bbox 328 2086 521 2130; x_wconf 54' lang='lat' dir='ltr'>ceintxlu.</span> <span class='ocrx_word' id='word_1_259' title='bbox 544 2088 615 2118; x_wconf 82' lang='lat' dir='ltr'>Una</span> <span class='ocrx_word' id='word_1_260' title='bbox 632 2086 727 2127; x_wconf 77' lang='lat' dir='ltr'>igitur</span> <span class='ocrx_word' id='word_1_261' title='bbox 747 2086 816 2118; x_wconf 63' lang='lat' dir='ltr'>brec</span> <span class='ocrx_word' id='word_1_262' title='bbox 831 2086 911 2118; x_wconf 87' lang='lat' dir='ltr'>ratio</span> <span class='ocrx_word' id='word_1_263' title='bbox 925 2087 992 2126; x_wconf 88' lang='lat' dir='ltr'>est,</span> <span class='ocrx_word' id='word_1_264' title='bbox 1007 2086 1098 2128; x_wconf 84' lang='lat' dir='ltr'>juxta</span> <span class='ocrx_word' id='word_1_265' title='bbox 1112 2094 1213 2127; x_wconf 88' lang='lat' dir='ltr'>quam</span> <span class='ocrx_word' id='word_1_266' title='bbox 1236 2093 1330 2126; x_wconf 90' lang='lat' dir='ltr'>posse</span> 
     </span>
     <span class='ocr_line' id='line_1_32' title="bbox 290 2143 1329 2184; baseline -0.001 -9"><span class='ocrx_word' id='word_1_267' title='bbox 290 2143 475 2176; x_wconf 86' lang='lat' dir='ltr'>Aristoteles</span> <span class='ocrx_word' id='word_1_268' title='bbox 494 2146 629 2184; x_wconf 83' lang='lat' dir='ltr'>putatet</span> <span class='ocrx_word' id='word_1_269' title='bbox 655 2144 721 2175; x_wconf 82' lang='lat' dir='ltr'>fieri</span> <span class='ocrx_word' id='word_1_270' title='bbox 733 2144 852 2184; x_wconf 90' lang='lat' dir='ltr'>aliquid</span> <span class='ocrx_word' id='word_1_271' title='bbox 877 2146 945 2177; x_wconf 81' lang='lat' dir='ltr'>tam</span> <span class='ocrx_word' id='word_1_272' title='bbox 964 2144 1003 2177; x_wconf 92' lang='lat' dir='ltr'>de</span> <span class='ocrx_word' id='word_1_273' title='bbox 1019 2144 1207 2184; x_wconf 84' lang='lat' dir='ltr'>exsistente,</span> <span class='ocrx_word' id='word_1_274' title='bbox 1230 2151 1329 2184; x_wconf 91' lang='lat' dir='ltr'>quam</span> 
     </span>
     <span class='ocr_line' id='line_1_33' title="bbox 289 2204 1333 2245; baseline 0 -10"><span class='ocrx_word' id='word_1_275' title='bbox 289 2205 328 2236; x_wconf 87' lang='lat' dir='ltr'>de</span> <span class='ocrx_word' id='word_1_276' title='bbox 345 2205 474 2236; x_wconf 84' lang='lat' dir='ltr'>minime</span> <span class='ocrx_word' id='word_1_277' title='bbox 494 2205 682 2245; x_wconf 77' lang='lat' dir='ltr'>exsistente3</span> <span class='ocrx_word' id='word_1_278' title='bbox 702 2206 733 2237; x_wconf 91' lang='lat' dir='ltr'>et</span> <span class='ocrx_word' id='word_1_279' title='bbox 750 2205 881 2237; x_wconf 88' lang='lat' dir='ltr'>interire</span> <span class='ocrx_word' id='word_1_280' title='bbox 907 2206 957 2238; x_wconf 90' lang='lat' dir='ltr'>vel</span> <span class='ocrx_word' id='word_1_281' title='bbox 976 2206 1007 2237; x_wconf 93' lang='lat' dir='ltr'>in</span> <span class='ocrx_word' id='word_1_282' title='bbox 1035 2205 1195 2238; x_wconf 87' lang='lat' dir='ltr'>exsistens</span> <span class='ocrx_word' id='word_1_283' title='bbox 1218 2204 1268 2236; x_wconf 83' lang='lat' dir='ltr'>vel</span> <span class='ocrx_word' id='word_1_284' title='bbox 1298 2204 1333 2235; x_wconf 91' lang='lat' dir='ltr'>in</span> 
     </span>
     <span class='ocr_line' id='line_1_34' title="bbox 291 2262 1333 2303; baseline 0 -10"><span class='ocrx_word' id='word_1_285' title='bbox 291 2263 432 2294; x_wconf 79' lang='lat' dir='ltr'>nibilum.</span> <span class='ocrx_word' id='word_1_286' title='bbox 478 2262 547 2294; x_wconf 83' lang='lat' dir='ltr'>Alia</span> <span class='ocrx_word' id='word_1_287' title='bbox 568 2272 642 2294; x_wconf 87' lang='lat' dir='ltr'>vero</span> <span class='ocrx_word' id='word_1_288' title='bbox 662 2263 783 2295; x_wconf 88' lang='lat' dir='ltr'>ratione</span> <span class='ocrx_word' id='word_1_289' title='bbox 801 2272 870 2296; x_wconf 88' lang='lat' dir='ltr'>esse</span> <span class='ocrx_word' id='word_1_290' title='bbox 885 2265 917 2296; x_wconf 87' lang='lat' dir='ltr'>et</span> <span class='ocrx_word' id='word_1_291' title='bbox 939 2273 1002 2296; x_wconf 93' lang='lat' dir='ltr'>non</span> <span class='ocrx_word' id='word_1_292' title='bbox 1021 2272 1092 2296; x_wconf 88' lang='lat' dir='ltr'>esse</span> <span class='ocrx_word' id='word_1_293' title='bbox 1109 2264 1228 2296; x_wconf 86' lang='lat' dir='ltr'>dicitur</span> <span class='ocrx_word' id='word_1_294' title='bbox 1242 2263 1333 2303; x_wconf 86' lang='lat' dir='ltr'>quid,</span> 
     </span>
     <span class='ocr_line' id='line_1_35' title="bbox 291 2321 1330 2363; baseline 0.001 -11"><span class='ocrx_word' id='word_1_295' title='bbox 291 2323 414 2362; x_wconf 86' lang='lat' dir='ltr'>quoties</span> <span class='ocrx_word' id='word_1_296' title='bbox 434 2322 576 2353; x_wconf 86' lang='lat' dir='ltr'>nondum</span> <span class='ocrx_word' id='word_1_297' title='bbox 593 2321 736 2353; x_wconf 83' lang='lat' dir='ltr'>adhibito</span> <span class='ocrx_word' id='word_1_298' title='bbox 751 2323 867 2354; x_wconf 80' lang='lat' dir='ltr'>effectu</span> <span class='ocrx_word' id='word_1_299' title='bbox 885 2331 955 2354; x_wconf 89' lang='lat' dir='ltr'>esse</span> <span class='ocrx_word' id='word_1_300' title='bbox 968 2322 1101 2361; x_wconf 88' lang='lat' dir='ltr'>dicitur,</span> <span class='ocrx_word' id='word_1_301' title='bbox 1124 2322 1212 2363; x_wconf 90' lang='lat' dir='ltr'>quod</span> <span class='ocrx_word' id='word_1_302' title='bbox 1242 2322 1330 2353; x_wconf 81' lang='lat' dir='ltr'>tutu-</span> 
     </span>
     <span class='ocr_line' id='line_1_36' title="bbox 292 2380 1334 2421; baseline 0.002 -10"><span class='ocrx_word' id='word_1_303' title='bbox 292 2390 362 2412; x_wconf 87' lang='lat' dir='ltr'>rum</span> <span class='ocrx_word' id='word_1_304' title='bbox 381 2381 488 2420; x_wconf 86' lang='lat' dir='ltr'>procul</span> <span class='ocrx_word' id='word_1_305' title='bbox 501 2380 598 2412; x_wconf 91' lang='lat' dir='ltr'>dubio</span> <span class='ocrx_word' id='word_1_306' title='bbox 614 2382 684 2421; x_wconf 86' lang='lat' dir='ltr'>erit,</span> <span class='ocrx_word' id='word_1_307' title='bbox 700 2381 727 2412; x_wconf 87' lang='lat' dir='ltr'>si</span> <span class='ocrx_word' id='word_1_308' title='bbox 749 2381 942 2414; x_wconf 84' lang='lat' dir='ltr'>adhibeatur</span> <span class='ocrx_word' id='word_1_309' title='bbox 959 2382 1105 2414; x_wconf 77' lang='lat' dir='ltr'>eftectus.</span> <span class='ocrx_word' id='word_1_310' title='bbox 1123 2383 1204 2419; x_wconf 81' lang='lat' dir='ltr'>Quae</span> <span class='ocrx_word' id='word_1_311' title='bbox 1217 2385 1334 2413; x_wconf 86' lang='lat' dir='ltr'>cuncta</span> 
     </span>
     <span class='ocr_line' id='line_1_37' title="bbox 294 2439 1335 2481; baseline 0 -11"><span class='ocrx_word' id='word_1_312' title='bbox 294 2439 500 2480; x_wconf 80' lang='lat' dir='ltr'>possibilitate</span> <span class='ocrx_word' id='word_1_313' title='bbox 522 2448 590 2471; x_wconf 86' lang='lat' dir='ltr'>esse</span> <span class='ocrx_word' id='word_1_314' title='bbox 609 2440 777 2481; x_wconf 85' lang='lat' dir='ltr'>dicuntur,</span> <span class='ocrx_word' id='word_1_315' title='bbox 791 2441 988 2481; x_wconf 83' lang='lat' dir='ltr'>praesumpta</span> <span class='ocrx_word' id='word_1_316' title='bbox 1017 2448 1129 2472; x_wconf 91' lang='lat' dir='ltr'>eorum</span> <span class='ocrx_word' id='word_1_317' title='bbox 1149 2439 1335 2472; x_wconf 78' lang='lat' dir='ltr'>exsistentia</span> 
     </span>
     <span class='ocr_line' id='line_1_38' title="bbox 293 2498 1336 2539; baseline 0.001 -10"><span class='ocrx_word' id='word_1_318' title='bbox 293 2499 558 2538; x_wconf 79' lang='lat' dir='ltr'>contemplatione</span> <span class='ocrx_word' id='word_1_319' title='bbox 586 2498 804 2539; x_wconf 87' lang='lat' dir='ltr'>possibilitatis</span> <span class='ocrx_word' id='word_1_320' title='bbox 826 2510 834 2531; x_wconf 74' lang='grc' dir='ltr'><strong><em>ε</em></strong></span> <span class='ocrx_word' id='word_1_321' title='bbox 867 2500 904 2531; x_wconf 89' lang='lat' dir='ltr'>ut</span> <span class='ocrx_word' id='word_1_322' title='bbox 926 2507 1000 2531; x_wconf 93' lang='lat' dir='ltr'>cum</span> <span class='ocrx_word' id='word_1_323' title='bbox 1029 2507 1075 2530; x_wconf 84' lang='lat' dir='ltr'>aes</span> <span class='ocrx_word' id='word_1_324' title='bbox 1099 2498 1235 2531; x_wconf 86' lang='lat' dir='ltr'>dicimus</span> <span class='ocrx_word' id='word_1_325' title='bbox 1262 2507 1336 2539; x_wconf 88' lang='lat' dir='ltr'>pos·</span> 
     </span>
     <span class='ocr_line' id='line_1_39' title="bbox 294 2556 1332 2597; baseline 0.002 -9"><span class='ocrx_word' id='word_1_326' title='bbox 294 2556 444 2588; x_wconf 81' lang='lat' dir='ltr'>sibilitate</span> <span class='ocrx_word' id='word_1_327' title='bbox 470 2560 607 2589; x_wconf 84' lang='lat' dir='ltr'>statuam</span> <span class='ocrx_word' id='word_1_328' title='bbox 628 2566 711 2597; x_wconf 87' lang='lat' dir='ltr'>esse,</span> <span class='ocrx_word' id='word_1_329' title='bbox 730 2566 805 2590; x_wconf 90' lang='lat' dir='ltr'>cum</span> <span class='ocrx_word' id='word_1_330' title='bbox 819 2557 924 2590; x_wconf 84' lang='lat' dir='ltr'>adhuc</span> <span class='ocrx_word' id='word_1_331' title='bbox 941 2558 1107 2591; x_wconf 84' lang='lat' dir='ltr'>metallum</span> <span class='ocrx_word' id='word_1_332' title='bbox 1121 2558 1163 2590; x_wconf 90' lang='lat' dir='ltr'>sit</span> <span class='ocrx_word' id='word_1_333' title='bbox 1183 2558 1332 2590; x_wconf 78' lang='lat' dir='ltr'>informe.</span> 
     </span>
     <span class='ocr_line' id='line_1_40' title="bbox 297 2617 1336 2659; baseline 0.003 -12"><span class='ocrx_word' id='word_1_334' title='bbox 297 2617 354 2647; x_wconf 78' lang='lat' dir='ltr'>Est</span> <span class='ocrx_word' id='word_1_335' title='bbox 374 2625 449 2655; x_wconf 85' lang='lat' dir='ltr'>ergo</span> <span class='ocrx_word' id='word_1_336' title='bbox 466 2618 589 2656; x_wconf 87' lang='lat' dir='ltr'>statua,</span> <span class='ocrx_word' id='word_1_337' title='bbox 616 2618 647 2648; x_wconf 86' lang='lat' dir='ltr'>et</span> <span class='ocrx_word' id='word_1_338' title='bbox 676 2626 741 2649; x_wconf 90' lang='lat' dir='ltr'>non</span> <span class='ocrx_word' id='word_1_339' title='bbox 764 2619 831 2658; x_wconf 87' lang='lat' dir='ltr'>est;</span> <span class='ocrx_word' id='word_1_340' title='bbox 855 2618 887 2650; x_wconf 91' lang='lat' dir='ltr'>et</span> <span class='ocrx_word' id='word_1_341' title='bbox 902 2619 952 2650; x_wconf 88' lang='lat' dir='ltr'>est</span> <span class='ocrx_word' id='word_1_342' title='bbox 969 2618 1116 2659; x_wconf 87' lang='lat' dir='ltr'>quidem,</span> <span class='ocrx_word' id='word_1_343' title='bbox 1136 2618 1211 2659; x_wconf 87' lang='lat' dir='ltr'>quia</span> <span class='ocrx_word' id='word_1_344' title='bbox 1232 2619 1336 2659; x_wconf 89' lang='lat' dir='ltr'>potest</span> 
     </span>
     <span class='ocr_line' id='line_1_41' title="bbox 297 2676 1335 2717; baseline 0.003 -12"><span class='ocrx_word' id='word_1_345' title='bbox 297 2683 364 2706; x_wconf 85' lang='lat' dir='ltr'>esse</span> <span class='ocrx_word' id='word_1_346' title='bbox 393 2687 400 2706; x_wconf 73' lang='grc' dir='ltr'><strong><em>ε</em></strong></span> <span class='ocrx_word' id='word_1_347' title='bbox 431 2683 493 2706; x_wconf 91' lang='lat' dir='ltr'>non</span> <span class='ocrx_word' id='word_1_348' title='bbox 523 2676 571 2706; x_wconf 86' lang='lat' dir='ltr'>est</span> <span class='ocrx_word' id='word_1_349' title='bbox 597 2677 723 2715; x_wconf 89' lang='lat' dir='ltr'>autem,</span> <span class='ocrx_word' id='word_1_350' title='bbox 756 2677 831 2717; x_wconf 89' lang='lat' dir='ltr'>quia</span> <span class='ocrx_word' id='word_1_351' title='bbox 859 2676 1002 2709; x_wconf 90' lang='lat' dir='ltr'>nondum</span> <span class='ocrx_word' id='word_1_352' title='bbox 1026 2677 1160 2709; x_wconf 77' lang='lat' dir='ltr'>erfectus</span> <span class='ocrx_word' id='word_1_353' title='bbox 1186 2678 1335 2710; x_wconf 88' lang='lat' dir='ltr'>accessit.</span> 
     </span>
     <span class='ocr_line' id='line_1_42' title="bbox 299 2732 1339 2778; baseline 0.005 -13"><span class='ocrx_word' id='word_1_354' title='bbox 299 2732 481 2772; x_wconf 86' lang='lat' dir='ltr'>Eodemque</span> <span class='ocrx_word' id='word_1_355' title='bbox 500 2734 595 2765; x_wconf 89' lang='lat' dir='ltr'>modo</span> <span class='ocrx_word' id='word_1_356' title='bbox 614 2734 813 2774; x_wconf 75' lang='lat' dir='ltr'>aliquatenus</span> <span class='ocrx_word' id='word_1_357' title='bbox 829 2737 891 2775; x_wconf 89' lang='lat' dir='ltr'>est,</span> <span class='ocrx_word' id='word_1_358' title='bbox 910 2736 1116 2776; x_wconf 86' lang='lat' dir='ltr'>aliquatenus</span> <span class='ocrx_word' id='word_1_359' title='bbox 1141 2746 1205 2769; x_wconf 90' lang='lat' dir='ltr'>non</span> <span class='ocrx_word' id='word_1_360' title='bbox 1226 2741 1291 2778; x_wconf 91' lang='lat' dir='ltr'>est;</span> <span class='ocrx_word' id='word_1_361' title='bbox 1306 2738 1339 2770; x_wconf 86' lang='lat' dir='ltr'>et</span> 
     </span>
     <span class='ocr_line' id='line_1_43' title="bbox 298 2792 1339 2835; baseline 0.003 -10"><span class='ocrx_word' id='word_1_362' title='bbox 298 2801 339 2825; x_wconf 86' lang='lat' dir='ltr'>cx</span> <span class='ocrx_word' id='word_1_363' title='bbox 364 2801 401 2824; x_wconf 78' lang='lat' dir='ltr'>eo</span> <span class='ocrx_word' id='word_1_364' title='bbox 427 2792 511 2832; x_wconf 88' lang='lat' dir='ltr'>quod</span> <span class='ocrx_word' id='word_1_365' title='bbox 530 2792 730 2832; x_wconf 83' lang='lat' dir='ltr'>aliquatenus</span> <span class='ocrx_word' id='word_1_366' title='bbox 749 2794 817 2831; x_wconf 89' lang='lat' dir='ltr'>est,</span> <span class='ocrx_word' id='word_1_367' title='bbox 836 2795 943 2834; x_wconf 88' lang='lat' dir='ltr'>potest</span> <span class='ocrx_word' id='word_1_368' title='bbox 958 2795 1081 2835; x_wconf 89' lang='lat' dir='ltr'>aliquid</span> <span class='ocrx_word' id='word_1_369' title='bbox 1104 2795 1199 2835; x_wconf 78' lang='lat' dir='ltr'>ellici,</span> <span class='ocrx_word' id='word_1_370' title='bbox 1218 2796 1339 2828; x_wconf 84' lang='lat' dir='ltr'>nihilo-</span> 
     </span>
     <span class='ocr_line' id='line_1_44' title="bbox 299 2849 1340 2895; baseline 0.007 -15"><span class='ocrx_word' id='word_1_371' title='bbox 299 2859 361 2889; x_wconf 83' lang='lat' dir='ltr'>que</span> <span class='ocrx_word' id='word_1_372' title='bbox 380 2849 486 2882; x_wconf 89' lang='lat' dir='ltr'>minus</span> <span class='ocrx_word' id='word_1_373' title='bbox 503 2849 602 2881; x_wconf 85' lang='lat' dir='ltr'>etiam</span> <span class='ocrx_word' id='word_1_374' title='bbox 617 2850 648 2881; x_wconf 92' lang='lat' dir='ltr'>in</span> <span class='ocrx_word' id='word_1_375' title='bbox 665 2850 706 2889; x_wconf 88' lang='lat' dir='ltr'>id,</span> <span class='ocrx_word' id='word_1_376' title='bbox 724 2851 810 2890; x_wconf 88' lang='lat' dir='ltr'>quod</span> <span class='ocrx_word' id='word_1_377' title='bbox 835 2851 1038 2892; x_wconf 87' lang='lat' dir='ltr'>aliquatenus</span> <span class='ocrx_word' id='word_1_378' title='bbox 1057 2861 1121 2885; x_wconf 93' lang='lat' dir='ltr'>non</span> <span class='ocrx_word' id='word_1_379' title='bbox 1140 2855 1211 2894; x_wconf 89' lang='lat' dir='ltr'>est,</span> <span class='ocrx_word' id='word_1_380' title='bbox 1234 2856 1340 2895; x_wconf 84' lang='lat' dir='ltr'>potest</span> 
     </span>
     <span class='ocr_line' id='line_1_45' title="bbox 299 2907 1340 2954; baseline 0.008 -16"><span class='ocrx_word' id='word_1_381' title='bbox 299 2908 416 2948; x_wconf 77' lang='lat' dir='ltr'>aliquid</span> <span class='ocrx_word' id='word_1_382' title='bbox 447 2907 596 2946; x_wconf 88' lang='lat' dir='ltr'>dissolvi,</span> <span class='ocrx_word' id='word_1_383' title='bbox 629 2910 725 2949; x_wconf 89' lang='lat' dir='ltr'>atque</span> <span class='ocrx_word' id='word_1_384' title='bbox 746 2909 888 2943; x_wconf 88' lang='lat' dir='ltr'>interire.</span> <span class='ocrx_word' id='word_1_385' title='bbox 951 2913 1009 2944; x_wconf 87' lang='lat' dir='ltr'>Est</span> <span class='ocrx_word' id='word_1_386' title='bbox 1034 2921 1109 2952; x_wconf 88' lang='lat' dir='ltr'>ergo</span> <span class='ocrx_word' id='word_1_387' title='bbox 1135 2914 1279 2954; x_wconf 83' lang='lat' dir='ltr'>genitura</span> <span class='ocrx_word' id='word_1_388' title='bbox 1308 2916 1340 2947; x_wconf 89' lang='lat' dir='ltr'>et</span> 
     </span>
     <span class='ocr_line' id='line_1_46' title="bbox 300 2967 457 2999; baseline 0 -1"><span class='ocrx_word' id='word_1_389' title='bbox 300 2967 457 2999; x_wconf 83' lang='lat' dir='ltr'>interitus.</span> 
     </span>
    </p>

    <p class='ocr_par' dir='ltr' id='par_1_4' title="bbox 303 3027 1345 3546">
     <span class='ocr_line' id='line_1_47' title="bbox 344 3027 1340 3070; baseline 0.005 -11"><span class='ocrx_word' id='word_1_390' title='bbox 344 3027 570 3059; x_wconf 83' lang='lat' dir='ltr'>CCLXXXIV.</span> <span class='ocrx_word' id='word_1_391' title='bbox 597 3029 673 3060; x_wconf 76' lang='lat' dir='ltr'>nme</span> <span class='ocrx_word' id='word_1_392' title='bbox 696 3028 735 3060; x_wconf 89' lang='lat' dir='ltr'>ad</span> <span class='ocrx_word' id='word_1_393' title='bbox 762 3037 922 3070; x_wconf 84' lang='lat' dir='ltr'>praesens,</span> <span class='ocrx_word' id='word_1_394' title='bbox 943 3030 1015 3062; x_wconf 79' lang='lat' dir='ltr'>visa</span> <span class='ocrx_word' id='word_1_395' title='bbox 1040 3031 1133 3064; x_wconf 90' lang='lat' dir='ltr'>nobis</span> <span class='ocrx_word' id='word_1_396' title='bbox 1163 3033 1340 3066; x_wconf 85' lang='lat' dir='ltr'>necessaria</span> 
     </span>
     <span class='ocr_line' id='line_1_48' title="bbox 303 3085 1342 3130; baseline 0.007 -13"><span class='ocrx_word' id='word_1_397' title='bbox 303 3086 383 3126; x_wconf 76' lang='lat' dir='ltr'>tore,</span> <span class='ocrx_word' id='word_1_398' title='bbox 404 3085 443 3117; x_wconf 89' lang='lat' dir='ltr'>ad</span> <span class='ocrx_word' id='word_1_399' title='bbox 459 3086 717 3126; x_wconf 86' lang='lat' dir='ltr'>explanationem</span> <span class='ocrx_word' id='word_1_400' title='bbox 736 3087 924 3120; x_wconf 75' lang='lat' dir='ltr'>Aristotelici</span> <span class='ocrx_word' id='word_1_401' title='bbox 943 3088 1100 3130; x_wconf 87' lang='lat' dir='ltr'>dogmatis</span> <span class='ocrx_word' id='word_1_402' title='bbox 1121 3091 1161 3123; x_wconf 89' lang='lat' dir='ltr'>de</span> <span class='ocrx_word' id='word_1_403' title='bbox 1177 3091 1276 3124; x_wconf 86' lang='lat' dir='ltr'>initiis</span> <span class='ocrx_word' id='word_1_404' title='bbox 1297 3101 1342 3124; x_wconf 89' lang='lat' dir='ltr'>re-</span> 
     </span>
     <span class='ocr_line' id='line_1_49' title="bbox 304 3144 1339 3192; baseline 0.008 -17"><span class='ocrx_word' id='word_1_405' title='bbox 304 3154 393 3184; x_wconf 86' lang='lat' dir='ltr'>rum,</span> <span class='ocrx_word' id='word_1_406' title='bbox 414 3146 447 3176; x_wconf 88' lang='lat' dir='ltr'>in</span> <span class='ocrx_word' id='word_1_407' title='bbox 465 3144 581 3186; x_wconf 87' lang='lat' dir='ltr'>quibus</span> <span class='ocrx_word' id='word_1_408' title='bbox 608 3145 703 3177; x_wconf 90' lang='lat' dir='ltr'>etiam</span> <span class='ocrx_word' id='word_1_409' title='bbox 726 3146 806 3177; x_wconf 82' lang='lat' dir='ltr'>silva</span> <span class='ocrx_word' id='word_1_410' title='bbox 834 3148 903 3186; x_wconf 86' lang='lat' dir='ltr'>est,</span> <span class='ocrx_word' id='word_1_411' title='bbox 921 3149 1107 3188; x_wconf 86' lang='lat' dir='ltr'>pertractari</span> <span class='ocrx_word' id='word_1_412' title='bbox 1137 3151 1339 3192; x_wconf 84' lang='lat' dir='ltr'>curavimus,</span> 
     </span>
     <span class='ocr_line' id='line_1_50' title="bbox 303 3203 1340 3244; baseline 0.008 -9"><span class='ocrx_word' id='word_1_413' title='bbox 303 3204 385 3236; x_wconf 86' lang='lat' dir='ltr'>sicut</span> <span class='ocrx_word' id='word_1_414' title='bbox 403 3203 544 3244; x_wconf 83' lang='lat' dir='ltr'>ejusdem</span> <span class='ocrx_word' id='word_1_415' title='bbox 562 3204 740 3237; x_wconf 71' lang='lat' dir='ltr'>Aristotelis</span> <span class='ocrx_word' id='word_1_416' title='bbox 762 3205 858 3237; x_wconf 86' lang='lat' dir='ltr'>verba</span> <span class='ocrx_word' id='word_1_417' title='bbox 875 3205 1052 3239; x_wconf 85' lang='lat' dir='ltr'>declarant.</span> <span class='ocrx_word' id='word_1_418' title='bbox 1099 3209 1152 3241; x_wconf 80' lang='lat' dir='ltr'>Ait</span> <span class='ocrx_word' id='word_1_419' title='bbox 1169 3210 1254 3242; x_wconf 91' lang='lat' dir='ltr'>enim</span> <span class='ocrx_word' id='word_1_420' title='bbox 1269 3211 1315 3243; x_wconf 90' lang='lat' dir='ltr'>sic</span> <span class='ocrx_word' id='word_1_421' title='bbox 1332 3220 1340 3242; x_wconf 82' lang='lat' dir='ltr'>t</span> 
     </span>
     <span class='ocr_line' id='line_1_51' title="bbox 306 3240 1343 3306; baseline 0.009 -12"><span class='ocrx_word' id='word_1_422' title='bbox 306 3261 454 3304; x_wconf 75' lang='lat' dir='ltr'>[Physic.</span> <span class='ocrx_word' id='word_1_423' title='bbox 475 3262 529 3295; x_wconf 94' lang='lat' dir='ltr'>lib.</span> <span class='ocrx_word' id='word_1_424' title='bbox 552 3265 566 3296; x_wconf 90' lang='lat'><em>1</em></span> <span class='ocrx_word' id='word_1_425' title='bbox 585 3272 655 3305; x_wconf 82' lang='lat' dir='ltr'>cap.</span> <span class='ocrx_word' id='word_1_426' title='bbox 667 3240 725 3305; x_wconf 47' lang='grc' dir='ltr'>ὦ]</span> <span class='ocrx_word' id='word_1_427' title='bbox 743 3264 842 3297; x_wconf 89' lang='lat' dir='ltr'>Nobis</span> <span class='ocrx_word' id='word_1_428' title='bbox 856 3273 935 3306; x_wconf 74' lang='lat' dir='ltr'>erqo</span> <span class='ocrx_word' id='word_1_429' title='bbox 950 3266 1090 3299; x_wconf 90' lang='lat' dir='ltr'>videtur</span> <span class='ocrx_word' id='word_1_430' title='bbox 1103 3268 1253 3302; x_wconf 85' lang='lat' dir='ltr'>dividua</span> <span class='ocrx_word' id='word_1_431' title='bbox 1272 3279 1343 3303; x_wconf 84' lang='lat' dir='ltr'>esse</span> 
     </span>
     <span class='ocr_line' id='line_1_52' title="bbox 306 3324 1343 3370; baseline 0.008 -15"><span class='ocrx_word' id='word_1_432' title='bbox 306 3324 394 3356; x_wconf 80' lang='lat' dir='ltr'>silva</span> <span class='ocrx_word' id='word_1_433' title='bbox 413 3327 587 3364; x_wconf 80' lang='lat' dir='ltr'>carentiae,</span> <span class='ocrx_word' id='word_1_434' title='bbox 600 3327 652 3358; x_wconf 86' lang='lat' dir='ltr'>ita</span> <span class='ocrx_word' id='word_1_435' title='bbox 669 3327 708 3358; x_wconf 82' lang='lat' dir='ltr'>ut</span> <span class='ocrx_word' id='word_1_436' title='bbox 720 3326 812 3359; x_wconf 83' lang='lat' dir='ltr'>silva</span> <span class='ocrx_word' id='word_1_437' title='bbox 834 3334 901 3359; x_wconf 89' lang='lat' dir='ltr'>non</span> <span class='ocrx_word' id='word_1_438' title='bbox 917 3328 963 3359; x_wconf 87' lang='lat' dir='ltr'>sit</span> <span class='ocrx_word' id='word_1_439' title='bbox 981 3329 1154 3361; x_wconf 79' lang='lat' dir='ltr'>exsistens</span> <span class='ocrx_word' id='word_1_440' title='bbox 1170 3330 1267 3370; x_wconf 80' lang='lat' dir='ltr'>quid,</span> <span class='ocrx_word' id='word_1_441' title='bbox 1281 3331 1343 3363; x_wconf 81' lang='lat' dir='ltr'>sed</span> 
     </span>
     <span class='ocr_line' id='line_1_53' title="bbox 308 3383 1345 3427; baseline 0.007 -13"><span class='ocrx_word' id='word_1_442' title='bbox 308 3390 351 3414; x_wconf 77' lang='lat' dir='ltr'>ex</span> <span class='ocrx_word' id='word_1_443' title='bbox 376 3383 554 3416; x_wconf 82' lang='lat' dir='ltr'>accidenti.</span> <span class='ocrx_word' id='word_1_444' title='bbox 602 3386 767 3417; x_wconf 82' lang='lat' dir='ltr'>carentia</span> <span class='ocrx_word' id='word_1_445' title='bbox 792 3393 873 3417; x_wconf 84' lang='lat' dir='ltr'>vero</span> <span class='ocrx_word' id='word_1_446' title='bbox 889 3387 1140 3427; x_wconf 78' lang='lat' dir='ltr'>principaliter</span> <span class='ocrx_word' id='word_1_447' title='bbox 1157 3389 1190 3420; x_wconf 90' lang='lat' dir='ltr'>et</span> <span class='ocrx_word' id='word_1_448' title='bbox 1208 3390 1345 3421; x_wconf 77' lang='lat' dir='ltr'>omnino</span> 
     </span>
     <span class='ocr_line' id='line_1_54' title="bbox 309 3440 1343 3487; baseline 0.008 -15"><span class='ocrx_word' id='word_1_449' title='bbox 309 3440 410 3473; x_wconf 79' lang='lat' dir='ltr'>nihil.</span> <span class='ocrx_word' id='word_1_450' title='bbox 431 3444 475 3473; x_wconf 85' lang='lat' dir='ltr'>Et</span> <span class='ocrx_word' id='word_1_451' title='bbox 488 3442 577 3474; x_wconf 81' lang='lat' dir='ltr'>silva</span> <span class='ocrx_word' id='word_1_452' title='bbox 596 3443 737 3484; x_wconf 82' lang='lat' dir='ltr'>quidem</span> <span class='ocrx_word' id='word_1_453' title='bbox 751 3452 853 3485; x_wconf 80' lang='lat' dir='ltr'>prope</span> <span class='ocrx_word' id='word_1_454' title='bbox 868 3444 993 3478; x_wconf 81' lang='lat' dir='ltr'>habeat</span> <span class='ocrx_word' id='word_1_455' title='bbox 1007 3447 1209 3487; x_wconf 79' lang='lat' dir='ltr'>essentiam,</span> <span class='ocrx_word' id='word_1_456' title='bbox 1225 3455 1343 3480; x_wconf 84' lang='lat' dir='ltr'>caren-</span> 
     </span>
     <span class='ocr_line' id='line_1_55' title="bbox 312 3498 1345 3546; baseline 0.012 -18"><span class='ocrx_word' id='word_1_457' title='bbox 312 3498 359 3530; x_wconf 77' lang='lat' dir='ltr'>lia</span> <span class='ocrx_word' id='word_1_458' title='bbox 375 3499 478 3533; x_wconf 82' lang='lat' dir='ltr'>nulla</span> <span class='ocrx_word' id='word_1_459' title='bbox 490 3509 592 3541; x_wconf 86' lang='lat' dir='ltr'>porro</span> <span class='ocrx_word' id='word_1_460' title='bbox 605 3504 651 3534; x_wconf 85' lang='lat' dir='ltr'>sit</span> <span class='ocrx_word' id='word_1_461' title='bbox 672 3502 885 3536; x_wconf 80' lang='lat' dir='ltr'>substantia.</span> <span class='ocrx_word' id='word_1_462' title='bbox 932 3506 978 3537; x_wconf 86' lang='lat' dir='ltr'>Et</span> <span class='ocrx_word' id='word_1_463' title='bbox 1000 3504 1097 3545; x_wconf 79' lang='lat' dir='ltr'>aliis,</span> <span class='ocrx_word' id='word_1_464' title='bbox 1116 3504 1234 3546; x_wconf 88' lang='lat' dir='ltr'>inquit,</span> <span class='ocrx_word' id='word_1_465' title='bbox 1248 3505 1345 3539; x_wconf 84' lang='lat' dir='ltr'>vide·</span> 
     </span>
    </p>
   </div>
   <div class='ocr_carea' id='block_1_3' title="bbox 1380 360 2446 1949">
    <p class='ocr_par' dir='ltr' id='par_1_5' title="bbox 1380 360 2446 1949">
     <span class='ocr_line' id='line_1_56' title="bbox 1381 360 2425 402; baseline -0.008 -2"><span class='ocrx_word' id='word_1_466' title='bbox 1381 370 1441 401; x_wconf 84' lang='lat' dir='ltr'>tur</span> <span class='ocrx_word' id='word_1_467' title='bbox 1464 367 1622 400; x_wconf 80' lang='lat' dir='ltr'>carentia</span> <span class='ocrx_word' id='word_1_468' title='bbox 1638 367 1671 397; x_wconf 86' lang='lat' dir='ltr'>et</span> <span class='ocrx_word' id='word_1_469' title='bbox 1688 363 1782 395; x_wconf 84' lang='lat' dir='ltr'>silva</span> <span class='ocrx_word' id='word_1_470' title='bbox 1797 369 1906 394; x_wconf 85' lang='lat' dir='ltr'>unum</span> <span class='ocrx_word' id='word_1_471' title='bbox 1925 367 2016 399; x_wconf 82' lang='lat' dir='ltr'>esse,</span> <span class='ocrx_word' id='word_1_472' title='bbox 2039 367 2110 393; x_wconf 81' lang='lat' dir='ltr'>non</span> <span class='ocrx_word' id='word_1_473' title='bbox 2129 360 2224 393; x_wconf 81' lang='lat' dir='ltr'>recte</span> <span class='ocrx_word' id='word_1_474' title='bbox 2236 360 2425 402; x_wconf 78' lang='lat' dir='ltr'>spectanti·</span> 
     </span>
     <span class='ocr_line' id='line_1_57' title="bbox 1381 418 2427 462; baseline -0.008 -2"><span class='ocrx_word' id='word_1_475' title='bbox 1381 427 1443 459; x_wconf 84' lang='lat' dir='ltr'>bus</span> <span class='ocrx_word' id='word_1_476' title='bbox 1463 437 1476 459; x_wconf 91' lang='lat'>.-</span> <span class='ocrx_word' id='word_1_477' title='bbox 1492 425 1672 459; x_wconf 81' lang='lat' dir='ltr'>cumidem</span> <span class='ocrx_word' id='word_1_478' title='bbox 1692 423 1789 455; x_wconf 80' lang='lat' dir='ltr'>breve</span> <span class='ocrx_word' id='word_1_479' title='bbox 1807 423 1840 453; x_wconf 85' lang='lat' dir='ltr'>et</span> <span class='ocrx_word' id='word_1_480' title='bbox 1852 419 1986 458; x_wconf 72' lang='lat' dir='ltr'>orande</span> <span class='ocrx_word' id='word_1_481' title='bbox 1998 421 2252 460; x_wconf 64' lang='lat' dir='ltr'>coerceminent,</span> <span class='ocrx_word' id='word_1_482' title='bbox 2265 418 2427 462; x_wconf 82' lang='lat' dir='ltr'>duasque</span> 
     </span>
     <span class='ocr_line' id='line_1_58' title="bbox 1381 477 2426 525; baseline -0.007 -8"><span class='ocrx_word' id='word_1_483' title='bbox 1381 492 1435 517; x_wconf 85' lang='lat' dir='ltr'>res</span> <span class='ocrx_word' id='word_1_484' title='bbox 1461 485 1653 525; x_wconf 82' lang='lat' dir='ltr'>separatim</span> <span class='ocrx_word' id='word_1_485' title='bbox 1670 479 1880 523; x_wconf 78' lang='lat' dir='ltr'>spectandas</span> <span class='ocrx_word' id='word_1_486' title='bbox 1909 479 1946 511; x_wconf 87' lang='lat' dir='ltr'>in</span> <span class='ocrx_word' id='word_1_487' title='bbox 1970 485 2079 511; x_wconf 86' lang='lat' dir='ltr'>unam</span> <span class='ocrx_word' id='word_1_488' title='bbox 2096 477 2312 520; x_wconf 83' lang='lat' dir='ltr'>eandemque</span> <span class='ocrx_word' id='word_1_489' title='bbox 2331 477 2426 510; x_wconf 84' lang='lat' dir='ltr'>redi·</span> 
     </span>
     <span class='ocr_line' id='line_1_59' title="bbox 1384 538 2428 586; baseline -0.007 -8"><span class='ocrx_word' id='word_1_490' title='bbox 1384 548 1483 586; x_wconf 74' lang='lat' dir='ltr'>qant,</span> <span class='ocrx_word' id='word_1_491' title='bbox 1510 546 1545 577; x_wconf 87' lang='lat' dir='ltr'>et</span> <span class='ocrx_word' id='word_1_492' title='bbox 1563 551 1674 576; x_wconf 85' lang='lat' dir='ltr'>unum</span> <span class='ocrx_word' id='word_1_493' title='bbox 1695 541 1837 582; x_wconf 82' lang='lat' dir='ltr'>aliquid</span> <span class='ocrx_word' id='word_1_494' title='bbox 1861 539 2042 580; x_wconf 82' lang='lat' dir='ltr'>subjacere</span> <span class='ocrx_word' id='word_1_495' title='bbox 2066 540 2196 581; x_wconf 81' lang='lat' dir='ltr'>putent</span> <span class='ocrx_word' id='word_1_496' title='bbox 2216 538 2428 581; x_wconf 77' lang='lat' dir='ltr'>corporibus.</span> 
     </span>
     <span class='ocr_line' id='line_1_60' title="bbox 1386 598 2431 644; baseline -0.006 -6"><span class='ocrx_word' id='word_1_497' title='bbox 1386 607 1450 644; x_wconf 84' lang='lat' dir='ltr'>Qui</span> <span class='ocrx_word' id='word_1_498' title='bbox 1475 604 1613 637; x_wconf 84' lang='lat' dir='ltr'>etiamsi</span> <span class='ocrx_word' id='word_1_499' title='bbox 1640 601 1800 635; x_wconf 74' lang='lat' dir='ltr'>dividant</span> <span class='ocrx_word' id='word_1_500' title='bbox 1822 599 1939 641; x_wconf 81' lang='lat' dir='ltr'>maJ&#39;us</span> <span class='ocrx_word' id='word_1_501' title='bbox 1967 598 2065 632; x_wconf 84' lang='lat' dir='ltr'>illud</span> <span class='ocrx_word' id='word_1_502' title='bbox 2083 600 2117 632; x_wconf 84' lang='lat' dir='ltr'>et</span> <span class='ocrx_word' id='word_1_503' title='bbox 2144 600 2275 639; x_wconf 76' lang='lat' dir='ltr'>minus,</span> <span class='ocrx_word' id='word_1_504' title='bbox 2295 600 2337 633; x_wconf 80' lang='lat' dir='ltr'>ut</span> <span class='ocrx_word' id='word_1_505' title='bbox 2354 600 2431 632; x_wconf 72' lang='lat' dir='ltr'>sint</span> 
     </span>
     <span class='ocr_line' id='line_1_61' title="bbox 1383 658 2431 706; baseline -0.006 -7"><span class='ocrx_word' id='word_1_506' title='bbox 1383 666 1465 705; x_wconf 88' lang='lat' dir='ltr'>duo,</span> <span class='ocrx_word' id='word_1_507' title='bbox 1493 672 1588 706; x_wconf 70' lang='lat' dir='ltr'>aeque</span> <span class='ocrx_word' id='word_1_508' title='bbox 1604 671 1649 695; x_wconf 79' lang='lat' dir='ltr'>ex</span> <span class='ocrx_word' id='word_1_509' title='bbox 1674 662 1739 695; x_wconf 75' lang='lat' dir='ltr'>hac</span> <span class='ocrx_word' id='word_1_510' title='bbox 1762 661 1902 694; x_wconf 84' lang='lat' dir='ltr'>duitate</span> <span class='ocrx_word' id='word_1_511' title='bbox 1921 668 1997 694; x_wconf 86' lang='lat' dir='ltr'>una</span> <span class='ocrx_word' id='word_1_512' title='bbox 2018 668 2074 693; x_wconf 87' lang='lat' dir='ltr'>res</span> <span class='ocrx_word' id='word_1_513' title='bbox 2091 658 2330 701; x_wconf 56' lang='lat' dir='ltr'>simulentur,</span> <span class='ocrx_word' id='word_1_514' title='bbox 2353 659 2431 693; x_wconf 82' lang='lat' dir='ltr'>alia</span> 
     </span>
     <span class='ocr_line' id='line_1_62' title="bbox 1383 720 2430 763; baseline -0.005 -5"><span class='ocrx_word' id='word_1_515' title='bbox 1383 724 1646 758; x_wconf 73' lang='lat' dir='ltr'>intermittitur.</span> <span class='ocrx_word' id='word_1_516' title='bbox 1690 720 1868 763; x_wconf 80' lang='lat' dir='ltr'>Siquidem</span> <span class='ocrx_word' id='word_1_517' title='bbox 1889 721 1993 762; x_wconf 85' lang='lat' dir='ltr'>silva,</span> <span class='ocrx_word' id='word_1_518' title='bbox 2011 722 2184 762; x_wconf 79' lang='lat' dir='ltr'>tanquam</span> <span class='ocrx_word' id='word_1_519' title='bbox 2200 721 2328 761; x_wconf 82' lang='lat' dir='ltr'>mater,</span> <span class='ocrx_word' id='word_1_520' title='bbox 2352 727 2430 753; x_wconf 82' lang='lat' dir='ltr'>cor·</span> 
     </span>
     <span class='ocr_line' id='line_1_63' title="bbox 1380 778 2431 826; baseline -0.004 -10"><span class='ocrx_word' id='word_1_521' title='bbox 1380 791 1507 826; x_wconf 86' lang='lat' dir='ltr'>porum</span> <span class='ocrx_word' id='word_1_522' title='bbox 1516 781 1729 822; x_wconf 84' lang='lat' dir='ltr'>formationi</span> <span class='ocrx_word' id='word_1_523' title='bbox 1746 778 1949 819; x_wconf 81' lang='lat' dir='ltr'>adjumento</span> <span class='ocrx_word' id='word_1_524' title='bbox 1963 782 2029 813; x_wconf 85' lang='lat' dir='ltr'>est.</span> <span class='ocrx_word' id='word_1_525' title='bbox 2079 781 2245 813; x_wconf 76' lang='lat' dir='ltr'>carentia</span> <span class='ocrx_word' id='word_1_526' title='bbox 2263 786 2344 813; x_wconf 79' lang='lat' dir='ltr'>vero</span> <span class='ocrx_word' id='word_1_527' title='bbox 2363 787 2431 812; x_wconf 74' lang='lat' dir='ltr'>non</span> 
     </span>
     <span class='ocr_line' id='line_1_64' title="bbox 1384 838 2434 882; baseline -0.005 -6"><span class='ocrx_word' id='word_1_528' title='bbox 1384 842 1532 882; x_wconf 79' lang='lat' dir='ltr'>adjuvat</span> <span class='ocrx_word' id='word_1_529' title='bbox 1553 841 1828 880; x_wconf 78' lang='lat' dir='ltr'>formationem,</span> <span class='ocrx_word' id='word_1_530' title='bbox 1847 838 1909 871; x_wconf 82' lang='lat' dir='ltr'>sed</span> <span class='ocrx_word' id='word_1_531' title='bbox 1933 841 2051 881; x_wconf 82' lang='lat' dir='ltr'>potius</span> <span class='ocrx_word' id='word_1_532' title='bbox 2074 840 2220 881; x_wconf 84' lang='lat' dir='ltr'>impedit</span> <span class='ocrx_word' id='word_1_533' title='bbox 2244 846 2288 872; x_wconf 86' lang='lat' dir='ltr'>ac</span> <span class='ocrx_word' id='word_1_534' title='bbox 2312 839 2434 872; x_wconf 80' lang='lat' dir='ltr'>reniti-</span> 
     </span>
     <span class='ocr_line' id='line_1_65' title="bbox 1385 897 2433 943; baseline -0.005 -9"><span class='ocrx_word' id='word_1_535' title='bbox 1385 903 1445 934; x_wconf 84' lang='lat' dir='ltr'>tur</span> <span class='ocrx_word' id='word_1_536' title='bbox 1455 913 1468 942; x_wconf 89' lang='lat'><em>;</em></span> <span class='ocrx_word' id='word_1_537' title='bbox 1486 902 1662 943; x_wconf 83' lang='lat' dir='ltr'>quatenus</span> <span class='ocrx_word' id='word_1_538' title='bbox 1679 901 1767 942; x_wconf 84' lang='lat' dir='ltr'>quia</span> <span class='ocrx_word' id='word_1_539' title='bbox 1791 907 1872 932; x_wconf 88' lang='lat' dir='ltr'>cum</span> <span class='ocrx_word' id='word_1_540' title='bbox 1891 900 2021 941; x_wconf 83' lang='lat' dir='ltr'>species</span> <span class='ocrx_word' id='word_1_541' title='bbox 2039 897 2162 932; x_wconf 87' lang='lat' dir='ltr'>divina</span> <span class='ocrx_word' id='word_1_542' title='bbox 2182 906 2239 931; x_wconf 82' lang='lat' dir='ltr'>res·</span> <span class='ocrx_word' id='word_1_543' title='bbox 2253 898 2305 930; x_wconf 81' lang='lat' dir='ltr'>sit</span> <span class='ocrx_word' id='word_1_544' title='bbox 2319 898 2356 930; x_wconf 78' lang='lat' dir='ltr'>et</span> <span class='ocrx_word' id='word_1_545' title='bbox 2369 904 2433 938; x_wconf 85' lang='lat' dir='ltr'>ap-</span> 
     </span>
     <span class='ocr_line' id='line_1_66' title="bbox 1382 956 2437 1002; baseline -0.004 -9"><span class='ocrx_word' id='word_1_546' title='bbox 1382 960 1551 1002; x_wconf 83' lang='lat' dir='ltr'>petibilis,</span> <span class='ocrx_word' id='word_1_547' title='bbox 1570 959 1750 993; x_wconf 86' lang='lat' dir='ltr'>contraria</span> <span class='ocrx_word' id='word_1_548' title='bbox 1770 960 1822 991; x_wconf 86' lang='lat' dir='ltr'>est</span> <span class='ocrx_word' id='word_1_549' title='bbox 1837 959 1870 991; x_wconf 86' lang='lat' dir='ltr'>ei</span> <span class='ocrx_word' id='word_1_550' title='bbox 1885 959 2055 991; x_wconf 87' lang='lat' dir='ltr'>carentia.</span> <span class='ocrx_word' id='word_1_551' title='bbox 2087 957 2188 990; x_wconf 86' lang='lat' dir='ltr'>Silva</span> <span class='ocrx_word' id='word_1_552' title='bbox 2207 964 2288 991; x_wconf 87' lang='lat' dir='ltr'>vero</span> <span class='ocrx_word' id='word_1_553' title='bbox 2301 956 2437 998; x_wconf 74' lang='lat' dir='ltr'>appetit</span> 
     </span>
     <span class='ocr_line' id='line_1_67' title="bbox 1385 1015 2437 1058; baseline -0.004 -6"><span class='ocrx_word' id='word_1_554' title='bbox 1385 1019 1537 1058; x_wconf 78' lang='lat' dir='ltr'>formam</span> <span class='ocrx_word' id='word_1_555' title='bbox 1567 1021 1602 1052; x_wconf 90' lang='lat' dir='ltr'>et</span> <span class='ocrx_word' id='word_1_556' title='bbox 1632 1018 1912 1051; x_wconf 76' lang='lat' dir='ltr'>illustrationem</span> <span class='ocrx_word' id='word_1_557' title='bbox 1924 1042 1932 1057; x_wconf 92' lang='lat'>‚</span> <span class='ocrx_word' id='word_1_558' title='bbox 1951 1016 2148 1058; x_wconf 74' lang='lat' dir='ltr'>cupidoque</span> <span class='ocrx_word' id='word_1_559' title='bbox 2166 1015 2244 1057; x_wconf 76' lang='lat' dir='ltr'>ejus</span> <span class='ocrx_word' id='word_1_560' title='bbox 2260 1016 2314 1048; x_wconf 80' lang='lat' dir='ltr'>est</span> <span class='ocrx_word' id='word_1_561' title='bbox 2328 1015 2437 1056; x_wconf 75' lang='lat' dir='ltr'>iuxta</span> 
     </span>
     <span class='ocr_line' id='line_1_68' title="bbox 1387 1073 2439 1119; baseline -0.004 -8"><span class='ocrx_word' id='word_1_562' title='bbox 1387 1080 1555 1111; x_wconf 84' lang='lat' dir='ltr'>naturam</span> <span class='ocrx_word' id='word_1_563' title='bbox 1581 1078 1775 1119; x_wconf 82' lang='lat' dir='ltr'>propriam.</span> <span class='ocrx_word' id='word_1_564' title='bbox 1821 1078 1933 1109; x_wconf 87' lang='lat' dir='ltr'>Porro</span> <span class='ocrx_word' id='word_1_565' title='bbox 1959 1076 2121 1109; x_wconf 83' lang='lat' dir='ltr'>carentia</span> <span class='ocrx_word' id='word_1_566' title='bbox 2145 1076 2177 1108; x_wconf 82' lang='lat' dir='ltr'>si</span> <span class='ocrx_word' id='word_1_567' title='bbox 2194 1076 2338 1117; x_wconf 76' lang='lat' dir='ltr'>appetat</span> <span class='ocrx_word' id='word_1_568' title='bbox 2356 1073 2439 1115; x_wconf 85' lang='lat' dir='ltr'>sor-</span> 
     </span>
     <span class='ocr_line' id='line_1_69' title="bbox 1386 1136 2439 1179; baseline -0.003 -8"><span class='ocrx_word' id='word_1_569' title='bbox 1386 1146 1493 1178; x_wconf 87' lang='lat' dir='ltr'>mam,</span> <span class='ocrx_word' id='word_1_570' title='bbox 1511 1139 1672 1179; x_wconf 82' lang='lat' dir='ltr'>appetere</span> <span class='ocrx_word' id='word_1_571' title='bbox 1690 1145 1769 1169; x_wconf 85' lang='lat' dir='ltr'>cam</span> <span class='ocrx_word' id='word_1_572' title='bbox 1786 1144 1920 1169; x_wconf 84' lang='lat' dir='ltr'>necesse</span> <span class='ocrx_word' id='word_1_573' title='bbox 1941 1137 1992 1169; x_wconf 83' lang='lat' dir='ltr'>est</span> <span class='ocrx_word' id='word_1_574' title='bbox 2013 1136 2308 1169; x_wconf 78' lang='lat' dir='ltr'>contrarietatem</span> <span class='ocrx_word' id='word_1_575' title='bbox 2321 1141 2439 1176; x_wconf 78' lang='lat' dir='ltr'>suam,</span> 
     </span>
     <span class='ocr_line' id='line_1_70' title="bbox 1388 1191 2441 1237; baseline -0.003 -8"><span class='ocrx_word' id='word_1_576' title='bbox 1388 1199 1422 1230; x_wconf 89' lang='lat' dir='ltr'>et</span> <span class='ocrx_word' id='word_1_577' title='bbox 1439 1197 1549 1228; x_wconf 85' lang='lat' dir='ltr'>omnis</span> <span class='ocrx_word' id='word_1_578' title='bbox 1562 1196 1801 1228; x_wconf 84' lang='lat' dir='ltr'>contrarietas</span> <span class='ocrx_word' id='word_1_579' title='bbox 1816 1195 2004 1227; x_wconf 82' lang='lat' dir='ltr'>interitum</span> <span class='ocrx_word' id='word_1_580' title='bbox 2021 1192 2146 1237; x_wconf 76' lang='lat' dir='ltr'>affert.</span> <span class='ocrx_word' id='word_1_581' title='bbox 2168 1193 2311 1228; x_wconf 72' lang='lat' dir='ltr'>Minime</span> <span class='ocrx_word' id='word_1_582' title='bbox 2328 1191 2441 1233; x_wconf 66' lang='lat' dir='ltr'>initur</span> 
     </span>
     <span class='ocr_line' id='line_1_71' title="bbox 1388 1251 2440 1293; baseline -0.004 -5"><span class='ocrx_word' id='word_1_583' title='bbox 1388 1257 1577 1288; x_wconf 81' lang='lat' dir='ltr'>interitum</span> <span class='ocrx_word' id='word_1_584' title='bbox 1595 1262 1700 1287; x_wconf 78' lang='lat' dir='ltr'>suum</span> <span class='ocrx_word' id='word_1_585' title='bbox 1722 1255 1884 1287; x_wconf 86' lang='lat' dir='ltr'>carentia</span> <span class='ocrx_word' id='word_1_586' title='bbox 1904 1251 2134 1286; x_wconf 83' lang='lat' dir='ltr'>desiderabit.</span> <span class='ocrx_word' id='word_1_587' title='bbox 2179 1253 2250 1285; x_wconf 83' lang='lat' dir='ltr'>Nec</span> <span class='ocrx_word' id='word_1_588' title='bbox 2266 1259 2348 1285; x_wconf 80' lang='lat' dir='ltr'>uero</span> <span class='ocrx_word' id='word_1_589' title='bbox 2362 1257 2440 1293; x_wconf 78' lang='lat' dir='ltr'>spe·</span> 
     </span>
     <span class='ocr_line' id='line_1_72' title="bbox 1388 1309 2441 1356; baseline -0.004 -9"><span class='ocrx_word' id='word_1_590' title='bbox 1388 1316 1455 1348; x_wconf 82' lang='lat' dir='ltr'>cies</span> <span class='ocrx_word' id='word_1_591' title='bbox 1474 1323 1510 1347; x_wconf 87' lang='lat' dir='ltr'>se</span> <span class='ocrx_word' id='word_1_592' title='bbox 1527 1316 1642 1356; x_wconf 82' lang='lat' dir='ltr'>ipsam</span> <span class='ocrx_word' id='word_1_593' title='bbox 1656 1315 1770 1356; x_wconf 83' lang='lat' dir='ltr'>potest</span> <span class='ocrx_word' id='word_1_594' title='bbox 1782 1321 1918 1355; x_wconf 82' lang='lat' dir='ltr'>cupere.</span> <span class='ocrx_word' id='word_1_595' title='bbox 1929 1314 1993 1345; x_wconf 84' lang='lat' dir='ltr'>Est</span> <span class='ocrx_word' id='word_1_596' title='bbox 2007 1313 2100 1345; x_wconf 82' lang='lat' dir='ltr'>enim</span> <span class='ocrx_word' id='word_1_597' title='bbox 2111 1311 2258 1352; x_wconf 80' lang='lat' dir='ltr'>plenum</span> <span class='ocrx_word' id='word_1_598' title='bbox 2273 1312 2308 1344; x_wconf 82' lang='lat' dir='ltr'>et</span> <span class='ocrx_word' id='word_1_599' title='bbox 2322 1309 2441 1353; x_wconf 73' lang='lat' dir='ltr'>perse-</span> 
     </span>
     <span class='ocr_line' id='line_1_73' title="bbox 1389 1369 2442 1415; baseline -0.006 -7"><span class='ocrx_word' id='word_1_600' title='bbox 1389 1377 1483 1408; x_wconf 79' lang='lat' dir='ltr'>ctum</span> <span class='ocrx_word' id='word_1_601' title='bbox 1492 1374 1630 1415; x_wconf 85' lang='lat' dir='ltr'>bonum,</span> <span class='ocrx_word' id='word_1_602' title='bbox 1642 1375 1675 1407; x_wconf 89' lang='lat' dir='ltr'>et</span> <span class='ocrx_word' id='word_1_603' title='bbox 1689 1381 1788 1406; x_wconf 84' lang='lat' dir='ltr'>omne</span> <span class='ocrx_word' id='word_1_604' title='bbox 1797 1372 1892 1415; x_wconf 82' lang='lat' dir='ltr'>quod</span> <span class='ocrx_word' id='word_1_605' title='bbox 1900 1371 2079 1405; x_wconf 79' lang='lat' dir='ltr'>desiderat</span> <span class='ocrx_word' id='word_1_606' title='bbox 2091 1373 2128 1404; x_wconf 88' lang='lat' dir='ltr'>in</span> <span class='ocrx_word' id='word_1_607' title='bbox 2141 1369 2340 1412; x_wconf 71' lang='lat' dir='ltr'>indiqentia</span> <span class='ocrx_word' id='word_1_608' title='bbox 2347 1370 2442 1413; x_wconf 78' lang='lat' dir='ltr'>posi·</span> 
     </span>
     <span class='ocr_line' id='line_1_74' title="bbox 1391 1430 2440 1473; baseline -0.004 -7"><span class='ocrx_word' id='word_1_609' title='bbox 1391 1436 1464 1466; x_wconf 80' lang='lat' dir='ltr'>tum</span> <span class='ocrx_word' id='word_1_610' title='bbox 1476 1435 1537 1466; x_wconf 89' lang='lat' dir='ltr'>est.</span> <span class='ocrx_word' id='word_1_611' title='bbox 1550 1433 1632 1466; x_wconf 87' lang='lat' dir='ltr'>Sota</span> <span class='ocrx_word' id='word_1_612' title='bbox 1641 1432 1850 1473; x_wconf 76' lang='lat' dir='ltr'>iqitursitva</span> <span class='ocrx_word' id='word_1_613' title='bbox 1868 1434 1939 1472; x_wconf 85' lang='lat' dir='ltr'>est,</span> <span class='ocrx_word' id='word_1_614' title='bbox 1949 1439 2027 1473; x_wconf 78' lang='lat' dir='ltr'>quoe</span> <span class='ocrx_word' id='word_1_615' title='bbox 2039 1431 2138 1472; x_wconf 83' lang='lat' dir='ltr'>cupit</span> <span class='ocrx_word' id='word_1_616' title='bbox 2149 1430 2440 1466; x_wconf 79' lang='lat' dir='ltr'>illustrationem,</span> 
     </span>
     <span class='ocr_line' id='line_1_75' title="bbox 1386 1488 2443 1535; baseline -0.004 -10"><span class='ocrx_word' id='word_1_617' title='bbox 1386 1492 1535 1535; x_wconf 85' lang='lat' dir='ltr'>perinde</span> <span class='ocrx_word' id='word_1_618' title='bbox 1567 1494 1610 1524; x_wconf 88' lang='lat' dir='ltr'>ut</span> <span class='ocrx_word' id='word_1_619' title='bbox 1634 1491 1815 1532; x_wconf 86' lang='lat' dir='ltr'>semineus</span> <span class='ocrx_word' id='word_1_620' title='bbox 1849 1499 1958 1524; x_wconf 76' lang='lat' dir='ltr'>sexus</span> <span class='ocrx_word' id='word_1_621' title='bbox 1992 1490 2132 1523; x_wconf 83' lang='lat' dir='ltr'>virilem</span> <span class='ocrx_word' id='word_1_622' title='bbox 2167 1490 2203 1522; x_wconf 84' lang='lat' dir='ltr'>et</span> <span class='ocrx_word' id='word_1_623' title='bbox 2233 1488 2443 1530; x_wconf 81' lang='lat' dir='ltr'>deformitas</span> 
     </span>
     <span class='ocr_line' id='line_1_76' title="bbox 1388 1548 2443 1593; baseline -0.004 -9"><span class='ocrx_word' id='word_1_624' title='bbox 1388 1550 1713 1593; x_wconf 79' lang='lat' dir='ltr'>pulchritudinem,·</span> <span class='ocrx_word' id='word_1_625' title='bbox 1743 1553 1794 1584; x_wconf 87' lang='lat' dir='ltr'>ita</span> <span class='ocrx_word' id='word_1_626' title='bbox 1815 1552 1947 1590; x_wconf 86' lang='lat' dir='ltr'>tamen,</span> <span class='ocrx_word' id='word_1_627' title='bbox 1971 1551 2013 1583; x_wconf 84' lang='lat' dir='ltr'>ut</span> <span class='ocrx_word' id='word_1_628' title='bbox 2036 1548 2244 1591; x_wconf 73' lang='lat' dir='ltr'>deformitas</span> <span class='ocrx_word' id='word_1_629' title='bbox 2259 1548 2359 1582; x_wconf 66' lang='lat' dir='ltr'>silvae</span> <span class='ocrx_word' id='word_1_630' title='bbox 2373 1555 2443 1581; x_wconf 76' lang='lat' dir='ltr'>non</span> 
     </span>
     <span class='ocr_line' id='line_1_77' title="bbox 1390 1607 2443 1650; baseline -0.005 -6"><span class='ocrx_word' id='word_1_631' title='bbox 1390 1619 1434 1644; x_wconf 78' lang='lat' dir='ltr'>ex</span> <span class='ocrx_word' id='word_1_632' title='bbox 1451 1612 1595 1650; x_wconf 84' lang='lat' dir='ltr'>natura,</span> <span class='ocrx_word' id='word_1_633' title='bbox 1610 1610 1671 1643; x_wconf 84' lang='lat' dir='ltr'>sed</span> <span class='ocrx_word' id='word_1_634' title='bbox 1689 1617 1734 1643; x_wconf 78' lang='lat' dir='ltr'>ex</span> <span class='ocrx_word' id='word_1_635' title='bbox 1745 1610 1918 1642; x_wconf 85' lang='lat' dir='ltr'>accidenti</span> <span class='ocrx_word' id='word_1_636' title='bbox 1941 1611 2002 1642; x_wconf 82' lang='lat' dir='ltr'>sit.</span> <span class='ocrx_word' id='word_1_637' title='bbox 2042 1611 2126 1647; x_wconf 57' lang='lat' dir='ltr'>Quae</span> <span class='ocrx_word' id='word_1_638' title='bbox 2143 1608 2237 1641; x_wconf 78' lang='lat' dir='ltr'>silva</span> <span class='ocrx_word' id='word_1_639' title='bbox 2255 1607 2299 1647; x_wconf 79' lang='lat' dir='ltr'>lit</span> <span class='ocrx_word' id='word_1_640' title='bbox 2318 1609 2354 1640; x_wconf 83' lang='lat' dir='ltr'>et</span> <span class='ocrx_word' id='word_1_641' title='bbox 2369 1615 2443 1640; x_wconf 81' lang='lat' dir='ltr'>cor-</span> 
     </span>
     <span class='ocr_line' id='line_1_78' title="bbox 1390 1668 2443 1711; baseline -0.004 -8"><span class='ocrx_word' id='word_1_642' title='bbox 1390 1672 1574 1711; x_wconf 82' lang='lat' dir='ltr'>rumpitur</span> <span class='ocrx_word' id='word_1_643' title='bbox 1589 1672 1692 1703; x_wconf 87' lang='lat' dir='ltr'>certe.</span> <span class='ocrx_word' id='word_1_644' title='bbox 1714 1671 1872 1711; x_wconf 78' lang='lat' dir='ltr'>Cumque</span> <span class='ocrx_word' id='word_1_645' title='bbox 1885 1668 1940 1710; x_wconf 84' lang='lat' dir='ltr'>fit,</span> <span class='ocrx_word' id='word_1_646' title='bbox 1962 1670 2012 1701; x_wconf 89' lang='lat' dir='ltr'>est</span> <span class='ocrx_word' id='word_1_647' title='bbox 2027 1668 2255 1710; x_wconf 83' lang='lat' dir='ltr'>atiquatenus</span> <span class='ocrx_word' id='word_1_648' title='bbox 2272 1675 2284 1696; x_wconf 87' lang='grc'>.·</span> <span class='ocrx_word' id='word_1_649' title='bbox 2303 1669 2338 1700; x_wconf 85' lang='lat' dir='ltr'>et</span> <span class='ocrx_word' id='word_1_650' title='bbox 2360 1675 2443 1700; x_wconf 79' lang='lat' dir='ltr'>cum</span> 
     </span>
     <span class='ocr_line' id='line_1_79' title="bbox 1391 1727 2443 1771; baseline -0.002 -7"><span class='ocrx_word' id='word_1_651' title='bbox 1391 1731 1612 1771; x_wconf 83' lang='lat' dir='ltr'>dissolvitur,</span> <span class='ocrx_word' id='word_1_652' title='bbox 1631 1738 1700 1762; x_wconf 83' lang='lat' dir='ltr'>non</span> <span class='ocrx_word' id='word_1_653' title='bbox 1722 1732 1774 1763; x_wconf 85' lang='lat' dir='ltr'>est</span> <span class='ocrx_word' id='word_1_654' title='bbox 1788 1729 2021 1771; x_wconf 82' lang='lat' dir='ltr'>aliquatenus</span> <span class='ocrx_word' id='word_1_655' title='bbox 2039 1737 2047 1760; x_wconf 90' lang='lat'>:</span> <span class='ocrx_word' id='word_1_656' title='bbox 2072 1727 2344 1770; x_wconf 66' lang='lat' dir='ltr'>corruptamque</span> <span class='ocrx_word' id='word_1_657' title='bbox 2364 1728 2443 1768; x_wconf 76' lang='lat' dir='ltr'>ejus</span> 
     </span>
     <span class='ocr_line' id='line_1_80' title="bbox 1391 1788 2443 1836; baseline -0.002 -13"><span class='ocrx_word' id='word_1_658' title='bbox 1391 1793 1538 1831; x_wconf 85' lang='lat' dir='ltr'>propter</span> <span class='ocrx_word' id='word_1_659' title='bbox 1563 1789 2004 1836; x_wconf 13' lang='lat' dir='ltr'>individuambcarentiam</span> <span class='ocrx_word' id='word_1_660' title='bbox 2030 1788 2203 1829; x_wconf 83' lang='lat' dir='ltr'>provenit.</span> <span class='ocrx_word' id='word_1_661' title='bbox 2258 1788 2344 1829; x_wconf 81' lang='lat' dir='ltr'>Ipsa</span> <span class='ocrx_word' id='word_1_662' title='bbox 2360 1795 2443 1822; x_wconf 79' lang='lat' dir='ltr'>vero</span> 
     </span>
     <span class='ocr_line' id='line_1_81' title="bbox 1390 1845 2442 1891; baseline -0.002 -9"><span class='ocrx_word' id='word_1_663' title='bbox 1390 1849 1622 1891; x_wconf 82' lang='lat' dir='ltr'>possibilitate</span> <span class='ocrx_word' id='word_1_664' title='bbox 1635 1872 1645 1888; x_wconf 91' lang='lat'>‚</span> <span class='ocrx_word' id='word_1_665' title='bbox 1663 1856 1731 1881; x_wconf 84' lang='lat' dir='ltr'>non</span> <span class='ocrx_word' id='word_1_666' title='bbox 1746 1850 1879 1880; x_wconf 86' lang='lat' dir='ltr'>natura</span> <span class='ocrx_word' id='word_1_667' title='bbox 1897 1847 2113 1880; x_wconf 85' lang='lat' dir='ltr'>immortalis</span> <span class='ocrx_word' id='word_1_668' title='bbox 2130 1848 2202 1885; x_wconf 86' lang='lat' dir='ltr'>est,</span> <span class='ocrx_word' id='word_1_669' title='bbox 2223 1854 2266 1879; x_wconf 88' lang='lat' dir='ltr'>ac</span> <span class='ocrx_word' id='word_1_670' title='bbox 2294 1847 2374 1879; x_wconf 77' lang='lat' dir='ltr'>sine</span> <span class='ocrx_word' id='word_1_671' title='bbox 2387 1845 2442 1889; x_wconf 66' lang='lat'>9⁶⁴</span> 
     </span>
     <span class='ocr_line' id='line_1_82' title="bbox 1394 1906 2446 1949; baseline -0.003 -8"><span class='ocrx_word' id='word_1_672' title='bbox 1394 1910 1579 1941; x_wconf 86' lang='lat' dir='ltr'>neratione</span> <span class='ocrx_word' id='word_1_673' title='bbox 1595 1916 1606 1937; x_wconf 88' lang='lat'>.·</span> <span class='ocrx_word' id='word_1_674' title='bbox 1629 1909 1818 1949; x_wconf 85' lang='lat' dir='ltr'>propterea</span> <span class='ocrx_word' id='word_1_675' title='bbox 1845 1906 1940 1948; x_wconf 85' lang='lat' dir='ltr'>quod</span> <span class='ocrx_word' id='word_1_676' title='bbox 1962 1914 2098 1939; x_wconf 85' lang='lat' dir='ltr'>necesse</span> <span class='ocrx_word' id='word_1_677' title='bbox 2116 1907 2196 1939; x_wconf 87' lang='lat' dir='ltr'>erat</span> <span class='ocrx_word' id='word_1_678' title='bbox 2213 1906 2258 1938; x_wconf 80' lang='lat' dir='ltr'>iis</span> <span class='ocrx_word' id='word_1_679' title='bbox 2279 1913 2358 1947; x_wconf 73' lang='lat' dir='ltr'>quae</span> <span class='ocrx_word' id='word_1_680' title='bbox 2379 1913 2446 1938; x_wconf 88' lang='lat' dir='ltr'>na-</span> 
     </span>
    </p>
   </div>
   <div class='ocr_carea' id='block_1_4' title="bbox 1393 1960 2486 2070">
    <p class='ocr_par' dir='ltr' id='par_1_6' title="bbox 1393 1960 2486 2070">
     <span class='ocr_line' id='line_1_83' title="bbox 1393 1960 2486 2008; baseline -0.002 -7"><span class='ocrx_word' id='word_1_681' title='bbox 1393 1970 1540 2001; x_wconf 85' lang='lat' dir='ltr'>scuntur</span> <span class='ocrx_word' id='word_1_682' title='bbox 1563 1967 1747 2008; x_wconf 87' lang='lat' dir='ltr'>subjacere</span> <span class='ocrx_word' id='word_1_683' title='bbox 1765 1966 1905 2008; x_wconf 80' lang='lat' dir='ltr'>aliquid</span> <span class='ocrx_word' id='word_1_684' title='bbox 1934 1967 2143 2008; x_wconf 82' lang='lat' dir='ltr'>antiquius,</span> <span class='ocrx_word' id='word_1_685' title='bbox 2167 1973 2213 1998; x_wconf 79' lang='lat' dir='ltr'>ex</span> <span class='ocrx_word' id='word_1_686' title='bbox 2230 1973 2300 2007; x_wconf 83' lang='lat' dir='ltr'>quo</span> <span class='ocrx_word' id='word_1_687' title='bbox 2317 1962 2447 2008; x_wconf 77' lang='lat' dir='ltr'>fierent</span> <span class='ocrx_word' id='word_1_688' title='bbox 2483 1960 2486 1963; x_wconf 75' lang='grc'><strong>’</strong></span> 
     </span>
     <span class='ocr_line' id='line_1_84' title="bbox 1394 2024 2486 2070; baseline -0.002 -9"><span class='ocrx_word' id='word_1_689' title='bbox 1394 2030 1501 2070; x_wconf 87' lang='lat' dir='ltr'>atque</span> <span class='ocrx_word' id='word_1_690' title='bbox 1517 2027 1566 2060; x_wconf 86' lang='lat' dir='ltr'>ad</span> <span class='ocrx_word' id='word_1_691' title='bbox 1578 2028 1839 2069; x_wconf 77' lang='lat' dir='ltr'>qenerationem</span> <span class='ocrx_word' id='word_1_692' title='bbox 1861 2027 2030 2059; x_wconf 87' lang='lat' dir='ltr'>venirent.</span> <span class='ocrx_word' id='word_1_693' title='bbox 2079 2024 2175 2058; x_wconf 87' lang='lat' dir='ltr'>Talis</span> <span class='ocrx_word' id='word_1_694' title='bbox 2186 2026 2240 2059; x_wconf 82' lang='lat' dir='ltr'>est</span> <span class='ocrx_word' id='word_1_695' title='bbox 2246 2032 2360 2067; x_wconf 82' lang='lat' dir='ltr'>porro</span> <span class='ocrx_word' id='word_1_696' title='bbox 2375 2024 2448 2059; x_wconf 62' lang='lat' dir='ltr'>haic</span> <span class='ocrx_word' id='word_1_697' title='bbox 2484 2032 2486 2034; x_wconf 83' lang='lat'>·</span> 
     </span>
    </p>
   </div>
   <div class='ocr_carea' id='block_1_5' title="bbox 1390 2082 2452 2777">
    <p class='ocr_par' dir='ltr' id='par_1_7' title="bbox 1390 2082 2449 2366">
     <span class='ocr_line' id='line_1_85' title="bbox 1394 2082 2448 2126; baseline -0.004 -5"><span class='ocrx_word' id='word_1_698' title='bbox 1394 2090 1538 2121; x_wconf 89' lang='lat' dir='ltr'>natura.</span> <span class='ocrx_word' id='word_1_699' title='bbox 1586 2089 1726 2120; x_wconf 82' lang='lat' dir='ltr'>Necesse</span> <span class='ocrx_word' id='word_1_700' title='bbox 1753 2087 1806 2118; x_wconf 87' lang='lat' dir='ltr'>est</span> <span class='ocrx_word' id='word_1_701' title='bbox 1832 2086 1956 2126; x_wconf 63' lang='lat' dir='ltr'>mitur,</span> <span class='ocrx_word' id='word_1_702' title='bbox 1974 2082 2085 2126; x_wconf 80' lang='lat' dir='ltr'>fuisse</span> <span class='ocrx_word' id='word_1_703' title='bbox 2105 2083 2234 2116; x_wconf 84' lang='lat' dir='ltr'>silvam</span> <span class='ocrx_word' id='word_1_704' title='bbox 2253 2083 2448 2125; x_wconf 79' lang='lat' dir='ltr'>antequam</span> 
     </span>
     <span class='ocr_line' id='line_1_86' title="bbox 1390 2141 2447 2189; baseline -0.005 -9"><span class='ocrx_word' id='word_1_705' title='bbox 1390 2147 1507 2189; x_wconf 80' lang='lat' dir='ltr'>fieret,</span> <span class='ocrx_word' id='word_1_706' title='bbox 1527 2146 1699 2188; x_wconf 80' lang='lat' dir='ltr'>siquidem</span> <span class='ocrx_word' id='word_1_707' title='bbox 1713 2153 1757 2177; x_wconf 77' lang='lat' dir='ltr'>ex</span> <span class='ocrx_word' id='word_1_708' title='bbox 1777 2153 1819 2178; x_wconf 89' lang='lat' dir='ltr'>ea</span> <span class='ocrx_word' id='word_1_709' title='bbox 1832 2143 1932 2185; x_wconf 83' lang='lat' dir='ltr'>fiunt</span> <span class='ocrx_word' id='word_1_710' title='bbox 1957 2146 2096 2182; x_wconf 78' lang='lat' dir='ltr'>caetera,</span> <span class='ocrx_word' id='word_1_711' title='bbox 2110 2144 2182 2176; x_wconf 84' lang='lat' dir='ltr'>sive</span> <span class='ocrx_word' id='word_1_712' title='bbox 2200 2142 2295 2185; x_wconf 82' lang='lat' dir='ltr'>quod</span> <span class='ocrx_word' id='word_1_713' title='bbox 2319 2141 2447 2183; x_wconf 77' lang='lat' dir='ltr'>dissol-</span> 
     </span>
     <span class='ocr_line' id='line_1_87' title="bbox 1395 2201 2449 2249; baseline -0.004 -10"><span class='ocrx_word' id='word_1_714' title='bbox 1395 2209 1490 2239; x_wconf 84' lang='lat' dir='ltr'>vitur</span> <span class='ocrx_word' id='word_1_715' title='bbox 1516 2207 1550 2238; x_wconf 88' lang='lat' dir='ltr'>et</span> <span class='ocrx_word' id='word_1_716' title='bbox 1578 2205 1693 2247; x_wconf 87' lang='lat' dir='ltr'>per-it,</span> <span class='ocrx_word' id='word_1_717' title='bbox 1712 2203 1759 2236; x_wconf 88' lang='lat' dir='ltr'>ad</span> <span class='ocrx_word' id='word_1_718' title='bbox 1775 2201 1872 2236; x_wconf 52' lang='lat' dir='ltr'>hanc*</span> <span class='ocrx_word' id='word_1_719' title='bbox 1897 2202 2043 2236; x_wconf 88' lang='lat' dir='ltr'>eandem</span> <span class='ocrx_word' id='word_1_720' title='bbox 2075 2204 2245 2249; x_wconf 60' lang='lat' dir='ltr'>naturam</span> <span class='ocrx_word' id='word_1_721' title='bbox 2272 2204 2449 2243; x_wconf 80' lang='lat' dir='ltr'>postremo</span> 
     </span>
     <span class='ocr_line' id='line_1_88' title="bbox 1395 2260 2448 2304; baseline -0.004 -6"><span class='ocrx_word' id='word_1_722' title='bbox 1395 2265 1517 2298; x_wconf 85' lang='lat' dir='ltr'>redeat</span> <span class='ocrx_word' id='word_1_723' title='bbox 1539 2272 1674 2299; x_wconf 80' lang='lat' dir='ltr'>necesse</span> <span class='ocrx_word' id='word_1_724' title='bbox 1694 2265 1758 2296; x_wconf 85' lang='lat' dir='ltr'>est.</span> <span class='ocrx_word' id='word_1_725' title='bbox 1830 2264 1925 2304; x_wconf 76' lang='lat' dir='ltr'>Erqo</span> <span class='ocrx_word' id='word_1_726' title='bbox 1945 2263 2054 2295; x_wconf 88' lang='lat' dir='ltr'>etiam</span> <span class='ocrx_word' id='word_1_727' title='bbox 2083 2260 2323 2303; x_wconf 84' lang='lat' dir='ltr'>corruptelam</span> <span class='ocrx_word' id='word_1_728' title='bbox 2341 2260 2448 2294; x_wconf 73' lang='lat' dir='ltr'>disso-</span> 
     </span>
     <span class='ocr_line' id='line_1_89' title="bbox 1397 2326 1643 2366; baseline -0.008 -8"><span class='ocrx_word' id='word_1_729' title='bbox 1397 2326 1643 2366; x_wconf 82' lang='lat' dir='ltr'>tutionemque.</span> 
     </span>
    </p>

    <p class='ocr_par' dir='ltr' id='par_1_8' title="bbox 1396 2378 2452 2777">
     <span class='ocr_line' id='line_1_90' title="bbox 1437 2378 2448 2422; baseline -0.003 -7"><span class='ocrx_word' id='word_1_730' title='bbox 1437 2383 1649 2415; x_wconf 85' lang='lat' dir='ltr'>CCLXXXV.</span> <span class='ocrx_word' id='word_1_731' title='bbox 1681 2381 1759 2414; x_wconf 79' lang='lat' dir='ltr'>Haec</span> <span class='ocrx_word' id='word_1_732' title='bbox 1782 2380 1970 2413; x_wconf 84' lang='lat' dir='ltr'>Aristoteles</span> <span class='ocrx_word' id='word_1_733' title='bbox 1983 2405 1993 2420; x_wconf 87' lang='lat'>‚</span> <span class='ocrx_word' id='word_1_734' title='bbox 2011 2379 2165 2412; x_wconf 85' lang='lat' dir='ltr'>assistens</span> <span class='ocrx_word' id='word_1_735' title='bbox 2182 2378 2350 2412; x_wconf 82' lang='lat' dir='ltr'>sententiae</span> <span class='ocrx_word' id='word_1_736' title='bbox 2366 2382 2448 2422; x_wconf 74' lang='lat' dir='ltr'>stiae,</span> 
     </span>
     <span class='ocr_line' id='line_1_91' title="bbox 1396 2437 2450 2482; baseline -0.002 -8"><span class='ocrx_word' id='word_1_737' title='bbox 1396 2442 1436 2474; x_wconf 91' lang='lat' dir='ltr'>de</span> <span class='ocrx_word' id='word_1_738' title='bbox 1458 2441 1556 2474; x_wconf 90' lang='lat' dir='ltr'>initiis</span> <span class='ocrx_word' id='word_1_739' title='bbox 1572 2449 1682 2474; x_wconf 87' lang='lat' dir='ltr'>rerum</span> <span class='ocrx_word' id='word_1_740' title='bbox 1707 2440 1811 2481; x_wconf 87' lang='lat' dir='ltr'>deque</span> <span class='ocrx_word' id='word_1_741' title='bbox 1842 2442 1959 2472; x_wconf 85' lang='lat' dir='ltr'>natura</span> <span class='ocrx_word' id='word_1_742' title='bbox 1992 2439 2084 2472; x_wconf 78' lang='lat' dir='ltr'>silvae</span> <span class='ocrx_word' id='word_1_743' title='bbox 2102 2437 2246 2481; x_wconf 81' lang='lat' dir='ltr'>loquitur</span> <span class='ocrx_word' id='word_1_744' title='bbox 2265 2446 2275 2468; x_wconf 79' lang='lat'><em>³</em></span> <span class='ocrx_word' id='word_1_745' title='bbox 2299 2438 2355 2473; x_wconf 83' lang='lat' dir='ltr'>sed</span> <span class='ocrx_word' id='word_1_746' title='bbox 2372 2438 2450 2482; x_wconf 78' lang='lat' dir='ltr'>quia</span> 
     </span>
     <span class='ocr_line' id='line_1_92' title="bbox 1396 2498 2450 2541; baseline -0.002 -7"><span class='ocrx_word' id='word_1_747' title='bbox 1396 2501 1561 2534; x_wconf 84' lang='lat' dir='ltr'>obscurior</span> <span class='ocrx_word' id='word_1_748' title='bbox 1580 2509 1686 2534; x_wconf 88' lang='lat' dir='ltr'>sermo</span> <span class='ocrx_word' id='word_1_749' title='bbox 1712 2503 1780 2540; x_wconf 89' lang='lat' dir='ltr'>est,</span> <span class='ocrx_word' id='word_1_750' title='bbox 1807 2498 2031 2541; x_wconf 83' lang='lat' dir='ltr'>explanandus</span> <span class='ocrx_word' id='word_1_751' title='bbox 2047 2498 2192 2532; x_wconf 85' lang='lat' dir='ltr'>videtur.</span> <span class='ocrx_word' id='word_1_752' title='bbox 2234 2499 2315 2532; x_wconf 73' lang='lat' dir='ltr'>Tres</span> <span class='ocrx_word' id='word_1_753' title='bbox 2340 2498 2383 2532; x_wconf 72' lang='lat' dir='ltr'>ab</span> <span class='ocrx_word' id='word_1_754' title='bbox 2407 2507 2450 2532; x_wconf 79' lang='lat' dir='ltr'>eo</span> 
     </span>
     <span class='ocr_line' id='line_1_93' title="bbox 1397 2551 2447 2600; baseline -0.001 -10"><span class='ocrx_word' id='word_1_755' title='bbox 1397 2560 1558 2600; x_wconf 85' lang='lat' dir='ltr'>ponuntur</span> <span class='ocrx_word' id='word_1_756' title='bbox 1574 2558 1712 2598; x_wconf 83' lang='lat' dir='ltr'>origines</span> <span class='ocrx_word' id='word_1_757' title='bbox 1729 2551 1890 2590; x_wconf 82' lang='lat' dir='ltr'>universae</span> <span class='ocrx_word' id='word_1_758' title='bbox 1908 2557 1973 2594; x_wconf 87' lang='lat' dir='ltr'>rei,</span> <span class='ocrx_word' id='word_1_759' title='bbox 1998 2557 2142 2598; x_wconf 82' lang='lat' dir='ltr'>species,</span> <span class='ocrx_word' id='word_1_760' title='bbox 2169 2557 2250 2590; x_wconf 83' lang='lat' dir='ltr'>silva</span> <span class='ocrx_word' id='word_1_761' title='bbox 2261 2581 2272 2598; x_wconf 89' lang='lat'><em>‚</em></span> <span class='ocrx_word' id='word_1_762' title='bbox 2292 2556 2447 2591; x_wconf 76' lang='lat' dir='ltr'>carentia.</span> 
     </span>
     <span class='ocr_line' id='line_1_94' title="bbox 1399 2615 2450 2660; baseline -0.001 -9"><span class='ocrx_word' id='word_1_763' title='bbox 1399 2619 1554 2660; x_wconf 80' lang='lat' dir='ltr'>Speciem</span> <span class='ocrx_word' id='word_1_764' title='bbox 1572 2616 1682 2649; x_wconf 84' lang='lat' dir='ltr'>laudat</span> <span class='ocrx_word' id='word_1_765' title='bbox 1702 2618 1739 2649; x_wconf 87' lang='lat' dir='ltr'>ut</span> <span class='ocrx_word' id='word_1_766' title='bbox 1762 2617 1881 2649; x_wconf 90' lang='lat' dir='ltr'>summi</span> <span class='ocrx_word' id='word_1_767' title='bbox 1899 2616 1958 2649; x_wconf 91' lang='lat' dir='ltr'>Dei</span> <span class='ocrx_word' id='word_1_768' title='bbox 1970 2615 2108 2649; x_wconf 89' lang='lat' dir='ltr'>similem</span> <span class='ocrx_word' id='word_1_769' title='bbox 2124 2616 2338 2658; x_wconf 79' lang='lat' dir='ltr'>divinitatem,</span> <span class='ocrx_word' id='word_1_770' title='bbox 2355 2615 2450 2659; x_wconf 81' lang='lat' dir='ltr'>pleno</span> 
     </span>
     <span class='ocr_line' id='line_1_95' title="bbox 1398 2675 2452 2718; baseline -0.001 -8"><span class='ocrx_word' id='word_1_771' title='bbox 1398 2677 1603 2718; x_wconf 84' lang='lat' dir='ltr'>perfectoque</span> <span class='ocrx_word' id='word_1_772' title='bbox 1623 2676 1731 2708; x_wconf 88' lang='lat' dir='ltr'>nixam</span> <span class='ocrx_word' id='word_1_773' title='bbox 1751 2675 1836 2708; x_wconf 89' lang='lat' dir='ltr'>bono</span> <span class='ocrx_word' id='word_1_774' title='bbox 1855 2675 1994 2717; x_wconf 85' lang='lat' dir='ltr'>ideoque</span> <span class='ocrx_word' id='word_1_775' title='bbox 2012 2675 2232 2717; x_wconf 87' lang='lat' dir='ltr'>appetibilem.</span> <span class='ocrx_word' id='word_1_776' title='bbox 2294 2675 2382 2714; x_wconf 85' lang='lat' dir='ltr'>Quid</span> <span class='ocrx_word' id='word_1_777' title='bbox 2398 2677 2452 2709; x_wconf 73' lang='lat' dir='ltr'>est</span> 
     </span>
     <span class='ocr_line' id='line_1_96' title="bbox 1398 2733 2451 2777; baseline -0.001 -8"><span class='ocrx_word' id='word_1_778' title='bbox 1398 2745 1473 2777; x_wconf 84' lang='lat' dir='ltr'>ergo</span> <span class='ocrx_word' id='word_1_779' title='bbox 1498 2735 1585 2777; x_wconf 90' lang='lat' dir='ltr'>quod</span> <span class='ocrx_word' id='word_1_780' title='bbox 1604 2736 1748 2776; x_wconf 78' lang='lat' dir='ltr'>appetit?</span> <span class='ocrx_word' id='word_1_781' title='bbox 1767 2737 1879 2776; x_wconf 88' lang='lat' dir='ltr'>Neque</span> <span class='ocrx_word' id='word_1_782' title='bbox 1909 2735 1978 2776; x_wconf 86' lang='lat' dir='ltr'>ipsa</span> <span class='ocrx_word' id='word_1_783' title='bbox 2001 2743 2055 2775; x_wconf 88' lang='lat' dir='ltr'>se,</span> <span class='ocrx_word' id='word_1_784' title='bbox 2073 2734 2196 2776; x_wconf 89' lang='lat' dir='ltr'>inquit,</span> <span class='ocrx_word' id='word_1_785' title='bbox 2217 2733 2294 2776; x_wconf 87' lang='lat' dir='ltr'>quia</span> <span class='ocrx_word' id='word_1_786' title='bbox 2310 2733 2392 2768; x_wconf 79' lang='lat' dir='ltr'>nihil</span> <span class='ocrx_word' id='word_1_787' title='bbox 2419 2735 2451 2768; x_wconf 82' lang='lat' dir='ltr'>ei</span> 
     </span>
    </p>
   </div>
   <div class='ocr_carea' id='block_1_6' title="bbox 1399 2793 2474 2841">
    <p class='ocr_par' dir='ltr' id='par_1_9' title="bbox 1399 2793 2474 2841">
     <span class='ocr_line' id='line_1_97' title="bbox 1399 2793 2474 2841; baseline -0.001 -13"><span class='ocrx_word' id='word_1_788' title='bbox 1399 2796 1489 2828; x_wconf 88' lang='lat' dir='ltr'>deest</span> <span class='ocrx_word' id='word_1_789' title='bbox 1510 2795 1552 2828; x_wconf 88' lang='lat' dir='ltr'>ad</span> <span class='ocrx_word' id='word_1_790' title='bbox 1581 2795 1759 2837; x_wconf 83' lang='lat' dir='ltr'>perfectam</span> <span class='ocrx_word' id='word_1_791' title='bbox 1780 2794 2045 2833; x_wconf 84' lang='lat' dir='ltr'>exornationem,</span> <span class='ocrx_word' id='word_1_792' title='bbox 2072 2795 2106 2827; x_wconf 90' lang='lat' dir='ltr'>et</span> <span class='ocrx_word' id='word_1_793' title='bbox 2126 2795 2177 2827; x_wconf 82' lang='lat' dir='ltr'>est</span> <span class='ocrx_word' id='word_1_794' title='bbox 2201 2794 2349 2836; x_wconf 79' lang='lat' dir='ltr'>proprius</span> <span class='ocrx_word' id='word_1_795' title='bbox 2370 2793 2452 2840; x_wconf 75' lang='lat' dir='ltr'>indi-</span> <span class='ocrx_word' id='word_1_796' title='bbox 2471 2840 2474 2841; x_wconf 19' lang='lat'><em>⁷</em></span> 
     </span>
    </p>
   </div>
   <div class='ocr_carea' id='block_1_7' title="bbox 1399 2853 2453 3549">
    <p class='ocr_par' dir='ltr' id='par_1_10' title="bbox 1399 2853 2453 3549">
     <span class='ocr_line' id='line_1_98' title="bbox 1399 2853 2449 2897; baseline 0 -9"><span class='ocrx_word' id='word_1_797' title='bbox 1399 2856 1544 2897; x_wconf 85' lang='lat' dir='ltr'>gentium</span> <span class='ocrx_word' id='word_1_798' title='bbox 1562 2855 1736 2897; x_wconf 85' lang='lat' dir='ltr'>appetitus.</span> <span class='ocrx_word' id='word_1_799' title='bbox 1792 2855 1860 2886; x_wconf 83' lang='lat' dir='ltr'>Nec</span> <span class='ocrx_word' id='word_1_800' title='bbox 1883 2862 1961 2886; x_wconf 85' lang='lat' dir='ltr'>vero</span> <span class='ocrx_word' id='word_1_801' title='bbox 1980 2855 2143 2886; x_wconf 85' lang='lat' dir='ltr'>carentia</span> <span class='ocrx_word' id='word_1_802' title='bbox 2165 2853 2255 2895; x_wconf 86' lang='lat' dir='ltr'>cupit</span> <span class='ocrx_word' id='word_1_803' title='bbox 2285 2853 2449 2896; x_wconf 77' lang='lat' dir='ltr'>speciem:</span> 
     </span>
     <span class='ocr_line' id='line_1_99' title="bbox 1400 2901 2452 2955; baseline 0.002 -11"><span class='ocrx_word' id='word_1_804' title='bbox 1400 2912 1567 2945; x_wconf 85' lang='lat' dir='ltr'>interitum</span> <span class='ocrx_word' id='word_1_805' title='bbox 1592 2913 1679 2946; x_wconf 90' lang='lat' dir='ltr'>enim</span> <span class='ocrx_word' id='word_1_806' title='bbox 1699 2921 1795 2945; x_wconf 90' lang='lat' dir='ltr'>suum</span> <span class='ocrx_word' id='word_1_807' title='bbox 1824 2912 1958 2953; x_wconf 88' lang='lat' dir='ltr'>cuperet</span> <span class='ocrx_word' id='word_1_808' title='bbox 1989 2924 1998 2944; x_wconf 73' lang='grc' dir='ltr'>ε</span> <span class='ocrx_word' id='word_1_809' title='bbox 2029 2911 2150 2953; x_wconf 83' lang='lat' dir='ltr'>quippe</span> <span class='ocrx_word' id='word_1_810' title='bbox 2177 2901 2452 2955; x_wconf 42' lang='lat' dir='ltr'>accessu&#39;speciei</span> 
     </span>
     <span class='ocr_line' id='line_1_100' title="bbox 1401 2970 2452 3015; baseline 0.003 -11"><span class='ocrx_word' id='word_1_811' title='bbox 1401 2973 1576 3013; x_wconf 80' lang='lat' dir='ltr'>formaeque</span> <span class='ocrx_word' id='word_1_812' title='bbox 1594 2971 1715 3004; x_wconf 88' lang='lat' dir='ltr'>tollitur</span> <span class='ocrx_word' id='word_1_813' title='bbox 1731 2970 1924 3012; x_wconf 85' lang='lat' dir='ltr'>indigentia,</span> <span class='ocrx_word' id='word_1_814' title='bbox 1950 2978 2010 3004; x_wconf 89' lang='lat' dir='ltr'>nec</span> <span class='ocrx_word' id='word_1_815' title='bbox 2029 2970 2061 3002; x_wconf 89' lang='lat' dir='ltr'>in</span> <span class='ocrx_word' id='word_1_816' title='bbox 2083 2971 2195 3004; x_wconf 86' lang='lat' dir='ltr'>babitu</span> <span class='ocrx_word' id='word_1_817' title='bbox 2222 2972 2354 3014; x_wconf 83' lang='lat' dir='ltr'>proprio</span> <span class='ocrx_word' id='word_1_818' title='bbox 2375 2981 2452 3015; x_wconf 86' lang='lat' dir='ltr'>per-</span> 
     </span>
     <span class='ocr_line' id='line_1_101' title="bbox 1401 3030 2453 3074; baseline 0.004 -11"><span class='ocrx_word' id='word_1_819' title='bbox 1401 3035 1540 3064; x_wconf 87' lang='lat' dir='ltr'>severat.</span> <span class='ocrx_word' id='word_1_820' title='bbox 1585 3031 1738 3072; x_wconf 89' lang='lat' dir='ltr'>Superest</span> <span class='ocrx_word' id='word_1_821' title='bbox 1753 3039 1841 3071; x_wconf 85' lang='lat' dir='ltr'>ergo,</span> <span class='ocrx_word' id='word_1_822' title='bbox 1859 3032 1898 3062; x_wconf 88' lang='lat' dir='ltr'>ut</span> <span class='ocrx_word' id='word_1_823' title='bbox 1912 3030 2003 3063; x_wconf 84' lang='lat' dir='ltr'>silva</span> <span class='ocrx_word' id='word_1_824' title='bbox 2023 3031 2149 3069; x_wconf 87' lang='lat' dir='ltr'>cultum</span> <span class='ocrx_word' id='word_1_825' title='bbox 2169 3032 2384 3074; x_wconf 77' lang='lat' dir='ltr'>ornatumque</span> <span class='ocrx_word' id='word_1_826' title='bbox 2397 3031 2453 3067; x_wconf 79' lang='lat' dir='ltr'>de·</span> 
     </span>
     <span class='ocr_line' id='line_1_102' title="bbox 1401 3091 2449 3136; baseline 0.005 -12"><span class='ocrx_word' id='word_1_827' title='bbox 1401 3092 1536 3133; x_wconf 72' lang='lat' dir='ltr'>siderei,</span> <span class='ocrx_word' id='word_1_828' title='bbox 1556 3101 1629 3134; x_wconf 84' lang='lat' dir='ltr'>quoe</span> <span class='ocrx_word' id='word_1_829' title='bbox 1645 3092 1802 3124; x_wconf 83' lang='lat' dir='ltr'>deformis</span> <span class='ocrx_word' id='word_1_830' title='bbox 1820 3094 1880 3131; x_wconf 86' lang='lat' dir='ltr'>est,</span> <span class='ocrx_word' id='word_1_831' title='bbox 1896 3100 1960 3123; x_wconf 88' lang='lat' dir='ltr'>non</span> <span class='ocrx_word' id='word_1_832' title='bbox 1976 3100 2016 3124; x_wconf 88' lang='lat' dir='ltr'>ex</span> <span class='ocrx_word' id='word_1_833' title='bbox 2031 3100 2079 3132; x_wconf 88' lang='lat' dir='ltr'>se,</span> <span class='ocrx_word' id='word_1_834' title='bbox 2094 3092 2150 3125; x_wconf 91' lang='lat' dir='ltr'>sed</span> <span class='ocrx_word' id='word_1_835' title='bbox 2165 3092 2206 3125; x_wconf 88' lang='lat' dir='ltr'>ad</span> <span class='ocrx_word' id='word_1_836' title='bbox 2223 3091 2449 3136; x_wconf 66' lang='lat' dir='ltr'>indigentiam</span> 
     </span>
     <span class='ocr_line' id='line_1_103' title="bbox 1402 3138 2451 3193; baseline 0.003 -9"><span class='ocrx_word' id='word_1_837' title='bbox 1402 3152 1519 3184; x_wconf 86' lang='lat' dir='ltr'>etenim</span> <span class='ocrx_word' id='word_1_838' title='bbox 1539 3151 1705 3192; x_wconf 90' lang='lat' dir='ltr'>turpitudo</span> <span class='ocrx_word' id='word_1_839' title='bbox 1722 3153 1782 3191; x_wconf 88' lang='lat' dir='ltr'>est,</span> <span class='ocrx_word' id='word_1_840' title='bbox 1803 3150 1921 3183; x_wconf 81' lang='lat' dir='ltr'>silvam</span> <span class='ocrx_word' id='word_1_841' title='bbox 1933 3150 2207 3193; x_wconf 82' lang='lat' dir='ltr'>cultu-formaque</span> <span class='ocrx_word' id='word_1_842' title='bbox 2223 3138 2375 3193; x_wconf 83' lang='lat' dir='ltr'>indigere.</span> <span class='ocrx_word' id='word_1_843' title='bbox 2397 3153 2451 3187; x_wconf 87' lang='lat' dir='ltr'>Sic</span> 
     </span>
     <span class='ocr_line' id='line_1_104' title="bbox 1403 3209 2451 3251; baseline 0.005 -10"><span class='ocrx_word' id='word_1_844' title='bbox 1403 3210 1520 3251; x_wconf 88' lang='lat' dir='ltr'>quippe</span> <span class='ocrx_word' id='word_1_845' title='bbox 1539 3211 1601 3243; x_wconf 87' lang='lat' dir='ltr'>erit</span> <span class='ocrx_word' id='word_1_846' title='bbox 1628 3210 1739 3250; x_wconf 85' lang='lat' dir='ltr'>vidua,</span> <span class='ocrx_word' id='word_1_847' title='bbox 1762 3218 1876 3242; x_wconf 87' lang='lat' dir='ltr'>carens</span> <span class='ocrx_word' id='word_1_848' title='bbox 1896 3210 2020 3251; x_wconf 88' lang='lat' dir='ltr'>specie,</span> <span class='ocrx_word' id='word_1_849' title='bbox 2044 3209 2176 3251; x_wconf 86' lang='lat' dir='ltr'>perinde</span> <span class='ocrx_word' id='word_1_850' title='bbox 2201 3212 2238 3243; x_wconf 88' lang='lat' dir='ltr'>ut</span> <span class='ocrx_word' id='word_1_851' title='bbox 2253 3219 2367 3244; x_wconf 82' lang='lat' dir='ltr'>carens</span> <span class='ocrx_word' id='word_1_852' title='bbox 2381 3212 2451 3247; x_wconf 80' lang='lat' dir='ltr'>viro</span> 
     </span>
     <span class='ocr_line' id='line_1_105' title="bbox 1404 3262 2451 3310; baseline 0.003 -10"><span class='ocrx_word' id='word_1_853' title='bbox 1404 3267 1534 3301; x_wconf 84' lang='lat' dir='ltr'>semina.</span> <span class='ocrx_word' id='word_1_854' title='bbox 1550 3270 1795 3310; x_wconf 79' lang='lat' dir='ltr'>proptereaque,</span> <span class='ocrx_word' id='word_1_855' title='bbox 1821 3262 1949 3310; x_wconf 88' lang='lat' dir='ltr'>inquit,</span> <span class='ocrx_word' id='word_1_856' title='bbox 1969 3268 2091 3310; x_wconf 82' lang='lat' dir='ltr'>appetit</span> <span class='ocrx_word' id='word_1_857' title='bbox 2105 3269 2245 3310; x_wconf 85' lang='lat' dir='ltr'>speciem</span> <span class='ocrx_word' id='word_1_858' title='bbox 2259 3292 2271 3310; x_wconf 90' lang='lat'><em>‚</em></span> <span class='ocrx_word' id='word_1_859' title='bbox 2293 3270 2330 3302; x_wconf 88' lang='lat' dir='ltr'>ut</span> <span class='ocrx_word' id='word_1_860' title='bbox 2351 3278 2451 3304; x_wconf 80' lang='lat' dir='ltr'>sexus</span> 
     </span>
     <span class='ocr_line' id='line_1_106' title="bbox 1405 3327 2449 3373; baseline 0.003 -14"><span class='ocrx_word' id='word_1_861' title='bbox 1405 3329 1562 3371; x_wconf 81' lang='lat' dir='ltr'>femineus</span> <span class='ocrx_word' id='word_1_862' title='bbox 1577 3328 1699 3360; x_wconf 89' lang='lat' dir='ltr'>virilem</span> <span class='ocrx_word' id='word_1_863' title='bbox 1714 3338 1723 3360; x_wconf 91' lang='lat'>:</span> <span class='ocrx_word' id='word_1_864' title='bbox 1739 3337 1869 3370; x_wconf 90' lang='lat' dir='ltr'>quoque</span> <span class='ocrx_word' id='word_1_865' title='bbox 1881 3328 1922 3360; x_wconf 86' lang='lat' dir='ltr'>sit</span> <span class='ocrx_word' id='word_1_866' title='bbox 1941 3329 1974 3360; x_wconf 87' lang='lat' dir='ltr'>in</span> <span class='ocrx_word' id='word_1_867' title='bbox 1993 3327 2100 3369; x_wconf 86' lang='lat' dir='ltr'>aliqua</span> <span class='ocrx_word' id='word_1_868' title='bbox 2114 3327 2217 3369; x_wconf 84' lang='lat' dir='ltr'>posita</span> <span class='ocrx_word' id='word_1_869' title='bbox 2232 3327 2449 3373; x_wconf 76' lang='lat' dir='ltr'>deformitate,</span> 
     </span>
     <span class='ocr_line' id='line_1_107' title="bbox 1406 3386 2446 3429; baseline 0.003 -11"><span class='ocrx_word' id='word_1_870' title='bbox 1406 3387 1540 3419; x_wconf 82' lang='lat' dir='ltr'>formam</span> <span class='ocrx_word' id='word_1_871' title='bbox 1563 3389 1659 3429; x_wconf 89' lang='lat' dir='ltr'>atque</span> <span class='ocrx_word' id='word_1_872' title='bbox 1680 3386 1803 3419; x_wconf 88' lang='lat' dir='ltr'>cultum</span> <span class='ocrx_word' id='word_1_873' title='bbox 1823 3386 1957 3428; x_wconf 88' lang='lat' dir='ltr'>cupiens</span> <span class='ocrx_word' id='word_1_874' title='bbox 1978 3386 2075 3419; x_wconf 89' lang='lat' dir='ltr'>simul</span> <span class='ocrx_word' id='word_1_875' title='bbox 2101 3386 2206 3429; x_wconf 88' lang='lat' dir='ltr'>perire</span> <span class='ocrx_word' id='word_1_876' title='bbox 2223 3390 2319 3428; x_wconf 89' lang='lat' dir='ltr'>atque</span> <span class='ocrx_word' id='word_1_877' title='bbox 2336 3387 2446 3422; x_wconf 80' lang='lat' dir='ltr'>exole-</span> 
     </span>
     <span class='ocr_line' id='line_1_108' title="bbox 1406 3447 2451 3490; baseline 0.003 -10"><span class='ocrx_word' id='word_1_878' title='bbox 1406 3457 1496 3482; x_wconf 88' lang='lat' dir='ltr'>scere</span> <span class='ocrx_word' id='word_1_879' title='bbox 1519 3458 1527 3480; x_wconf 93' lang='lat'><strong>:</strong></span> <span class='ocrx_word' id='word_1_880' title='bbox 1549 3448 1637 3490; x_wconf 91' lang='lat' dir='ltr'>quod</span> <span class='ocrx_word' id='word_1_881' title='bbox 1657 3450 1706 3481; x_wconf 61' lang='lat' dir='ltr'>ast</span> <span class='ocrx_word' id='word_1_882' title='bbox 1721 3449 1754 3480; x_wconf 90' lang='lat' dir='ltr'>in</span> <span class='ocrx_word' id='word_1_883' title='bbox 1769 3450 1871 3481; x_wconf 88' lang='lat' dir='ltr'>semet</span> <span class='ocrx_word' id='word_1_884' title='bbox 1887 3457 1928 3481; x_wconf 83' lang='lat' dir='ltr'>ex</span> <span class='ocrx_word' id='word_1_885' title='bbox 1945 3447 2129 3489; x_wconf 83' lang='lat' dir='ltr'>indigentiae</span> <span class='ocrx_word' id='word_1_886' title='bbox 2145 3447 2237 3480; x_wconf 88' lang='lat' dir='ltr'>vitio.</span> <span class='ocrx_word' id='word_1_887' title='bbox 2281 3449 2451 3483; x_wconf 65' lang='lat' dir='ltr'>contraria</span> 
     </span>
     <span class='ocr_line' id='line_1_109' title="bbox 1407 3507 2450 3549; baseline 0.003 -10"><span class='ocrx_word' id='word_1_888' title='bbox 1407 3507 1566 3549; x_wconf 88' lang='lat' dir='ltr'>siquidem</span> <span class='ocrx_word' id='word_1_889' title='bbox 1589 3508 1660 3541; x_wconf 86' lang='lat' dir='ltr'>haec</span> <span class='ocrx_word' id='word_1_890' title='bbox 1676 3507 1743 3541; x_wconf 88' lang='lat' dir='ltr'>duo</span> <span class='ocrx_word' id='word_1_891' title='bbox 1760 3507 1843 3548; x_wconf 85' lang='lat' dir='ltr'>sibi,</span> <span class='ocrx_word' id='word_1_892' title='bbox 1858 3508 1891 3541; x_wconf 87' lang='lat' dir='ltr'>et</span> <span class='ocrx_word' id='word_1_893' title='bbox 1917 3507 2148 3548; x_wconf 85' lang='lat' dir='ltr'>repugnantia,</span> <span class='ocrx_word' id='word_1_894' title='bbox 2165 3507 2302 3549; x_wconf 85' lang='lat' dir='ltr'>species,</span> <span class='ocrx_word' id='word_1_895' title='bbox 2320 3510 2353 3542; x_wconf 89' lang='lat' dir='ltr'>et</span> <span class='ocrx_word' id='word_1_896' title='bbox 2371 3508 2450 3543; x_wconf 87' lang='lat' dir='ltr'>item</span> 
     </span>
    </p>
   </div>
   <div class='ocr_carea' id='block_1_8' title="bbox 2599 431 2606 767">
    <p class='ocr_par' dir='ltr' id='par_1_11' title="bbox 2599 431 2606 767">
     <span class='ocr_line' id='line_1_110' title="bbox 2599 431 2606 767; textangle 90"><span class='ocrx_word' id='word_1_897' title='bbox 2603 755 2606 767; x_wconf 80' lang='grc'>-</span> <span class='ocrx_word' id='word_1_898' title='bbox 2602 669 2606 709; x_wconf 68' lang='grc'>-,.</span> <span class='ocrx_word' id='word_1_899' title='bbox 2602 627 2606 652; x_wconf 45' lang='lat' dir='ltr'>„m</span> <span class='ocrx_word' id='word_1_900' title='bbox 2599 431 2606 594; x_wconf 38' lang='lat' dir='ltr'>„maa-...m—</span> 
     </span>
    </p>
   </div>
  </div>
 </body>
</html>
