2606 3828
363 267 438 299 3:38

359 351 453 389 belli
475 351 616 388 decora
645 349 800 400 aliaque
822 354 1047 385 ornamenta
1071 359 1145 397 pro
1173 345 1312 384 nihilo!
1327 359 1399 397 pu·

361 409 481 462 tent.)

413 482 460 508 29.
481 468 656 521 Ἐρήμους
676 467 773 517 ἔλεγε
793 464 872 507 τους
896 462 986 514 μετὰ
1013 463 1173 502 κολάκων
1196 462 1297 507 ὄντας
1302 462 1400 514 ,ὥσ·

359 544 426 580 περ
452 527 529 572 τους
555 527 727 579 μόσχους,
760 523 897 562 ἐπειδὰν
926 537 970 574 με
955 521 1016 560 ετὰ
1049 521 1166 561 λύκων
1191 538 1291 561 ωσιν·
1322 522 1401 561 οὔτε

358 587 425 640 γὰρ
445 587 586 631 ἐκείνοις
606 586 682 629 τους
697 582 957 636 προσήκοντας,
982 580 1061 621 οὔτε
1076 581 1211 627 τούτοις
1230 583 1399 634 συνεῖναι,

360 646 452 685 ἀλλὰ
471 646 549 690 τοὺς
569 643 870 685 ἐπιδουλεύοντας.

411 707 626 757 (Diogenes
646 703 822 740 Laertius
838 701 911 741 lib.
928 700 998 752 vl,
1020 699 1110 752 92.)

411 782 461 808 3ο.
486 765 631 817 Κράτης
648 762 813 806 ἀπείκαζε
836 760 914 804 τοὺς
935 759 1100 807 ἀνοήτους
1117 762 1186 798 τῶν
1207 758 1400 812 ἀνθρώπων

355 831 428 872 τοῖς
458 823 650 878 τρυπάνοις·
680 821 760 860 ἄνευ
779 820 847 872 γὰρ
880 821 1008 871 δεσμοῦ
1029 818 1090 858 καὶ
1117 819 1269 872 ἀνάγκης
1291 819 1400 870 μηδὲν

357 887 482 927 ἐθέλειν
502 886 569 921 τῶν
590 881 736 920 δεόντων
757 885 882 918 ποιεῖν.

411 942 605 997 (Stobaeus
624 940 730 978 Flor.
750 938 818 987 IV,
839 939 888 977 52
911 937 1131 992 Κράτητος.)

410 1017 458 1042 31.
482 1000 627 1053 Κράτης
650 1000 696 1042 εἰς
714 996 777 1045 τὴν
799 997 930 1050 ἀγορὰν
952 994 1119 1046 ἔμὸαλὼν
1139 995 1199 1034 καὶ
1199 998 1328 1071 ῒὸρῶν
1326 1011 1403 1040 τους

358 1061 420 1112 μὲν
441 1058 705 1111 πιπράσκοντας
720 1086 731 1104 ,
753 1055 832 1100 τους
850 1055 926 1094 δὲ’
907 1072 935 1093 o
925 1054 1123 1106 νουμένους
1138 1085 1149 1105 ,
1166 1050 1328 1101 Ουτοι,”
1310 1070 1375 1107 εφη
1390 1083 1401 1101 ,

357 1120 443 1160 διότι
474 1117 627 1157 ἐναντίον
663 1121 813 1170 πρᾶγμα
843 1114 1008 1162 ἀλλήλοις
1041 1130 1223 1161 ποιουσιν,
1258 1113 1403 1158 ἑαυτους

356 1177 649 1232 μακαρίζουσιν·’
634 1174 702 1228 εγὼ
724 1174 762 1214 δὲ
789 1177 967 1226 ἐμαυτόν,
986 1173 1076 1212 ὅτι’
1057 1173 1264 1228 αμφοτέρων
1286 1173 1402 1220 ἀπηλ-

353 1239 510 1290 λαγμαι,
526 1235 616 1288 μήτε
631 1234 825 1285 ὠνούμενος
840 1233 931 1283 μήτε
948 1233 1089 1271 πωλῶν.

407 1296 611 1350 (Stobaeus
627 1294 730 1332 Flor.
750 1292 802 1343 V,
825 1293 874 1331 52
902 1290 1132 1345 Κράτητος.)

408 1370 460 1396 32.
493 1354 633 1407 Κράτης
664 1351 742 1396 τους
764 1350 918 1395 κόλακάς
951 1366 1037 1403 φησι
1069 1348 1400 1402 συγκατανευσιρά-

354 1431 604 1526 γοιῗδῑοίιεειιε
620 1469 723 1508 Flor.
742 1468 846 1517 XIV,
869 1470 915 1506 16
936 1466 1166 1521 Κράτητος.)

408 1546 456 1573 33.
479 1531 623 1583 Κράτης
653 1528 740 1580 πρὸς
770 1543 806 1566 νε
798 1527 846 1566 ὀν
876 1526 1042 1565 πλούσιον
1070 1524 1221 1570 πολλοὺς
1249 1526 1404 1570 κόλακας

355 1590 615 1644 ἐπισυρόμενον,
650 1587 846 1635 Νεανίσκε,
881 1590 994 1637 εἶπεν,
1031 1586 1118 1624 ἐλεῶ
1138 1600 1200 1623 σου
1232 1584 1295 1632 τὴν
1316 1586 1401 1637 ἐρη-

356 1656 457 1707 μίαν.

410 1713 607 1766 (Stobaeus
624 1710 728 1750 Flor.
748 1708 852 1760 XIV,
870 1723 932 1747 20.
947 1708 958 1759 )
1246 1709 1255 1735 ἲ

408 1785 457 1812 34.
498 1770 641 1823 Κράτης
670 1768 812 1821 λέγεται
834 1770 852 1806 ὁ
874 1766 1035 1815 Θηὸαῖος
1053 1770 1124 1809 τοῖς
1154 1764 1401 1811 στασιάζουσιν

354 1834 461 1879 οἴκοις
481 1834 668 1885 ἐπιφοιτων
688 1831 802 1882 λόγοις
822 1829 961 1882 εἰρήνης
981 1827 1169 1880 δσκρίνειν
1192 1825 1253 1871 τὰς
1270 1827 1398 1879 ἔριδας,

410 1892 627 1945 (Antonius
646 1891 769 1930 Serm.
791 1889 839 1927 de
855 1890 1013 1927 caritate
1028 1896 1066 1925 et
1080 1900 1187 1939 pace.
1202 1887 1213 1937 )

355 1948 358 1951 ’
408 1967 456 1992 35.
479 1950 542 1999 Μὴ
566 1950 666 2002 παρὰ
696 1948 835 1988 πάντων
865 1947 911 1986 τὰ
948 1947 1112 1997 διδόμενα
1133 1945 1296 1998 δέχεσθαι
1316 1946 1401 1998 χρή·

354 2013 393 2051 οὐ
411 2012 478 2064 γὰρ
499 2011 636 2061 θεμιτὸν
660 2008 785 2062 ἀρετὴν,
803 2007 869 2046 ὑπὸ
887 2006 1013 2050 κακίας
1033 2005 1233 2058 τρέφεσθαι.

409 2070 622 2123 (Antonius
641 2078 679 2128 et
698 2068 892 2106 Maximus
923 2066 1046 2104 Serm.
1068 2065 1115 2103 de
1140 2064 1398 2102 beneficentia

358 2139 393 2170 et
413 2130 575 2181 gratia.)

407 2201 454 2226 36.
471 2187 616 2240 Κράτης
630 2184 809 2224 νεανίσκον
825 2182 908 2222 ἰδὼν
920 2185 985 2221 ἀθ)
979 2182 1105 2230 ητικὸν
1125 2181 1206 2220 οἴνω
1225 2196 1285 2218 και
1302 2195 1401 2232 κρεο-

355 2246 464 2302 φαγία
483 2261 544 2285 και
564 2245 711 2292 ἀσκήσει
728 2243 844 2298 σάρκα
857 2243 1018 2290 πολλὴν
1005 2241 1268 2294 υποτρέφοντα,
1288 2243 1397 2278 εἶπεν.

1075 292 1081 299 .
1104 257 1203 295 CYN
1210 255 1413 296 1CORUM
1443 256 1776 296 FRAGMENTA.

1461 339 1514 385 Ὦ
1529 345 1698 396 δαιμόνιε,
1709 348 1841 385 παῦσαι
1857 346 1935 384 καθ’
1950 345 2073 383 ἑαυτοῦ
2089 346 2196 383 ποιῶν
2213 344 2253 383 τὸ
2269 344 2507 398 δεσμωτήριον

1461 405 1615 458 ἰσχυρόν.

1533 465 1749 516 (Antonius
1762 472 1800 502 et
1816 462 2009 501 Maximus
2025 464 2143 501 Serm.
2161 463 2210 502 de
2226 464 2510 503 incontinentia

1462 533 1501 563 et
1518 524 1712 575 ingluvie.
1737 523 1888 561 Similis
1901 531 1958 561 cst
1973 524 2009 560 S.
2031 522 2165 560 Basilii
2185 522 2374 562 sententia
2390 523 2512 561 relata

1462 583 1512 622 ab
1550 583 1688 622 iisdem
1724 583 1843 620 Serm.
1884 580 1964 634 περὶ
2001 579 2163 627 νηστείας
2209 580 2268 619 καὶ
2307 581 2512 635 ἐγκρατείας

1462 655 1549 693 pag.
1571 647 1647 692 294
1668 654 1677 678 :
1701 639 1767 687 Μὴ
1799 639 1968 679 κολάκευέ
2003 654 2064 678 σου
2083 638 2146 686 τὴν
2167 638 2281 691 σάρκα
2312 639 2412 693 ὕπνῳ
2445 638 2509 679 καὶ

1461 700 1619 754 λουτροῖς
1655 698 1716 738 καὶ
1740 700 1911 749 μαλακοῖς
1945 698 2173 752 στρώμασιν,
2196 698 2251 737 ἀεὶ
2271 698 2442 749 ἐπιλέγων
2465 697 2506 737 τὸ

1467 763 1564 815 ῥῆμα
1593 763 1705 799 τοῦτο·
1739 758 1792 803 τίς
1811 758 1962 812 ὠφέλεια
1981 760 2015 797 ἐν
2035 760 2087 811 τῷ
2119 757 2247 809 αἵματί
2281 773 2369 810 μου,
2403 759 2440 797 ἐν
2460 758 2513 811 τῷ

1462 819 1688 858 καταὸαίνειν
1712 834 1756 869 με
1789 820 1836 861 εἰς
1867 817 2089 870 διαφθοράν,
2111 817 2182 872 ὅσῳ
2210 817 2280 870 γὰρ
2305 816 2511 870 παχυτέραν

1463 877 1578 930 σάρκα
1601 892 1739 928 σεαυτῳ
1769 880 1899 924 ποιεῖς,
1933 875 2090 929 τοσούτῳ
2125 875 2315 929 βαρύτερον
2348 879 2394 930 τῇ
2413 877 2513 930 ψυχῇ

1462 935 1733 980 κατασκευάζεις
1752 935 1791 974 τὸ
1811 935 2082 987 δεσμωτήριον.)

1516 1007 1561 1033 37.
1589 993 1731 1045 Κόσμος
1760 993 1881 1045 ἐστίν,
1905 996 1951 1038 ὡς
1970 993 2070 1047 ἔλεγε
2095 994 2262 1047 Κράτης,
2280 994 2321 1034 τὸ
2341 998 2511 1045 κοσμοῦν·
2549 996 2552 1000 ’

1464 1055 1590 1104 κοσμεῖ
1617 1052 1654 1092 δὲ
1671 1052 1712 1091 τὸ
1743 1051 1984 1105 κοσμιωτέραν
2017 1060 2167 1106 γυναῖκα
2197 1056 2331 1092 ποιοῦν
2363 1059 2458 1092 ποιεῖ
2476 1053 2513 1093 δὲ

1464 1111 1628 1159 τοιαύτην
1651 1111 1730 1151 οὔτε
1746 1112 1894 1164 χρυσός,
1917 1110 1996 1150 οὔτε
2013 1111 2240 1165 σμάραγδος,
2261 1111 2341 1153 οὔτε
2359 1112 2506 1163 κόκκος,

1466 1171 1543 1210 ἀλλ’
1570 1172 1635 1211 ὅσα
1656 1173 1892 1223 σεμνότητος,
1920 1171 2101 1223 εὐταξίας,
2123 1173 2240 1217 αἰδοῦς
2269 1171 2426 1225 ἔμφασιν
2448 1187 2512 1212 πε-

1465 1231 1630 1285 ρετίθησι.

1521 1291 1772 1344 (Plutarchus
1792 1291 1958 1343 Conjug.
1975 1301 2157 1344 praecept.
2177 1292 2258 1332 vol.
2281 1291 2352 1330 Vll
2370 1305 2410 1344 p.
2437 1297 2515 1342 419

1465 1350 1525 1389 ed.
1548 1351 1707 1390 Hutten.
1727 1360 1765 1389 et
1784 1350 1960 1390 Stobaeus
1980 1351 2116 1390 Floril.
2138 1351 2306 1401 LXXIV,
2328 1353 2422 1403 48.)

1518 1424 1566 1449 38.
1591 1410 1736 1462 Κράτης
1762 1412 1800 1449 οὗ
1824 1412 1875 1463 τῷ
1893 1410 2034 1464 πλούτῳ
2061 1403 2156 1450 εἶπεν
2177 1410 2300 1451 ἑαυτὸν
2323 1409 2514 1460 ηὖδοξηκὲ-

1464 1484 1520 1507 ναι
1541 1469 1692 1520 μεγάλα,
1715 1468 1806 1507 ἀλλὰ
1827 1472 1870 1522 τῇ
1892 1469 2008 1521 πενίᾳ.

1519 1528 1712 1579 (Stobaeus
1729 1528 1861 1566 Floril.
1879 1511 2031 1579 XCVII,
2049 1529 2135 1580 27.)

1519 1601 1568 1627 39.
1595 1587 1772 1630 Πολλάκις
1792 1588 1810 1626 ὁ
1843 1587 1987 1640 Κράτης
2017 1589 2144 1631 ἐκεῖνος
2160 1590 2179 1627 ὁ
2199 1588 2350 1634 παλαιὸς
2370 1589 2427 1629 ἕλε
2413 1605 2507 1641 εγεν,

1464 1646 1536 1695 ὅτι,
1553 1646 1651 1700 εἴπερ
1668 1646 1736 1699 ἄρα
1752 1646 1895 1685 δυνατὸν
1917 1650 1980 1695 ἠν,
1999 1647 2182 1686 ἀναὸάντα
2205 1647 2264 1686 ἐπὶ
2282 1649 2322 1688 τὸ
2342 1649 2514 1702 μετεωρό-

1463 1721 1568 1745 τατον
1597 1710 1659 1753 τῆς
1691 1705 1826 1750 πόλεως
1848 1706 2060 1758 ἀνακραγεῖν
2081 1706 2197 1759 μέρος·
2225 1700 2280 1747 Ω
2302 1707 2512 1762 ἄνθρωποι,

1465 1769 1525 1805 ποῖ
1562 1779 1602 1817 φε
1588 1763 1725 1816 ,’,ρεσθε
1761 1762 1882 1806 οἵτινες
1917 1763 2112 1816 χρημάτων
2150 1763 2212 1815 μὲν
2246 1765 2404 1812 κτήσεως
2429 1781 2511 1820 περι

1463 1831 1581 1862 πᾶσαν
1602 1826 1755 1861 ποιεῖσθε
1774 1815 1944 1873 σπουδήν,
1965 1840 2034 1862 των
2047 1825 2085 1862 δ’
2108 1824 2222 1874 υἱέων,
2239 1820 2288 1871 οἷς
2301 1841 2416 1866 ταυτα
2434 1842 2507 1866 κα·-

1462 1882 1661 1934 ταλείψετε,
1688 1882 1795 1934 μικρὰ
1813 1882 2034 1935 φροντίζετε,

1522 1942 1771 1994 (Plutarchus
1796 1943 1853 1980 De
1879 1942 1989 1980 liber.
2019 1942 2128 1981 educ.
2150 1956 2234 1995 cap.
2268 1957 2308 1994 7,
2331 1945 2410 1984 vol.
2436 1943 2511 1984 Vll

1466 2017 1506 2054 p.
1537 2003 1582 2039 16
1600 2001 1658 2039 ed.
1682 2000 1858 2054 Hutten.)

1515 2074 1561 2099 40.
1584 2060 1726 2112 Κράτης
1747 2061 1865 2113 πήραν
1892 2061 1981 2113 ἔχων
2002 2061 2063 2100 καὶ
2084 2061 2239 2114 τρίὸωνα
2253 2092 2265 2111 ,
2295 2064 2430 2110 παίζων
2445 2063 2507 2104 καὶ

1461 2122 1571 2172 γελῶν
1594 2118 1712 2172 ὥσπερ
1730 2121 1764 2158 ἐν
1786 2122 1888 2173 ἑορτῇ
1908 2120 1965 2159 τὸν
1986 2119 2060 2173 βίον
2082 2121 2270 2162 διετέλεσε.

1516 2179 1770 2229 (Plutarchus
1804 2180 1862 2217 De
1889 2180 2009 2218 animi
2045 2180 2327 2231 tranquillitate
2344 2193 2427 2234 cap.
2463 2189 2504 2231 4,

1462 2239 1539 2276 vol.
1556 2237 1591 2276 X
1613 2252 1651 2290 p.
1673 2240 1696 2276 6
1713 2237 1772 2276 ed.
1791 2238 1970 2290 Hutten.)

359 2346 2511 2369 —--——————————————-—-—————-—-—--

397 2435 449 2465 29.
468 2432 619 2464 Desertus
635 2429 762 2462 dicebat
777 2438 832 2461 eos
849 2428 905 2468 qui
922 2436 998 2459 cum
1010 2425 1269 2459 assentatoribus
1287 2433 1398 2457 versa-

357 2492 484 2531 rentur,
504 2489 590 2522 haud
612 2497 706 2521 secus
719 2496 758 2519 ac
774 2487 906 2528 vitulos,
924 2494 1027 2528 quum
1053 2486 1135 2518 inter
1150 2485 1247 2526 lupos
1264 2485 1371 2516 essent
1390 2492 1398 2514 :

358 2559 463 2590 neque
491 2548 576 2581 enim
596 2557 672 2580 cum
689 2547 751 2579 illis
772 2546 987 2587 propinquos,
1014 2553 1117 2586 neque
1137 2553 1210 2576 cum
1242 2543 1292 2575 his
1311 2551 1401 2575 com-

358 2608 512 2640 mercium
528 2607 657 2646 habere,
674 2605 729 2638 sed
753 2604 965 2636 insidiatores.

401 2671 451 2700 3ο.
475 2667 586 2699 Crates
616 2665 763 2697 homines
781 2664 896 2696 stultos
915 2662 1048 2695 terebris
1073 2661 1297 2703 comparabat,
1316 2661 1402 2701 quod

360 2727 421 2760 nisi
439 2725 572 2758 vinculis
588 2725 639 2757 vel
652 2724 841 2757 necessitate
857 2723 958 2755 eoacti
968 2722 1074 2754 officio
1087 2731 1146 2754 suo
1161 2721 1250 2762 fungi
1267 2720 1400 2754 nollent.

402 2787 453 2818 31.
475 2785 583 2817 Crates
598 2792 696 2824 quum
715 2783 749 2814 in
770 2782 875 2815 forum
896 2780 1133 2821 descendisset,
1154 2781 1235 2813 alios
1254 2780 1400 2813 venden-

360 2848 408 2876 tes
426 2843 507 2875 alios
522 2844 664 2875 ementes
680 2841 884 2882 conspicatus
904 2849 913 2871 :
939 2841 1002 2880 Hi,
1017 2839 1131 2880 inquit,
1155 2839 1250 2881 quod
1262 2840 1402 2872 contra-

359 2904 416 2936 ria
428 2904 521 2935 inter
545 2910 581 2934 se
599 2902 739 2942 neqotia
757 2901 881 2941 ayunt,
909 2907 945 2930 se
966 2898 1080 2931 beatos
1100 2901 1257 2941 pucant,·
1275 2901 1315 2932 at
1339 2907 1400 2939 eqo

357 2970 411 2994 me
426 2961 566 2994 beatum
580 2960 748 3001 praedico,
768 2957 861 3000 quod
888 2958 1044 2999 utraque
1057 2959 1091 2990 et
1111 2956 1247 2990 emendi
1263 2959 1298 2990 et
1319 2966 1401 2990 ven-

361 3020 465 3054 dendi
479 3028 566 3052 cura
584 3019 753 3052 liberatus
769 3026 861 3050 sum.

400 3082 452 3111 32.
467 3079 577 3110 Crates
589 3079 745 3118 parasitos
757 3076 894 3118 appellat
910 3077 1124 3107 assentatores
1140 3084 1205 3107 una
1223 3077 1399 3107 coenantes.

401 3140 454 3170 33.
473 3138 585 3170 Crates
601 3135 796 3168 adolescenti
821 3135 926 3174 diviti,
944 3143 1041 3175 quem
1062 3134 1277 3174 parasitorum·
1300 3134 1400 3166 comi-

360 3196 492 3228 tabatur
512 3195 621 3236 turba,
637 3194 850 3234 Adolescens,
870 3192 986 3234 inquit,
1004 3194 1146 3225 miseret
1159 3201 1213 3224 me
1230 3194 1298 3225 tuae
1319 3193 1401 3225 soli-

361 3255 507 3288 tudinis.

406 3317 459 3346 34.
481 3315 590 3345 Crates
603 3313 774 3345 Thebanus
791 3312 890 3343 fertur
912 3310 1050 3342 familias
1075 3310 1266 3342 dissidentes
1284 3310 1400 3342 adiisse

361 3380 403 3403 ac
418 3372 458 3404 de
477 3381 554 3412 pace
573 3371 759 3403 disserendo
775 3369 1009 3402 controversias
1028 3369 1206 3401 diremisse.

404 3433 455 3462 35.
469 3431 541 3462 Non
558 3430 650 3462 decet
662 3430 746 3461 dona
765 3438 784 3461 a
796 3428 909 3469 quovis
927 3427 1001 3460 data
1011 3427 1176 3468 accipere3
1192 3435 1296 3468 neque
1312 3427 1397 3460 enim

364 3488 409 3520 fas
424 3489 472 3520 est
491 3488 637 3521 virtutem
656 3497 674 3520 a
694 3487 816 3520 malitia
834 3487 993 3520 sustineri.

1505 2426 1555 2456 36.
1576 2425 1687 2456 Crates
1706 2422 1908 2464 conspicatus
1926 2422 2166 2457 adolescentem
2191 2425 2351 2459 athleticae
2369 2425 2433 2459 arti
2455 2426 2512 2460 de-

1463 2482 1580 2523 ditum,
1602 2481 1658 2523 qui
1674 2481 1762 2522 vino,
1779 2481 1912 2515 edendis
1927 2482 2078 2515 carnibus
2093 2484 2127 2516 et
2138 2483 2369 2518 exercitatione
2388 2493 2509 2527 corpus

1464 2542 1608 2575 fecerat:
1634 2543 1662 2574 Ο
1686 2541 1860 2580 mirabilis,
1883 2541 2006 2583 inquit,
2030 2542 2148 2587 homo,
2171 2542 2282 2576 desine
2301 2543 2461 2579 adversus
2477 2547 2510 2578 te

1462 2601 1569 2642 ipsum
1585 2609 1747 2634 carcerem
1766 2601 1905 2634 munire.

1506 2663 1559 2694 37.
1576 2656 1810 2693 Ornamentum
1836 2662 1898 2702 est,
1921 2661 1960 2694 ut
1974 2660 2101 2694 dicebat
2120 2662 2231 2695 Crates
2243 2685 2252 2702 ‚
2271 2663 2359 2704 quod
2380 2666 2502 2697 ornat:

1462 2721 1555 2752 ornat
1577 2722 1686 2752 autem
1715 2719 1801 2760 quod
1819 2719 2049 2752 modestiorem
2066 2720 2234 2755 mulierem
2257 2721 2357 2754 efficit
2375 2730 2385 2751 ε
2408 2722 2509 2756 talem

1462 2788 1540 2812 vero
1551 2779 1626 2811 facit
1637 2787 1743 2820 neque
1758 2787 1886 2819 aurum,
1902 2787 2007 2820 neque
2022 2779 2224 2821 smaragdus,
2239 2789 2345 2822 neque
2357 2790 2508 2823 coccum,

1462 2837 1517 2870 sed
1533 2847 1736 2879 quaecunque
1754 2837 1940 2879 gravitatis,
1957 2838 2201 2881 moderationis,
2215 2834 2420 2875 verecundie
2434 2850 2508 2884 spe-

1462 2897 1543 2930 ciem
1563 2898 1730 2938 praestant.

1503 2961 1556 2991 38.
1572 2959 1685 2991 Crates
1708 2966 1774 2990 non
1794 2957 1927 2997 divitiis,
1944 2957 2001 2991 sed
2017 2959 2207 3000 paupertate
2220 2967 2372 3002 magnam
2384 2969 2421 2994 se
2434 2959 2505 3003 glo·

1462 3017 1543 3061 riam
1559 3017 1713 3060 adeptum
1730 3026 1800 3050 esse
1812 3017 1905 3050 dixit.
2219 3015 2222 3017 ’

1503 3079 1556 3108 39.
1583 3077 1811 3117 Saepenumero
1828 3077 1923 3108 vetus
1938 3075 1993 3108 ine
2012 3076 2124 3110 Crates
2139 3076 2281 3115 dicebat,
2301 3086 2356 3119 se,
2369 3077 2398 3111 si
2422 3077 2506 3112 rorte

1461 3133 1528 3167 fieri
1544 3135 1664 3176 posset,
1676 3134 1832 3167 altissimo
1845 3134 1934 3167 urbis
1946 3135 2015 3167 loco
2031 3143 2210 3168 conscenso
2229 3121 2501 3170 exclamatum:

1461 3194 1534 3230 Quo
1547 3193 1699 3232 tenditis,
1720 3192 1878 3233 homines,
1905 3192 1960 3233 qui
1981 3194 2070 3226 omni
2094 3193 2203 3227 studio
2227 3193 2268 3226 ad
2295 3203 2363 3227 rem
2383 3194 2504 3227 facien-

1460 3250 1535 3282 dam
1557 3250 1768 3292 incumbitis,
1799 3250 1939 3283 filioru‘m
1962 3255 2095 3293 autem,
2121 3251 2239 3294 quibus
2265 3261 2344 3294 opes
2375 3254 2503 3287 vestras

1460 3310 1658 3351 relinquetis,
1681 3310 1784 3343 levem
1799 3319 1909 3343 curam
1927 3310 2045 3351 agitis?

1501 3371 1552 3402 40.
1571 3370 1681 3402 Crates
1709 3378 1783 3410 pera
1809 3371 1842 3402 et
1866 3370 1961 3410 pallio
1980 3370 2058 3402 trito
2086 3369 2284 3410 instructus,
2307 3371 2407 3414 vitam
2426 3372 2500 3404 tan-

1461 3438 1558 3470 quam
1573 3429 1659 3464 diem
1673 3430 1792 3463 festum
1811 3438 1867 3471 per
1881 3430 1993 3473 iocum
2009 3432 2042 3463 et
2059 3438 2135 3462 cum
2153 3429 2221 3462 risu
2246 3431 2413 3473 transegit.
