2638 3840
370 239 535 268 Lxxvnl

367 329 388 354 e
410 316 569 354 Prodici
604 316 747 354 chartis
778 316 935 367 petitam
971 327 1140 354 secunao
1171 315 1404 355 ulemorabi·

366 374 463 413 lium
483 375 652 412 Socratis
672 374 865 412 dictorum
884 373 1077 411 volumini
1095 373 1260 411 inseruit
1279 373 1408 412 Xeno-

370 434 490 485 phon.
547 434 623 478 Qui
643 433 715 471 etsi
728 433 846 470 Ceum
867 431 1139 483 philosophum
1160 431 1213 469 ita
1231 431 1409 471 honesta-

367 493 443 540 vit,
467 501 508 531 ut
528 492 643 531 rebus
664 492 713 530 ab
733 505 779 530 eo
803 491 973 530 inventis
994 504 1072 528 suae
1092 492 1282 530 orationis
1298 492 1408 530 leno-

367 552 470 590 cinia
497 551 653 589 adderet
672 566 680 588 :
703 560 830 588 tamen
851 559 970 587 totum
990 558 1106 601 caput
1129 550 1231 588 inter
1251 551 1410 591 Prodici

367 610 579 659 fragmenta
596 608 676 661 (22)
693 610 805 647 edere
822 622 899 645 non
921 616 1105 657 gravatus
1124 620 1222 646 sum.
1277 608 1411 648 Enim-

365 682 461 707 vero
481 669 611 707 fabula
629 669 675 706 de
696 668 860 706 Hercule
880 667 933 705 ita
953 666 1102 718 placuit
1118 666 1290 717 antiquis
1311 668 1410 705 scri-

367 727 545 779 ptoribus
559 756 569 774 ‚
591 735 633 765 ut
652 727 754 765 haud
772 739 862 764 raro
878 739 960 763 eam
980 725 1043 763 vel
1062 735 1411 764 commemorarent

365 787 427 824 vel
462 787 718 825 imitarentur.
776 784 881 822 lnter
914 784 1129 822 imitatores
1161 793 1251 823 sunt
1281 785 1407 823 Maxi-

365 858 448 882 mus
469 844 614 895 Tyrius
644 844 808 882 Dissert.
833 857 905 891 ²03
931 844 1023 881 item
1043 843 1280 883 Themistius
1299 844 1407 882 Orat.

368 916 416 939 22
433 932 443 951 ,
465 902 531 940 ubi
554 902 700 940 amicus
720 911 757 939 et
777 901 957 940 adulator
979 902 1080 940 inter
1099 915 1141 940 se
1161 902 1409 941 committun-

365 970 437 998 tur.
496 964 614 998 Porro
647 961 927 1012 Aristophanes
971 961 1040 1012 qui
1080 961 1120 999 in
1154 962 1266 999 Pluto
1295 953 1409 1000 deum

364 1020 588 1057 divitiarum
610 1019 812 1069 praesidem
825 1019 903 1058 Pau
909 1028 1172 1071 pertatemque
1185 1021 1411 1059 altercantes

364 1078 526 1116 inducit.
583 1078 778 1116 Praeterea
814 1079 916 1130 apud
952 1078 1092 1117 Silium
1127 1078 1302 1116 Italicum
1332 1081 1408 1130 (23)

363 1136 546 1175 Punicor.
564 1136 637 1175 lib.
653 1136 734 1187 XV,
755 1138 799 1175 18
817 1150 926 1188 seqq.
944 1137 1000 1176 sic
1021 1137 1164 1175 adeunt
1184 1137 1408 1188 Scipionem

362 1195 493 1233 Virtus
522 1204 559 1233 et
590 1195 800 1247 Voluptas3
833 1196 936 1247 apud
970 1196 1135 1234 Dionem
1169 1196 1411 1246 Chrysosto-

363 1267 468 1292 mum
489 1266 583 1291 vero
599 1254 704 1291 Orat.
727 1268 742 1291 1
764 1255 811 1299 de
835 1267 956 1303 regno
981 1268 1021 1305 p.
1048 1260 1093 1299 14
1115 1254 1317 1292 Herculem
1339 1254 1411 1292 dea

365 1312 512 1362 Regina
531 1320 569 1350 et
599 1312 632 1349 T
636 1315 811 1363 yrannis.
870 1312 1000 1358 Quid?
1021 1313 1126 1363 quod
1155 1312 1350 1350 Lucianus
1371 1315 1410 1349 in

362 1370 524 1408 Somnio
545 1371 601 1408 sic
628 1371 830 1422 loquentes
859 1371 951 1409 facit
970 1371 1103 1408 Artem
1129 1371 1353 1408 statuariam
1374 1380 1410 1408 et

363 1429 635 1468 Eruditionem
651 1459 662 1478 ,
693 1439 809 1481 atque
829 1431 870 1468 in
900 1431 1069 1468 Dearum
1101 1429 1260 1467 Judicio
1287 1429 1410 1467 Juno-

364 1502 449 1526 nem
467 1518 477 1537 ‚
526 1489 739 1527 Minervam
755 1520 765 1538 ,
812 1490 1012 1528 Venerem.
1073 1489 1180 1526 Adde
1221 1498 1411 1528 certantes

364 1547 466 1586 inter
494 1561 534 1586 se
561 1561 749 1599 personas
770 1548 1044 1586 Sanctimoniae
1063 1556 1101 1585 et
1129 1547 1411 1599 Temperantiae

362 1606 466 1657 apud
479 1607 711 1656 Gregorium
732 1606 1015 1645 Nazianzenum
1032 1607 1158 1644 Carm.
1176 1606 1223 1644 de
1240 1606 1410 1644 Somniis

363 1666 444 1704 suis
457 1695 468 1717 ‚
513 1665 729 1717 Voluptatis
777 1675 815 1704 et
857 1666 1020 1704 Virtutis
1059 1665 1162 1717 apud
1203 1661 1406 1703 Philonem

362 1787 456 1818 Mart.
472 1786 563 1827 Apol.
580 1788 593 1819 1
611 1795 641 1827 p.
658 1789 699 1818 49
712 1785 763 1818 ed.
784 1786 853 1818 Col.
869 1805 910 1813 -—
926 1786 990 1826 (22)
1008 1786 1083 1818 Vid.
1103 1786 1217 1824 fragm.
1242 1790 1268 1818 ί.
1283 1804 1323 1810 -
1338 1787 1405 1828 (23)

361 1833 459 1866 Silius
474 1833 607 1866 Italicus
628 1833 778 1866 Punicor.
799 1833 855 1866 lib.
869 1835 940 1874 XV,
958 1836 994 1866 18
1010 1843 1101 1874 seqq.
1119 1846 1135 1862 ιι
1150 1835 1218 1866 Has
1233 1834 1311 1866 lauri
1331 1835 1406 1866 resi-

360 1880 441 1913 dens
458 1880 589 1921 juvenis
607 1881 764 1913 viridante
779 1880 839 1913 sub
863 1880 978 1912 umbra
991 1904 1001 1922 ‚
1019 1881 1159 1913 AEdibus
1172 1880 1324 1913 extremis
1337 1882 1406 1913 vol-

359 1927 456 1959 vebat
473 1929 601 1968 pectore
614 1937 708 1960 curas
723 1937 732 1960 :
753 1929 837 1959 Cum
855 1927 962 1960 subito
981 1927 1155 1967 assistunt,
1170 1927 1285 1960 dextra
1308 1928 1407 1960 laeva-

360 1982 424 2014 que
451 1983 505 2014 per
541 1983 636 2006 auras
664 1975 804 2014 Allapsae
819 1998 828 2015 ,
855 1974 940 2006 haud
972 1975 1116 2015 paullum
1148 1975 1277 2007 mortali
1307 1975 1407 2016 major

359 2021 483 2062 imago,
500 2021 582 2054 Hinc
593 2022 724 2062 virtus,
738 2021 827 2053 illinc
839 2021 952 2054 virtuti
965 2021 1095 2054 inimica
1116 2021 1286 2063 Voluptas,
1301 2022 1407 2054 Altera

361 2067 605 2100 Achaemenium
626 2068 768 2109 spirabat
782 2069 902 2100 vertice
915 2067 1067 2109 odorem,
1083 2068 1270 2101 Ambrosias
1290 2068 1407 2100 diffusa

360 2123 468 2147 comas
479 2139 488 2154 ,
504 2117 537 2148 et
561 2117 650 2149 veste
664 2116 842 2156 refulgens,
858 2118 989 2149 ostrum
1006 2126 1070 2157 qua
1088 2117 1177 2149 fulvo
1192 2119 1326 2158 Tyrium
1340 2126 1405 2148 sui·

364 2162 486 2195 uiderat
502 2172 582 2195 auro
597 2172 606 2195 z
624 2165 743 2195 Fronte
756 2164 852 2196 decor
871 2163 1024 2204 quaesitus
1042 2173 1098 2196 acu
1138 2164 1321 2205 lascivaque
1337 2172 1404 2196 cre·

1217 228 1286 268 DE
1314 228 1541 270 PRODICO
1573 231 1686 270 0130.

1467 316 1572 355 libro
1591 318 1647 355 De
1670 317 1844 355 mercede
1874 316 2105 367 meretricis,
2135 315 2399 368 Philosophiae
2424 328 2510 354 cum

1467 376 1731 429 Opinionibus
1762 377 1863 428 apud
1898 376 2174 414 Philostratum
2217 375 2291 413 Vit.
2325 374 2509 428 Apollon.

1468 434 1541 474 lib.
1559 437 1604 482 6,
1632 435 1735 472 Pluti
1768 443 1805 472 et
1837 434 1999 472 Virtutis
2020 433 2121 483 apud
2151 433 2346 471 Stobaeum
2378 432 2509 471 Floril.

1470 493 1569 540 XCI,
1592 494 1639 532 33
1661 506 1709 531 ex
1730 492 1874 532 Teletc.
1931 492 2123 530 Similiter
2151 491 2274 545 Cebes
2293 492 2334 530 in
2361 491 2514 530 Tabula

1470 560 1669 604 comparat
1704 564 1834 589 veram
1869 561 1906 589 et
1938 551 2251 589 commenticiam
2279 550 2510 589 doctrinam.

1468 610 1645 660 Denique
1662 610 1841 648 Clemens
1857 610 2141 648 Alexandrinus
2154 609 2295 648 Sti-om.
2314 608 2359 656 V,
2378 622 2418 660 p.
2437 608 2508 646 561

1468 669 1529 708 ed.
1568 669 1652 709 Col.
1688 669 1849 707 eandem
1889 668 2056 707 fabulam
2092 668 2140 706 ad
2174 668 2368 719 duplicem
2405 667 2511 705 illam

1469 741 1554 778 quae
1583 741 1605 765 a
1625 728 1749 779 poetis
1778 726 1996 766 celebratur
2022 725 2156 764 Somni
2183 735 2332 778 portam
2363 739 2512 764 accom-

1473 786 1616 825 modat.
1674 786 1778 832 Quin
1800 786 1914 824 etiam
1941 786 2110 824 artifices
2131 785 2212 837 (24)
2234 785 2297 824 vel
2322 784 2439 836 pictis
2459 793 2516 822 ta-

1470 846 1576 884 bulis
1599 845 1660 883 vel
1679 845 1814 884 statuis
1837 845 2039 883 Herculem
2061 844 2286 882 Prodicium
2312 843 2514 882 referenti·

1470 902 1543 942 bus
1579 904 1714 942 eximii
1740 903 1968 955 philosophi
1989 911 2246 940 commentum
2269 901 2516 954 sempiternae

1470 963 1671 1001 hominum
1720 963 1916 1000 memoriae
1954 961 2107 1000 tradere
2151 961 2374 999 voluerunt.
2430 962 2517 998 Huc

1471 1021 1620 1059 accedit
1641 1020 1747 1071 quod
1783 1020 1951 1057 fabulam
1988 1020 2222 1071 insculptam
2249 1020 2444 1058 cernimus
2467 1020 2516 1075 'in

1471 1094 1589 1118 aureo
1610 1093 1772 1118 nummo
1804 1079 1883 1131 (25)
1915 1079 2100 1117 Hadriani
2135 1080 2310 1128 Augusti.
2370 1078 2417 1117 111
2444 1078 2518 1118 hoc

1471 1140 1574 1177 enim
1610 1138 1813 1176 Herculem
1850 1139 1996 1176 nudum
2030 1139 2072 1176 in
2105 1139 2251 1189 templo
2278 1138 2410 1176 nescio
2437 1150 2517 1188 quo

1472 1207 1633 1236 stantem
1656 1198 1794 1235 mulier
1813 1197 2080 1237 alteraastans
2100 1196 2346 1235 dextrorsum
2365 1225 2375 1244 ,
2397 1196 2518 1246 altera

1472 1257 1742 1295 sinistrorsum
1759 1256 1806 1293 ad
1824 1269 1864 1294 se
1879 1255 2036 1294 allicere
2049 1255 2249 1295 videntur.
2307 1254 2451 1293 Locum
2469 1255 2518 1293 de

1474 1316 1643 1353 miseriis
1660 1315 1701 1353 in
1720 1314 1862 1365 quibus
1881 1314 2067 1353 mortales
2087 1315 2227 1352 vivunt
2246 1327 2290 1352 ac
2309 1314 2356 1352 de
2377 1322 2515 1362 morte,

1472 1374 1662 1411 malorum
1685 1375 1857 1410 omnium
1879 1373 2061 1419 termino,
2086 1386 2134 1410 ex
2164 1373 2333 1423 quodam
2358 1372 2516 1411 Prodici

1471 1446 1587 1483 opere
1601 1432 1847 1483 depromtum
1870 1431 2042 1469 servavit
2061 1431 2320 1481 Pseudoplato
2336 1430 2378 1469 in
2398 1431 2518 1469 Axio-

1472 1489 1544 1527 cho
1570 1489 1659 1540 (26).
1716 1490 1900 1540 Superest
1919 1489 2032 1526 etiam
2051 1489 2210 1540 copiosa
2224 1489 2271 1526 de
2287 1488 2515 1528 divitiarum

1471 1561 1544 1586 usu
1561 1548 1772 1599 disputatio
1784 1548 1824 1585 in
1842 1548 2041 1598 personati
2060 1547 2237 1585 Platonis
2251 1546 2397 1598 Eryxia
2418 1547 2516 1597 (27).

1474 1605 1550 1643 Has
1574 1606 1762 1656 reliquias
1779 1635 1787 1654 ·.
1805 1615 1986 1656 tanquam
2009 1605 2184 1644 Prodicii
2206 1605 2356 1656 ingenii
2377 1619 2516 1645 monu-

1475 1663 1622 1711 menta‘,
1644 1665 1851 1714 diligenter
1870 1665 2046 1703 recensui
2063 1673 2101 1702 et
2116 1665 2393 1717 interpretatus
2408 1677 2509 1704 sum.
2567 1697 2573 1701 .

1469 1787 1544 1820 bras
1569 1787 1709 1828 Ancipiti
1738 1790 1827 1819 motu
1855 1787 2018 1828 jaciebant
2047 1788 2170 1820 lumina
2189 1787 2345 1820 flammas.
2372 1786 2513 1820 Alterius

1466 1835 1574 1875 dispar
1599 1833 1740 1872 habitus,
1769 1834 1856 1866 frons
1881 1834 1965 1866 hirta
1991 1843 2048 1866 nec
2072 1843 2218 1876 unquam
2240 1834 2426 1875 Composita
2449 1842 2521 1866 mu-

1469 1882 1536 1913 tata
1559 1889 1652 1913 coma
1670 1890 1678 1912 :
1697 1883 1787 1913 stans
1807 1881 1915 1914 vultus
1940 1883 1972 1914 et
1991 1890 2047 1913 ore
2069 1884 2264 1922 incessuque
2285 1881 2356 1913 viro
2375 1878 2519 1923 propior,

1470 1929 1600 1969 laetique
1625 1929 1776 1970 pudoris,
1805 1929 1897 1962 Celsa
1921 1928 2076 1962 humeros
2099 1930 2204 1962 niveae
2222 1930 2362 1970 fulgebat
2383 1929 2521 1962 stamine

1465 1976 1567 2017 pallae.
1591 1978 1734 2017 Occupat
1757 1976 1831 2008 inde
1854 1977 1950 2017 prior,
1971 1977 2136 2017 promissis
2154 1977 2230 2018 fisa,
2248 1977 2409 2018 Voluptas
2423 1989 2440 2006 υ
2455 1979 2518 2009 etc.

1467 2041 1509 2046 —-
1528 2024 1594 2063 (24)
1612 2023 1686 2055 Vid.
1712 2023 1823 2063 steph.
1845 2024 1919 2056 Vin.
1942 2024 2088 2064 Pighium
2111 2025 2142 2056 in
2165 2024 2256 2066 proet'.
2276 2023 2424 2058 Herculis
2445 2025 2520 2057 Pro·

1465 2070 1630 2103 dicii.tum
1641 2069 1844 2103 Welckerum
1867 2071 1890 2103 l.
1919 2080 1949 2104 c.
1971 2090 2013 2099 —
2035 2071 2101 2113 (25)
2126 2072 2221 2104 conf.
2247 2071 2378 2105 Eckliel.
2405 2071 2517 2104 Doctr.

1464 2120 1655 2205 i'lggnmlT·
1669 2120 1687 2148 6
1701 2127 1733 2156 ι).
1748 2122 1818 2151 506.
1833 2138 1872 2145 —
1888 2118 1954 2160 (26)
1968 2119 2043 2151 Vid.
2060 2118 2172 2160 fragm.
2188 2123 2207 2152 2
2219 2122 2252 2152 et
2264 2123 2296 2152 3.
2306 2135 2349 2143 -
2362 2117 2429 2160 (27)
2441 2117 2517 2150 vtd.
