2638 3840
994 267 1312 309 FRAGMENTA
1345 267 1412 307 VA
1419 266 1520 306 [UA.

177 362 255 405 Sed
292 361 476 402 Cratinus
508 372 588 398 non
625 358 698 398 suit
730 355 1003 410 philosophus.
1035 355 1224 395 Similiter
1253 363 1258 412 J

174 422 313 462 Cicero
330 420 380 460 de
399 418 483 460 rin.
500 419 568 458 lib.
590 418 607 457 1
625 431 710 471 cap.
731 430 758 468 9
778 429 788 456 :
808 433 826 451 ι
845 415 1066 462 Quaerimus
1084 415 1220 465 igitur,
1252 413 1255 427 ⁹

1253 470 1255 475 ’
1286 475 1402 513 finem
1435 474 1609 513 hominis
1633 487 1717 513 esse
1747 473 2040 519 beatitudinem,
2061 472 2161 511 hanc
2180 485 2274 512 vero
2294 474 2335 512 in

174 538 299 591 quod,
333 538 510 576 onmium
547 535 874 589 philosophorum
903 534 1117 582 sententia,
1149 534 1224 572 tale
1252 555 1255 589 3

176 595 292 636 debet
311 608 414 644 esse,
443 605 487 635 ut
517 595 566 634 ad
595 594 638 634 id
657 594 789 634 omnia
807 593 944 633 referri
964 601 1161 645 oporteat,
1190 593 1225 632 i-
1252 597 1254 650 ξ

743 675 798 684 -
817 651 853 676 ²⁶
873 652 929 691 ἐπ’
948 650 1045 691 οὐδέν
1065 653 1223 703 reposui

174 727 262 753 cum
282 713 420 766 Lipsio
437 712 597 753 Manud.
617 711 737 751 Stoic.
761 711 815 762 11,
853 711 923 759 13;
949 709 1063 750 codd.
1086 710 1140 748 ἐπ’
1164 711 1223 750 οὗ·
1253 713 1254 716 ’

178 479 276 532 quid
305 479 357 518 sit
385 487 628 526 extremum,
658 475 754 528 quid
789 475 970 514 ultimum
998 473 1218 523 bonorum;

174 669 288 709 psum
322 664 449 695 autem
469 667 676 707 nusquam.
703 671 719 689 ι

174 774 282 818 δενός.
305 794 360 804 -
388 772 422 797 ²¹
454 770 648 826 πρακτικόν
677 770 863 822 rescripsi
894 783 982 809 cum
1002 769 1221 818 -Heerenio;

175 830 270 873 libri
308 831 498 885 πρακτέον.
530 851 583 861 -
612 828 647 854 ²⁸
682 830 913 869 διατεθεῖσθαι
946 830 1105 868 exaravi
1136 843 1223 868 cuni
1253 874 1254 878 Ἰ

174 890 372 942 Madvigio
405 891 454 929 ad
478 892 559 931 Cic.
590 889 643 928 de
663 888 746 929 Fin.
779 902 819 941 p.
855 893 955 936 1443
989 887 1224 928 membranae
1252 928 1255 944 ;

173 947 377 991 διατιθέναι.
402 970 458 980 -
475 948 510 972 ²⁹
538 947 691 1002 ἀγούσης
718 947 834 1000 posui
859 960 947 986 cum
977 947 1113 986 eodem
1150 962 1224 1000 pro
1252 986 1255 994 J

175 1007 484 1051 membranarum
513 1007 708 1059 scriptura
742 1005 897 1053 ἁπάσης.
921 1027 975 1036 —-
994 1003 1029 1028 ³⁰
1058 1005 1224 1054 ἐπιὸολῆς
1253 1006 1254 1009 ’

175 1080 263 1107 cum
294 1066 485 1107 Heerenio
516 1065 647 1114 cdidi3
668 1065 764 1104 libri
794 1064 995 1110 ἐπιὸουλῆς.
1014 1086 1070 1095 -
1089 1062 1118 1088 ³¹
1145 1065 1223 1105 tto-

173 1187 313 1239 χρῆμα,
331 1199 406 1223 noa
428 1189 529 1223 enim
547 1197 618 1233 ego
644 1186 762 1222 ullam
789 1192 882 1234 puto
906 1197 984 1222 rem
1014 1188 1220 1233 gruunt-em

173 1258 265 1285 esse.
290 1243 386 1283 Vide
411 1243 469 1283 ibi
486 1243 684 1282 Clarkium
701 1251 739 1281 et
754 1242 972 1283 Ernestum.
985 1264 1040 1273 —
1055 1238 1091 1266 ³²
1108 1244 1220 1285 Conf.
1252 1254 1254 1300 j

174 1302 277 1344 Ptat.
297 1302 403 1343 Tim.
425 1316 465 1355 p.
489 1304 538 1348 61.
569 1311 608 1341 et
626 1302 786 1353 Protag.
816 1316 857 1354 p.
881 1303 974 1342 350.
1010 1323 1065 1333 —
1082 1299 1116 1326 ³³
1141 1305 1225 1342 ὑπο-

173 1360 272 1408 τελὲς
290 1370 454 1401 vocatur
470 1363 572 1412 quod
574 1363 656 1411 fini
667 1363 836 1409 subjacet
852 1361 937 1400 sive
952 1374 1031 1414 quo
1044 1362 1092 1400 ad
1109 1362 1222 1401 finem

172 1420 486 1475 consequendum
500 1429 667 1460 anatura
677 1420 856 1460 instructi
872 1433 1020 1461 sumus.
1035 1421 1104 1461 Est
1119 1421 1223 1460 enim

174 1480 267 1521 finis
285 1480 500 1520 secundum
520 1480 672 1519 Stoicos
692 1488 836 1518 naturae
863 1479 1145 1519 convenienter
1167 1481 1223 1520 vi-

173 1552 289 1588 vere,
314 1539 356 1579 τὸ
381 1538 546 1582 ὑποτελὲς
574 1546 701 1578 autem
732 1538 1007 1590 complectitur
1030 1538 1223 1590 quidquid

172 1598 222 1639 ad
237 1598 575 1639 conservationem
595 1607 741 1637 naturae
760 1606 902 1637 nostrae
919 1597 1103 1650 pertinet,
1126 1612 1170 1636 ac
1190 1599 1223 1637 si

172 1656 346 1709 sapimus
361 1669 410 1696 eo
430 1656 600 1696 conferri
625 1665 767 1709 potest,
788 1665 831 1696 ut
854 1657 940 1708 ejus
956 1669 1032 1709 ope
1050 1657 1099 1696 ad
1118 1671 1223 1696 sum·

170 1727 278 1755 mum
303 1714 452 1755 bonnm
481 1716 770 1769 perveniamus,
786 1715 882 1763 Quae
901 1729 1024 1768 quum
1046 1717 1100 1755 ita
1130 1718 1222 1765 sint,

169 1772 212 1814 τὸ
248 1773 413 1819 emm<
438 1774 561 1815 latine
587 1777 752 1814 indolem
780 1774 983 1815 vertimus.
1015 1797 1070 1806 —
1105 1773 1137 1803 ³⁴
1166 1777 1221 1815 εὖ·

172 1829 259 1886 quie
278 1832 485 1884 legendum
511 1847 599 1874 cum
619 1833 852 1874 melioribus
870 1833 986 1874 libris
1005 1848 1081 1887 pro
1101 1848 1222 1875 mem-
1252 1827 1255 1840 ’

119 1903 124 1908 ·
170 1889 382 1932 branarutn
394 1892 637 1944 quarundam
659 1893 855 1946 scriptura
871 1889 1023 1942 εὐποιία,
1045 1894 1114 1933 sed
1131 1894 1223 1934 alte·
1252 1890 1254 1893 ’

172 1962 255 1990 ram
268 1950 473 1990 lectionem
483 1952 688 1991 confirmat
701 1953 818 1991 etiam
832 1952 1027 2003 Diogenes
1047 1951 1223 1993 laertius

173 2007 245 2050 nib.
257 2008 344 2059 Vll,
357 2010 403 2048 61
422 2024 432 2048 ι
450 2004 522 2050 οἷον
546 2011 604 2050 ἰπὶ
622 2010 687 2062 μὲν
713 2013 783 2051 τῶν
802 2012 976 2064 ψυχικῶν,
994 2007 1153 2064 εὐφυΐαν,
1169 2013 1226 2051 τέ-

170 2082 260 2121 χνην
290 2067 366 2108 κτλ.
391 2090 445 2097 -
465 2066 499 2092 ³⁵
516 2067 704 2108 Nonnulli
722 2069 763 2108 τὸ
781 2067 944 2112 ὑποτελὲς
974 2070 1227 2109 nominarunt

172 2124 360 2166 ὑποτελίδα
372 2155 383 2174 ,
413 2126 519 2166 velut
548 2126 718 2166 Herillus
750 2135 846 2166 teste
878 2127 1053 2179 Diogene
1071 2127 1226 2168 Laertio

171 2181 244 2224 lib.
260 2182 343 2232 Vll,
361 2185 433 2223 165
456 2197 466 2224 z
486 2185 660 2239 διαφέρειν
681 2185 717 2223 δὲ
737 2184 836 2229 τέλος
855 2185 916 2224 καὶ
936 2185 1147 2234 ὑποτελίδα,
1163 2189 1225 2235 τῆς

171 2240 237 2294 μὶν
265 2241 334 2296 γὰρ
375 2243 436 2283 καὶ
466 2241 545 2288 τοὺς
576 2242 627 2295 μὴ
662 2242 787 2298 σοφοὺς
819 2244 1072 2297 στοχάζεσθαι,
1099 2247 1159 2284 τοῦ
1188 2246 1224 2286 δὲ

171 2299 277 2352 μόνον
306 2300 365 2342 τὸν
384 2301 506 2355 σοφόν.
526 2324 580 2333 -
602 2300 636 2326 ³⁶
670 2303 830 2344 Homer.
862 2303 1003 2355 Odyss.
1037 2303 1109 2343 lib.
1147 2303 1223 2354 lx,

173 2358 256 2400 5·6.
292 2381 349 2392 -
379 2360 413 2384 ²'
453 2360 611 2403 Homer.
655 2362 797 2414 Odyss.
841 2362 911 2402 lib.
951 2362 997 2411 V,
1044 2364 1133 2414 193.
1171 2386 1223 2395 —-

173 2414 207 2442 ³⁸
227 2417 375 2472 Scripsi
401 2419 456 2459 ive·
483 2420 614 2473 αὐτοῦς
630 2420 745 2461 codd.
764 2421 823 2460 ὑπ’
844 2421 960 2462 αὐτὸν.
978 2442 1031 2452 —-
1055 2419 1087 2445 ³⁹
1107 2422 1225 2462 Posui

172 2476 352 2531 ἁραονικῷ
391 2491 479 2517 cum
512 2478 811 2531 wyttenbachio
839 2480 887 2519 ad
919 2480 1116 2521 Plutarch.
1152 2481 1223 2522 lib.
1254 2474 1257 2515 ἶ

1254 2568 1258 2597 q
1287 2547 1463 2599 corporis
1478 2555 1516 2585 et
1532 2555 1693 2585 externa
1707 2546 1841 2586 vocari
1858 2546 1997 2585 solent.
2028 2545 2084 2584 De
2104 2545 2240 2585 iisdem
2262 2546 2337 2586 hoc

172 2535 223 2575 de
238 2548 314 2577 ser.
335 2550 441 2578 num.
461 2537 572 2579 vind.
588 2552 627 2591 p.
643 2539 737 2587 550,
752 2538 800 2589 D,
811 2553 895 2592 ·pro
911 2539 1223 2579 membranarum

173 2595 367 2648 §criptura
385 2597 600 2649 ἁρμονικῶς.
627 2619 682 2630 -
697 2598 733 2621 ⁴⁰
755 2597 954 2651 nescu-ipsi
984 2598 1083 2652 παρὰ
1120 2599 1224 2640 Πλά-

173 2667 303 2703 τωνοςς
325 2654 416 2695 libri
444 2654 543 2709 παρὰ
566 2656 747 2699 Πλάτωνι.
778 2679 831 2690 --
860 2659 889 2686 ⁰
916 2658 1027 2698 Plato
1054 2659 1104 2698 de
1136 2659 1224 2711 [ΑΒ.

177 2709 247 2752 m‘·
269 2711 318 2752 w
352 2727 394 2766 P·
418 2715 511 2763 71⁶·
532 2736 589 2748 -·
614 2713 651 2743 ⁴³
674 2716 714 2756 οὗ
732 2715 920 2762 πθλῦὄοξῦν
947 2717 1093 2757 inserui
1113 2731 1135 2756 e
1168 2732 1228 2757 se·
1255 2717 1258 2762 ζ
1286 2724 1482 2776 γίγνεσθαι,
1510 2723 1559 2773 μὴ
1588 2724 1622 2762 ἐν
1651 2728 1785 2769 κακοῖς.
1809 2723 1938 2771 Quid?
1958 2724 2064 2776 quod
2086 2724 2337 2776 Peripatetici

176 2772 387 2823 «tuentibus
417 2787 505 2813 cum
538 2774 755 2823 Heerenio3
786 2777 825 2815 in
854 2775 968 2815 codd.
994 2776 1074 2815 haec
1107 2776 1226 2816 verba
1255 2775 1258 2827 3
1289 2795 1447 2834 quoque
1463 2782 1646 2834 corporis
1673 2781 1778 2822 bona
1793 2792 1831 2822 et
1846 2792 2008 2823 externa
2037 2796 2111 2835 pro
2132 2782 2248 2822 bonis
2267 2783 2339 2822 ha-

173 2826 456 2873 duidernntur·
484 2854 538 2864 —
560 2829 597 2862 ⁴³
616 2835 666 2879 etz
687 2832 723 2874 δὲ
743 2833 848 2873 ταύτὸ
883 2835 1024 2886 scripsi
1052 2849 1139 2874 cum
1157 2848 1223 2874 eo·
1254 2835 1258 2879 Q
1290 2840 1425 2881 bentes
1452 2841 1514 2880 his
1545 2840 1712 2881 sublatis
1744 2842 1955 2895 perfectam
1988 2842 2209 2881 felicitatem
2251 2843 2336 2881 tulli

174 2887 288 2940 dent;
327 2890 419 2930 libri
456 2892 488 2931 et
516 2890 552 2933 δὲ
585 2892 704 2933 ταύτὸ.
733 2914 789 2923 —
821 2893 853 2921 ⁴⁴
886 2894 945 2933 cf.
984 2893 1084 2934 Plat.
1115 2893 1220 2935 Tim.
1255 2905 1258 2912 ”

175 2959 215 3000 p·
246 2960 312 2997 9⁰.
341 2970 395 2978 -·
427 2948 461 2972 ⁴⁸
493 2948 587 2989 κατὰ
618 2949 773 3003 τοῦνομα
802 2951 965 3004 scripsi3
999 2951 1115 2993 codd.
1148 2954 1227 2991 κατ’

176 3003 308 3057 οὔνομα
327 3006 387 3046 vel
417 3007 476 3047 καὶ
503 3009 535 3047 τ’
553 3006 696 3062 οὕνομα.
721 3031 776 3040 -
804 3010 838 3038 ⁴⁰
870 3009 914 3049 ln
939 3011 1114 3051 Platonis
1135 3011 1226 3050 loco

178 3062 324 3104 Stobaei
353 3065 589 3107 membrana:
608 3068 795 3109 exhibent
825 3070 951 3120 ὁμοίως
971 3069 1014 3108 ἂν
1034 3070 1073 3109 τὸ
1101 3071 1137 3110 δι
1165 3071 1225 3110 vel

179 3122 262 3163 τάδε
284 3138 358 3177 pro
375 3125 598 3177 ὅμοιώσαντα
626 3126 662 3167 δᾶ
688 3136 725 3167 et
746 3128 991 3182 προστιθέντος
1007 3143 1082 3181 pro
1101 3143 1229 3182 προτε-

178 3181 293 3228 tinto<
313 3197 400 3237 qua
430 3197 479 3224 ex
495 3185 656 3227 Platone
687 3188 852 3227 restitui.
879 3187 920 3227 ln
942 3188 1078 3227 iisdem
1110 3202 1227 3227 mem·

179 3239 313 3282 branis
344 3252 400 3282 est
418 3242 503 3298 πρός
538 3259 577 3284 τε
595 3245 654 3284 τὸν
687 3245 842 3299 παρόντα
875 3246 935 3285 καὶ
959 3245 1019 3285 τὸν
1054 3247 1226 3297 μὶλλοντα

181 3302 329 3341 omisso
348 3303 488 3355 χρόνον,
509 3304 614 3357 quod
627 3317 677 3344 ex
696 3304 857 3344 Platone
872 3305 1012 3357 adjeci.
1035 3305 1106 3346 llic
1123 3307 1225 3347 enim

181 3359 296 3412 plene
316 3361 476 3414 scripsit
496 3376 506 3401 ι
535 3362 622 3413 πρός
638 3378 677 3402 τι
698 3363 756 3402 τὸν
779 3364 935 3416 παρόντα
956 3365 1017 3404 καὶ
1031 3366 1090 3405 τὸν
1106 3367 1226 3409 ἔπειτα

181 3417 320 3471 χρόνον.
355 3440 411 3450 -
447 3419 481 3445 ⁴⁷
517 3417 613 3468 Qua:
646 3431 863 3474 sequuntur
902 3424 1123 3465 Aristotelis
1150 3425 1225 3465 do·

183 3485 311 3527 gulata
325 3480 566 3520 conveniunt
585 3481 738 3533 quidem
758 3483 798 3522 in
821 3483 1047 3523 universum
1068 3498 1156 3525 cutn
1178 3485 1227 3527 iis

2255 272 2330 307 10⁸

1284 369 1371 407 qua:
1390 354 1587 406 Stagirites
1604 354 1646 393 in
1665 354 1780 394 libris
1803 354 1852 393 de
1879 353 2057 393 Moribus
2085 354 2134 392 ad
2155 354 2332 395 Nicoma-

1286 415 1480 463 chum,in
1512 413 1651 466 primis
1670 412 1743 452 lib.
1772 413 1789 452 l
1816 426 1904 465 cap,
1936 413 2006 464 5-9
2036 413 2240 464 exposuit,
2265 413 2334 453 ubi

1284 534 1431 573 virtute
1458 533 1543 573 sive
1576 534 1610 572 ἐν
1630 531 1785 586 ἐνεργείᾳ
1804 532 1882 572 κατ’
1900 531 2027 584 ἀρετ-ὴν
2058 533 2223 584 positam
2252 546 2337 571 esse

1285 592 1545 640 demonstrat,
1567 604 1639 631 nec
1659 601 1788 631 tamen
1808 604 1858 631 ex
1885 590 1955 630 illo
1972 590 2197 642 philosophi
2217 604 2336 643 opere

1286 660 1412 691 sumta
1429 651 1627 692 videntur.
1645 651 1774 698 Quum
1794 651 1899 691 enim
1926 650 2042 703 plura
2063 649 2129 688 hic
2158 650 2336 699 legantur

1286 723 1373 762 quae
1395 710 1436 748 in
1453 704 1603 749 Ethicis
1624 709 1892 749 Nicomacheis
1922 721 2003 747 non
2019 716 2245 760 comparent
2266 721 2334 746 ne-

1286 782 1363 820 que
1375 768 1494 808 verba
1508 769 1719 822 utrobique
1731 770 1865 808 eadem
1877 768 1971 820 sint,
1985 766 2221 807 arbitramur
2235 766 2339 806 hunc

1285 828 1413 867 locum
1428 842 1450 867 e
1463 828 1668 881 deperdito
1684 828 1853 881 quodam
1871 828 2089 868 Aristotelis
2104 826 2241 866 libello
2255 839 2339 866 esse

1286 887 1462 940 petitum.
1489 887 1555 926 Est
1574 898 1701 927 autem
1722 888 1939 927 verisimile
1958 900 2046 926 eum
2068 888 2109 926 in
2130 886 2234 927 hunc
2255 900 2339 925 mo-

1287 947 1381 986 dum
1411 947 1727 1000 philosophatum
1755 961 1839 987 esse
1867 948 1908 986 in
1930 946 2220 986 commentariis
2238 960 2339 999 quos

1286 1007 1335 1046 dc
1353 1007 1498 1046 virtute
1520 1006 1617 1060 (περὶ
1635 1007 1784 1060 ἀρετῆς)
1798 1020 1843 1046 ac
1855 1007 1904 1046 de
1920 1007 2121 1060 voluptate
2142 1005 2242 1059 (περὶ
2259 1006 2340 1054 ἡδο·

1252 1107 1255 1123 3
1285 1067 1364 1117 νῆς)
1387 1075 1482 1106 teste
1502 1067 1675 1117 Diogene
1698 1066 1852 1105 Laertio
1880 1066 1949 1107 lib.
1967 1066 2015 1115 V,
2038 1067 2160 1105 22-23
2177 1079 2339 1119 compo-

174 1139 270 1168 mer.
287 1126 428 1178 Odyss.
449 1125 521 1166 lib.
539 1124 592 1164 lx
617 1138 674 1164 vs.
690 1125 732 1173 5,
747 1123 817 1163 ubi
835 1124 932 1170 τέλος
947 1133 1161 1177 usurpatur
1184 1135 1226 1164 ut
1252 1173 1254 1181 γ

1285 1135 1427 1165 suerat.
1453 1147 1508 1156 —
1525 1125 1559 1149 ⁴⁸
1589 1126 1703 1164 cons.
1723 1127 1882 1165 Aristot.
1905 1126 1992 1166 Eth.
2012 1126 2095 1165 Nic.
2116 1125 2188 1166 lib.
2214 1125 2247 1173 1,
2275 1128 2337 1172 13,

1286 1185 1355 1238 qui
1375 1195 1501 1224 tamen
1523 1184 1579 1224 ibi
1601 1198 1680 1224 non
1705 1185 1803 1233 tria,
1822 1198 1989 1237 quorum
2020 1185 2084 1223 hic
2113 1185 2258 1223 mentio
2279 1185 2332 1231 fit,

1286 1258 1431 1295 genera
1450 1247 1624 1293 virtutis,
1655 1244 1724 1283 scd
1747 1244 1827 1283 duo
1857 1253 2004 1284 tantum
2024 1242 2087 1291 τὴν
2114 1242 2338 1290 διανοητυιὴν

1285 1313 1324 1343 et
1355 1303 1419 1352 τὴν
1451 1304 1576 1353 ἠθικὴν
1603 1304 1752 1345 statuit.
1772 1327 1826 1337 —
1853 1303 1888 1328 ⁴⁹
1915 1304 2010 1351 Quae
2039 1304 2104 1342 hic
2130 1303 2333 1342 Aristoteli

1286 1362 1515 1403 attribuitur
1532 1363 1730 1402 felicitatis
1749 1364 1976 1415 explicatio,
1998 1363 2100 1416 apud
2123 1363 2336 1413 Diogenem

1287 1422 1483 1462 Laertium
1507 1422 1578 1463 lib.
1594 1422 1640 1470 V,
1664 1424 1713 1460 30
1741 1423 1789 1461 ad
1809 1424 1923 1461 finem
1955 1422 2190 1462 transfertur
2211 1437 2220 1460 :
2244 1423 2340 1467 τέλος

1286 1482 1323 1521 δὲ
1342 1482 1381 1522 ἲν
1395 1482 1541 1531 ἐξέθετο,
1554 1484 1681 1534 χρῆσιν
1698 1483 1823 1534 ἀρετῆς
1843 1483 1878 1520 ἐν
1905 1482 1972 1536 βίῳ
1996 1481 2135 1535 τελείῳ,
2157 1483 2262 1534 quod
2282 1492 2338 1521 ta-

1288 1555 1375 1581 men
1394 1542 1531 1581 eodem
1551 1541 1651 1580 redit
1665 1570 1677 1590 ,
1698 1541 1792 1593 quia
1811 1541 1916 1594 apud
1948 1542 2195 1580 Aristotelem
2213 1542 2338 1581 felici-

1288 1609 1346 1640 tas
1371 1614 1443 1654 pro
1462 1602 1550 1653 ipso
1576 1600 1654 1639 fine
1676 1600 1852 1653 ponitur.
1876 1601 1940 1640 Sic
1958 1601 2063 1640 enim
2080 1600 2205 1642 Ethic.
2228 1601 2300 1641 lib.
2318 1602 2332 1640 l

1286 1673 1372 1713 cap.
1401 1673 1447 1699 ιο
1472 1674 1482 1699 z
1503 1658 1538 1699 τί
1565 1652 1625 1700 οὗν
1654 1659 1784 1699 κωλύει
1812 1659 1926 1713 λέγειν
1959 1660 2148 1710 εὐδαίμονα
2172 1660 2230 1700 τὸν
2257 1662 2337 1700 κατ’

1286 1718 1414 1773 ἀρετὴν
1425 1718 1561 1758 τελείαν
1577 1720 1805 1772 ἐνεργοῦντας
1826 1727 1864 1758 et
1880 1719 1997 1771 paulo
2018 1726 2120 1770 post,
2139 1717 2202 1767 τὴν
2216 1719 2336 1757 εὐδαι-

1286 1779 1408 1830 μονίαν
1423 1779 1460 1818 δὲ
1478 1777 1574 1824 τέλος
1587 1777 1648 1817 καὶ
1664 1778 1794 1817 τέλειον
1808 1777 1946 1829 τίθεμεν
1962 1777 2115 1821 πάντως.
2128 1799 2181 1807 -
2199 1777 2234 1801 ⁵⁰
2248 1780 2335 1817 Ari-

1284 1839 1438 1878 stoteles
1481 1839 1508 1879 l.
1555 1852 1587 1877 c.
1633 1838 1710 1877 tria
1744 1838 1793 1877 ad
1826 1837 2106 1877 beatitudinem
2141 1838 2333 1889 requirit,

1285 1897 1456 1949 primum
1474 1899 1601 1950 χρῆσιν
1618 1897 1743 1948 ἀρετῆς
1757 1927 1767 1944 ,
1786 1897 1928 1936 deinde
1948 1898 2073 1948 ἀρετῆς
2088 1896 2223 1941 τελείας
2236 1926 2247 1946 ,
2270 1897 2336 1935 de·

1285 1956 1406 2008 nique
1433 1956 1467 1995 ἐν
1500 1955 1567 2009 βίῳ
1590 1954 1731 2009 τελείῳ,
1763 1957 1817 1995 ita
1849 1965 1891 1995 ut
1921 1956 2145 1994 exercitatio
2178 1955 2338 1994 virtutis

1285 2014 1466 2067 perfectae
1496 2014 1539 2054 in
1559 2017 1638 2054 vita
1657 2014 1826 2065 perfecta
1845 2022 2038 2054 cernatur.
2059 2013 2133 2052 Sed
2154 2022 2334 2065 quartum

1286 2073 1386 2120 illud
1401 2073 1508 2127 quod
1527 2073 1592 2113 hic
1608 2073 1805 2125 adjicitur,
1825 2082 1866 2112 ut
1885 2074 1936 2112 sit
1970 2075 2096 2125 χρῆσις
2113 2073 2337 2126 προηγουμί·

1285 2147 1345 2182 νη,
1362 2131 1607 2171 desideratur
1621 2132 1724 2185 apud
1746 2131 1975 2183 Stagiriten.
1992 2130 2212 2183 ltaquehoc
2231 2140 2297 2170 aut
2313 2145 2336 2171 e

1286 2190 1508 2231 Stoicorum
1548 2191 1725 2231 doctrina
1755 2190 1915 2231 ductum
1944 2198 2003 2229 est
2038 2199 2104 2229 aut
2137 2203 2159 2229 e
2189 2191 2339 2230 rariore

1294 2249 1460 2301 quadam
1489 2250 1739 2303 Peripatetici
1781 2249 2010 2303 philosophi
2046 2249 2335 2297 lucubratione,

1290 2321 1377 2360 quae
1403 2307 1484 2360 jam
1521 2308 1672 2361 pridem
1701 2309 1913 2348 intercidit.
1951 2308 2071 2347 Stoici
2098 2308 2142 2347 vlt
2162 2309 2338 2361 προηγού·

1290 2382 1378 2418 μενοι
1402 2368 1462 2406 vel
1481 2370 1665 2420 pmducm
1698 2381 1783 2407 esse
1809 2367 2010 2415 dicebant,
2043 2381 2130 2419 quae
2150 2380 2228 2406 nou
2246 2369 2338 2421 qui-

1288 2427 1375 2467 dem
1413 2440 1505 2466 vera
1536 2427 1641 2466 bona
1671 2436 1824 2475 essent,
1863 2426 1933 2466 sed
1953 2436 2081 2466 tamen
2106 2426 2335 2477 dignitatem

1289 2487 1483 2540 quandam
1514 2486 1717 2528 haberent.
1747 2486 1837 2526 liaec
1869 2495 1997 2526 autem
2032 2485 2082 2526 ab
2114 2486 2203 2526 aliis
2233 2486 2338 2527 bona

1289 2605 1375 2645 loco
1395 2606 1456 2657 agi
1477 2605 1705 2656 intelligitur
1719 2618 1768 2645 ex
1788 2606 1968 2659 apposita
1984 2605 2305 2658 interpretatione
2325 2621 2335 2646 ε

1287 2663 1555 2717 προηγουμένην
1586 2664 1645 2712 δι’,
1670 2663 1775 2718 χάριν
1805 2667 1867 2704 τοῦ
1893 2664 1957 2712 τὴν
1984 2667 2111 2717 χρῆσιν
2143 2666 2178 2704 ἐν
2198 2665 2339 2716 ἀγαθοῖς

1288 2898 1545 2941 affirmabant..
1577 2900 1828 2954 Quapropter
1865 2902 1915 2941 dc
1945 2901 2051 2941 sonte
2080 2915 2216 2940 eorum
2253 2916 2339 2954 quae

1287 2957 1353 2997 hic
1371 2958 1620 2999 disseruntur
1642 2973 1720 2999 non
1750 2969 1918 3000 constat.
1942 2960 2164 3013 Caeteroqui
2192 2960 2338 3012 rejecta

1288 3018 1466 3058 codicum
1516 3019 1712 3073 scriptura
1744 3020 2018 3074 προηγουμένοις
2054 3021 2113 3060 vel
2153 3035 2338 3072 προηγου-

1289 3076 1397 3128 μένην
1435 3078 1591 3131 rqmsui
1632 3081 1894 3133 προηγουμένη.
1926 3101 1981 3111 —-
2019 3079 2047 3102 ³⁴
2081 3078 2338 3130 μετενηνεγμέ-

1287 3148 1345 3174 νον
1366 3136 1531 3189 scripsi3
1555 3136 1666 3176 codd.
1687 3137 1918 3191 μετηγμίνον.
1939 3137 2003 3177 Est
2020 3147 2146 3177 autem
2163 3138 2336 3177 Platonis

1288 3192 1397 3234 locus
1428 3195 1468 3234 in
1511 3195 1753 3247 Euthydcmo
1787 3211 1824 3250 p.
1865 3198 1956 3238 288.
1991 3218 2044 3227 --
2068 3196 2100 3220 ⁸²
2130 3195 2217 3235 Vid.
2246 3198 2337 3236 Ari-

1287 3252 1519 3296 stob'thet.
1559 3254 1627 3295 lib.
1663 3255 1693 3294 l.
1727 3278 1780 3287 —-
1814 3254 1846 3280 ⁵³
1878 3257 2036 3295 Aristot.
2070 3256 2176 3294 Rhet.
2209 3254 2278 3297 lib.
2322 3254 2337 3294 l

1287 3323 1372 3364 cap.
1401 3325 1444 3363 9,
1472 3313 1564 3353 item
1594 3328 1678 3366 rap.
1715 3329 1775 3355 ιι.
1803 3338 1853 3348 -
1876 3313 1906 3341 ⁵⁴
1933 3314 2042 3353 Plato
2070 3313 2174 3352 Tim.
2197 3327 2236 3366 p.
2265 3313 2333 3359 δὴ.

1286 3390 1341 3401 -·
1359 3370 1392 3395 ⁸⁸
1412 3371 1528 3413 Potui
1564 3373 1839 3426 Νικομαχιίων;
1874 3373 1987 3413 codd.
2022 3374 2263 3425 Νικομοχιῶν.
2281 3392 2338 3405 --

1288 3427 1321 3453 ⁸⁸
1360 3430 1418 3469 De
1460 3430 1535 3470 hoc
1590 3431 1742 3472 Eudoxi
1786 3433 1928 3484 plac-ito
1981 3433 2060 3482 agit
2108 3431 2337 3473 Aristoteles

1290 3486 1413 3528 Ethic.
1453 3488 1598 3529 Nicon».
1633 3490 1703 3531 tit».
1739 3489 1767 3529 Χ
1812 3505 1894 3543 cap.
1923 3506 1963 3532 a.
1990 3513 2043 3522 —
2078 3491 2108 3514 ¹²⁴¹
2134 3491 2335 3544 Videquae
