2606 3828
342 254 420 287 428

391 337 604 390 (Diogenes
619 337 795 375 Laertius
820 336 887 373 lib.
908 335 974 384 lv,
997 335 1059 375 52.
1083 335 1371 386 Pei-stringitur

335 395 395 434 his
417 396 550 434 Bionis
579 396 754 433 versibus
784 408 862 432 non
890 394 1125 432 Tarentinus
1159 394 1371 445 Archytas,

334 453 401 491 sed
417 454 512 491 alter
525 454 782 504 Mitylenaeus,
800 454 983 502 musicus,
1004 461 1238 491 memoratus
1257 452 1374 492 Laer-

335 512 389 550 tio
408 512 516 562 Vin,
539 514 586 550 82
609 521 645 550 et
663 512 845 549 Athenaeo
861 509 953 549 Xllt
982 524 1021 561 p.
1045 511 1122 548 600
1146 510 1187 552 F.
1213 511 1258 550 ld
1280 525 1374 550 vero

333 579 436 621 patet
455 584 476 608 e
495 584 590 608 voce
604 567 819 622 ψαλληγενὲς
834 577 948 619 atque
968 582 989 606 e
1003 568 1135 607 verbis
1155 571 1218 616 τῆς
1237 569 1373 618 ὑπάτης

334 627 458 680 ἔριδος,
478 643 563 680 quae
579 642 651 666 nos
671 641 757 665 cum
778 627 915 665 Rossio
935 627 976 665 in
994 627 1211 666 Comment.
1243 627 1370 668 Laert.

333 701 371 738 p.
396 688 444 725 82
466 701 545 738 seq.
568 687 615 725 ad
640 686 825 724 musicam
852 685 997 725 referre
1023 699 1103 724 non
1132 686 1371 727 dubitamus.

332 745 501 796 Namque
521 759 532 784 .·
554 746 593 783 in
616 743 758 782 fidibus
773 746 795 791 ἡ
811 744 928 791 ὑπάτη
942 744 1002 782 vel
1017 746 1039 791 ἡ
1054 743 1172 796 ὑπάτῃ
1185 743 1294 796 χορδή
1314 754 1372 783 est

332 818 417 856 quae
435 804 707 853 gravissimum
734 816 871 841 sonum
891 803 987 851 edit,
1010 805 1032 850 ἡ
1053 802 1111 841 τὸν
1135 802 1244 856 βαρὺν
1269 803 1374 856 φθόγ·

331 877 391 914 γον
409 865 630 901 ἀποτελοῦσα
643 893 653 913 ,
674 871 717 900 ut
733 863 786 900 ait
800 862 938 900 Suidas
950 892 961 913 ,
983 862 1046 900 cui
1063 862 1185 900 altera
1201 875 1248 900 ex
1268 871 1376 914 parte

331 921 534 972 respondet
553 924 575 969 ἡ
591 920 696 968 νήτη,
717 934 804 971 quae
817 921 1080 959 acutissimum
1101 921 1233 962 efficit.
1247 921 1374 967 Quum

331 993 427 1018 vero
456 981 504 1018 de
537 981 622 1019 istis
655 980 777 1018 multa
810 993 832 1018 a
868 980 1025 1018 musicis
1056 980 1373 1032 disputarentur,

330 1039 434 1089 quod
450 1052 498 1077 ex
513 1052 649 1077 eorum
667 1040 735 1090 qui
756 1046 965 1090 supersunt
979 1037 1096 1078 libris
1113 1039 1345 1089 intelligitur
1364 1053 1373 1077 ε

329 1098 426 1136 Βίοῃ
474 1098 682 1149 Archytam
723 1098 896 1136 irridens
931 1106 1046 1136 vocat
1078 1102 1294 1135 certaminis
1329 1100 1377 1136 de

328 1171 471 1195 summa
502 1159 642 1195 chorda
672 1162 833 1195 omnium
864 1159 1057 1194 hominum
1095 1161 1374 1207 peritissimum.

330 1215 462 1254 Possis
482 1217 598 1254 etiam
619 1217 781 1254 omnino
797 1216 839 1253 in
856 1215 928 1256 hac
947 1214 1161 1253 verborum
1180 1214 1373 1266 ambigui·

331 1282 403 1312 tate
422 1274 556 1321 ὑπάτης
576 1273 687 1326 ἔριδος
706 1274 754 1314 de
771 1273 1050 1312 certaminibus
1070 1274 1229 1312 musicis
1254 1274 1374 1312 inter-

329 1333 487 1384 pretari.
511 1334 687 1384 Denique
702 1342 791 1372 sunt
807 1333 876 1384 qui
898 1333 1034 1371 Bionis
1055 1333 1212 1371 facetias
1233 1333 1291 1371 sic
1307 1346 1373 1371 ex·

328 1392 501 1443 primant
528 1406 537 1432 ε
573 1396 606 1430 0
633 1395 726 1430 bone
761 1393 945 1439 Archyta,
974 1393 1131 1439 citharae
1155 1393 1244 1443 fili,
1263 1391 1376 1440 fastu

330 1454 436 1488 beate
467 1461 504 1489 et
537 1466 693 1490 summoe
726 1454 800 1488 litis
819 1453 1008 1488 hominum
1034 1455 1195 1488 omnium
1219 1455 1376 1501 perins-

327 1515 431 1548 sime.
467 1510 542 1548 Sed
571 1511 631 1557 hi,
662 1524 776 1561 quam
809 1510 1003 1562 appellent
1032 1524 1215 1547 summam
1252 1513 1374 1558 litem,

329 1569 406 1620 ipsi
427 1570 608 1610 viderint.
637 1570 828 1608 Caeterum
854 1570 964 1607 locus
992 1569 1056 1607 hic
1090 1570 1256 1607 duorum
1286 1582 1376 1607 ver·-

330 1641 441 1666 suum
466 1629 762 1667 Homericorum
782 1628 1039 1666 imitationem
1061 1628 1252 1674 continet,
1276 1641 1376 1678 quo-

330 1699 416 1724 rum
439 1687 535 1724 alter
566 1696 623 1725 est
648 1686 760 1724 lliad.
789 1685 861 1725 lib.
896 1685 953 1723 111
983 1699 1042 1724 vs.
1072 1686 1146 1723 182
1171 1700 1180 1723 :
1205 1678 1233 1723 ὦ
1255 1685 1375 1739 μάκαρ

329 1743 507 1797 Ἀτρείδη,
531 1743 754 1797 μοιρηγενές,
779 1743 1021 1795 ὀλὸιόδαιμον,
1043 1744 1139 1782 alter
1167 1743 1281 1783 Iliad.
1303 1744 1374 1784 lib.

330 1802 347 1839 I
383 1816 442 1843 vs.
469 1804 541 1847 146
567 1817 575 1841 :
606 1802 648 1850 ἠὲ
669 1800 730 1849 σύ,
754 1801 930 1849 Πηλείδη,
962 1802 1102 1840 πάντων
1138 1801 1373 1853 ἐκπαγλότατ’

331 1862 504 1914 ἀνδρῶν.)

383 1933 432 1960 ⁴⁸.
460 1919 620 1963 Ἀστείως
642 1918 678 1958 δὲ
697 1918 756 1958 καὶ
772 1917 865 1958 Βίων
886 1917 1003 1970 ἔλεγεν
1024 1920 1042 1956 ὁ
1058 1917 1242 1972 φιλόσοφος
1255 1948 1266 1967 ,
1299 1918 1368 1967 ὅτι,

327 1978 447 2030 ὥσπερ
467 1981 498 2017 οἱ
520 1981 717 2030 μνηστῆρες
733 1981 777 2030 τῇ
797 1978 986 2029 Πηνελόπῃ
1011 1976 1220 2023 πλησιάζειν
1245 1977 1295 2027 μὴ
1313 1978 1374 2017 δυ-

327 2037 490 2088 νάμενοι,
525 2043 601 2081 ταῖς
633 2036 761 2084 ταύτης
795 2035 978 2088 ἐμίγνυντο
1008 2035 1246 2088 θεραπαίναις·
1283 2035 1373 2076 οὕτω

328 2096 388 2134 καὶ
415 2098 447 2135 οἱ
468 2094 669 2149 φιλοσοφίας
690 2095 738 2147 μὴ
761 2094 946 2144 δυνάμενοι
978 2095 1211 2146 κατατυχεῖν,
1240 2096 1275 2133 ἐν
1303 2100 1374 2139 τοῖς

329 2157 445 2199 ἄλλοις
476 2155 691 2206 παιδεύμασι
718 2160 788 2199 τοῖς
808 2153 943 2198 οὐδενὸς
975 2152 1080 2198 ἀξίοις
1101 2153 1244 2198 ἑαυτοὺς
1263 2168 1374 2192 κατα-

329 2214 582 2253 σκελετεύουσι.

384 2272 637 2323 (Plutarchus
653 2272 710 2310 De
726 2271 838 2310 liber.
866 2272 977 2310 educ.
1003 2284 1088 2322 cap.
1114 2285 1173 2320 10,
1194 2271 1275 2310 vol.
1303 2271 1372 2309 VH

328 2345 369 2383 p.
394 2332 442 2369 26
463 2331 525 2371 ed.
550 2331 706 2370 Hutten.
729 2331 817 2368 Haec
831 2330 1021 2368 sententia
1040 2329 1222 2381 pluribus
1242 2330 1371 2381 philo-

329 2390 463 2441 sophis
494 2389 696 2429 tribuitur.
725 2388 821 2426 Nam
853 2389 901 2426 de
932 2389 1136 2439 Aristippo
1174 2389 1372 2438 Diogenes

329 2448 504 2486 Laertius
518 2448 588 2488 lib.
602 2448 656 2499 Π,
669 2461 738 2498 79:
754 2448 831 2491 τοὺς
840 2449 908 2485 τῶν
924 2446 1117 2498 ἐγκυκλίων
1126 2446 1372 2497 παιδευμάτων

330 2506 590 2559 μετασχόντας,
626 2506 829 2560 φιλοσοφίας
865 2505 901 2544 δὲ
938 2505 1210 2559 ἀπολειφθέντας
1236 2506 1375 2558 ὁμοίους

329 2564 444 2615 ἔλεγεν
470 2558 556 2602 εἶναι
580 2566 651 2608 τοῖς
671 2567 733 2611 τ’ἧς
761 2564 972 2612 Πηνελόπης
992 2567 1203 2616 μνηστῆρσι·
1223 2564 1282 2603 καὶ
1302 2564 1368 2618 γὰρ

329 2623 477 2667 ἐκείνους
496 2623 672 2663 Μελανθὼ
693 2622 755 2674 μὲν
778 2623 839 2661 καὶΙ
859 2622 1075 2675 Πολυδώραν
1102 2623 1163 2661 καὶ
1182 2623 1243 2667 τὰς
1264 2622 1372 2667 ἄλλας

330 2682 538 2735 θεραπαίνας
566 2682 656 2734 ἔχειν
671 2712 680 2730 ,
704 2681 819 2726 πάσας
840 2681 875 2721 δὲ
909 2683 1041 2732 μᾶλλον
1063 2682 1085 2729 ἢ
1104 2682 1210 2730 αὐτὴν
1236 2681 1299 2729 τὴν
1317 2681 1372 2721 δέ·

331 2755 473 2778 σποιναν
489 2740 790 2792 δύνασθαιγῆμαι.
804 2741 838 2779 T
840 2743 868 2794 ᾧ
877 2741 906 2780 δ’
916 2740 1033 2792 ὅμοιον
1048 2741 1107 2779 καὶ
1118 2741 1295 2793 Ἀρίστων·
1314 2741 1373 2780 τὸν

331 2908 342 2919 ‘
372 2910 423 2939 48.
444 2906 556 2938 Facete
572 2906 667 2938 etiam
687 2907 766 2938 Bion
786 2906 997 2947 philosophus
1014 2907 1160 2947 dicebat,
1180 2909 1265 2940 sicut
1284 2909 1371 2950 proci

330 2966 388 3007 illi,
405 2969 505 3006 quum
519 2973 584 2996 non
607 2966 739 3004 possent
763 2973 839 2997 cum
856 2965 1016 3006 Penelopa
1032 2966 1268 3006 concumbere,
1297 2976 1366 3000 rem

333 3033 407 3056 cum
426 3023 494 3064 ejus
510 3022 632 3054 ancillis
653 3021 861 3056 habuissent:
876 3023 920 3055 ita
941 3023 995 3064 qui
1014 3024 1251 3066 philosophiam
1269 3026 1370 3066 perci-

333 3091 406 3123 pere
422 3081 607 3123 nequirent,
623 3088 679 3113 eos
707 3081 738 3113 in
758 3080 827 3113 aliis
845 3081 967 3114 nullius
989 3083 1082 3124 pretii
1101 3083 1279 3124 disciplinis
1304 3092 1373 3117 sese

331 3142 506 3173 conterere.

373 3202 424 3232 49.
444 3200 579 3240 Elegans
598 3199 631 3232 et
648 3198 726 3231 illud
747 3197 853 3231 Bionis
876 3198 917 3230 ad
937 3199 1152 3240 Theognidem
1170 3200 1353 3245 dicentem,

405 3287 586 3322 Paupertate
599 3285 710 3315 etenim
723 3284 844 3314 devicto
856 3284 958 3320 lingua
968 3284 1057 3320 ligata
1071 3286 1125 3319 est,

389 3360 391 3364 .
439 3339 474 3367 ut
487 3337 585 3367 facere
598 3341 649 3367 aut
662 3337 718 3367 fari
732 3339 795 3374 jam
808 3336 883 3366 nihil
896 3337 946 3366 ille
960 3339 1057 3373 queat.

335 3422 503 3461 Quomodo
524 3423 632 3464 igitur,
662 3422 765 3463 inquit
784 3422 882 3463 Bion,
914 3425 947 3454 tu
975 3430 1094 3462 pauper
1122 3429 1221 3462 quum
1243 3420 1284 3453 sis
1305 3422 1370 3454 tam

337 3481 452 3514 multas
467 3489 566 3521 nugas
585 3481 750 3521 garriendo
769 3490 830 3513 nos
850 3480 1024 3513 obtundis?

1017 245 1434 289 CYRENAICORUM
1462 249 1802 293 FRAGMENTA.

1432 336 1499 392 γὰρ
1519 338 1712 390 Ὀδυσσέα,
1728 339 1933 380 καταὸάντα
1949 343 1998 386 εἰς
2014 340 2140 400 (eston,
2158 343 2237 389 τοὺς
2253 343 2316 396 μὲν
2336 345 2477 399 νεκροὺς

1433 397 1565 442 πάντας
1583 398 1706 451 σχεδὸν
1728 399 1918 452 ἑωρακέναι
1941 400 2002 439 καὶ
2019 402 2336 456 συντετυχηκέναι,
2357 403 2422 452 τὴν
2438 404 2476 445 δὲ

1438 457 1648 508 βασίλισσαν
1661 457 1768 505 αὐτὴν
1786 458 1834 509 μὴ
1847 462 2032 498 τεθεᾶσθαι
2043 460 2143 513 (vid.
2157 461 2292 512 fragm.
2310 467 2359 507 42
2371 463 2401 513 ).
2417 462 2474 503 De

1434 516 1622 558 Aristone
1633 530 1728 556 vero
1744 517 1888 556 Stobaei
1908 526 2032 557 exstat
2050 520 2259 559 auctoritas
2282 520 2387 562 Flor.
2410 521 2476 570 lv,

1443 587 1456 611 ι
1470 588 1514 611 ιο
1534 588 1542 612 :
1559 573 1722 627 Ἀρίστων
1739 577 1757 614 ὁ
1770 576 1850 619 Χῖος
1866 574 1944 620 τοὺς
1959 575 2093 628 περὶτὰ
2109 577 2275 628 ἐγκύκλια
2285 578 2478 631 μαθήματα

1435 633 1686 687 πονουμένους,
1737 637 1954 686 ἀμελοῦντας
2000 635 2038 675 δὲ
2081 637 2306 691 φιλοσοφίας,
2358 638 2478 692 ἔλεγεν

1436 692 1574 743 ὁμοίους
1594 686 1683 732 εἶναι
1699 695 1771 738 τοῖς
1788 697 1987 746 μνηστῆρσι
2003 696 2066 742 τῆς
2089 695 2314 746 Πηνελόπης,
2335 696 2370 737 οἳ
2390 698 2480 738 ἀπο-

1434 750 1663 803 τυγχάνοντες
1690 750 1823 799 ἐκείνης
1857 751 1938 804 περὶ
1971 751 2034 797 τὰς
2068 753 2281 807 θεραπαίνας
2308 754 2476 807 ἐγίνοντο.

1435 808 1510 847 Sed
1529 810 1709 861 quisquis
1729 811 1882 862 primus
1893 811 1997 850 ‘hanc
2017 813 2248 852 sententiam
2267 814 2391 854 tuitus
2405 823 2477 863 est,

1436 877 1596 921 apparet
1612 868 1697 920 ejus
1721 870 1853 908 animo
1873 871 2124 910 obversatum
2143 885 2228 912 esse
2247 873 2378 913 locum
2398 873 2479 912 Ho-

1436 927 1625 965 mericum
1645 927 1784 979 Odyss.
1802 928 1874 969 lib.
1893 927 1979 979 XX,
1994 943 2056 970 vs,
2070 932 2138 978 6-7
2160 945 2169 969 t
2191 930 2252 971 ταὶ
2269 932 2299 970 δ’
2315 933 2355 971 ἃ,
2371 931 2481 985 μιγά-

1437 1001 1508 1039 ροιο
1540 991 1699 1038 γυναῖκες
1741 986 1866 1039 ἤϊσαν,
1903 985 1941 1026 αἲ
1975 990 2190 1042 μνηστῆρσιν
2230 989 2479 1043 ἐμισγέσκοντο

1436 1043 1545 1098 πάρος
1563 1044 1670 1098 περ.)

1488 1116 1537 1142 49.
1563 1103 1693 1155 Χάριεν
1715 1103 1751 1144 δὲ
1776 1103 1836 1143 καὶ
1860 1103 1900 1143 τὸ
1918 1107 1978 1144 τοῦ
1993 1103 2125 1149 Βίωνος
2147 1105 2232 1158 πρὸς
2249 1105 2308 1146 τὸν
2327 1106 2476 1160 Θέογνιν

1435 1162 1596 1214 λέγοντα·
1615 1169 1683 1207 πᾶς
1711 1162 1780 1217 γὰρ
1794 1162 1883 1217 ἀνὴρ
1901 1163 2002 1217 πενίῃ
2023 1163 2255 1216 δεδμημένος,
2275 1164 2352 1206 οὔτε
2371 1181 2406 1205 τι
2425 1166 2477 1205 εἷ-

1437 1237 1533 1271 πειν,

1519 1337 1582 1370 οὔθ’
1605 1337 1686 1380 ἔρξαι
1709 1337 1847 1371 δύναται·
1868 1337 2002 1379 γλῶσσα
2016 1338 2052 1372 δέ
2074 1340 2106 1372 ol
2123 1338 2255 1372 δέδεται.

1437 1444 1522 1485 Πῶς
1538 1434 1595 1479 οἶν
1616 1439 1659 1479 σὺ
1678 1439 1784 1489 πένης
1803 1439 1852 1480 ὢν
1873 1441 2039 1495 φλυαρεῖς
2055 1444 2210 1482 τοσαῦτα
2237 1441 2297 1481 καὶ
2326 1442 2477 1482 καταδο·

1437 1503 1575 1552 λεσχεῖς
1592 1502 1716 1552 ἡμῶν;

1492 1560 1744 1612 (Plutarchus
1757 1560 1815 1600 De
1831 1561 2014 1602 audiend.
2029 1570 2134 1614 poet.
2151 1574 2237 1614 cap.
2258 1566 2296 1609 4,
2314 1561 2397 1602 vol.
2408 1561 2480 1600 Vll

1437 1633 1477 1671 p.
1503 1620 1550 1658 81
1573 1619 1634 1658 ed.
1655 1619 1815 1658 Hutten.
1833 1621 1888 1659 De
1905 1619 2147 1671 Theognidis
2174 1619 2356 1659 versibus
2383 1634 2481 1669 ¹77-

1441 1679 1513 1727 178
1541 1684 1609 1722 πᾶς
1632 1678 1701 1731 γὰρ
1733 1678 1821 1731 ἀνὴρ
1843 1680 1922 1719 κτλ.
1949 1679 2030 1718 vid.
2060 1679 2268 1729 Bergkium
2296 1679 2344 1718 ad
2372 1679 2479 1718 Poet-

1436 1738 1550 1788 lyric.
1576 1751 1690 1787 graec.
1713 1751 1750 1790 p.
1780 1739 1855 1789 393
1876 1738 1937 1779 ed.
1960 1738 2120 1778 secund.
2151 1738 2342 1777 Similiter
2360 1736 2479 1776 Juve-

1435 1797 1534 1835 nalis
1555 1795 1631 1834 Sat.
1648 1796 1678 1832 V
1698 1810 1753 1836 vs.
1780 1797 1860 1834 -130
1879 1811 1888 1834 t
1910 1797 2081 1849 plurima
2094 1805 2183 1836 sunt
2199 1810 2286 1848 quae
2306 1809 2387 1835 non
2402 1809 2480 1834 au·-

1436 1855 1528 1893 dent
1557 1855 1736 1894 homines
1765 1865 1924 1907 pertusa
1957 1856 2087 1894 dicere
2119 1856 2231 1895 laena.
2267 1856 2331 1894 Sic
2361 1868 2480 1907 supra

1434 1914 1549 1951 etiam
1564 1914 1663 1952 Bion
1681 1913 1744 1960 τὴν
1763 1913 1962 1966 δυσγένειαν
1982 1915 2140 1954 vocavit
2154 1914 2305 1966 πονηρὸν
2323 1913 2480 1953 σύνοικον

1434 1975 1477 2025 τῇ
1495 1972 1691 2026 παρρησία,
1710 1974 1760 2014 cf.
1785 1974 1921 2024 fragm.
1945 1974 2031 2024 38.)

1489 2046 1538 2073 50.
1558 2034 1636 2072 Οὔκ
1656 2032 1763 2080 εὐήθη
1777 2032 1888 2072 τοίνυν
1908 2032 1968 2072 καὶ
1989 2033 2161 2087 ἀδέλτερα
2181 2032 2226 2071 τὰ
2244 2035 2306 2072 τοῦ
2330 2030 2477 2081 Βίωνος,

1435 2093 1478 2131 Εἴ
1499 2091 1556 2130 τὸν
1580 2092 1686 2145 ἀγρόν
1698 2122 1710 2144 ,
1727 2091 1764 2131 ὃν
1784 2091 1928 2143 ἔμελλεν
1952 2093 2180 2145 ἐγκωμιάζων
2198 2091 2343 2145 εὔφορον
2368 2096 2479 2130 ποιεῖν

1435 2150 1496 2188 καὶ
1517 2148 1704 2203 εὔκαρπον,
1725 2151 1788 2189 οὐκ
1804 2149 1846 2188 ἃν
1868 2150 2080 2203 ἁμαρτάνειν
2114 2149 2224 2189 ἐδόκει
2242 2153 2344 2189 τοῦτο
2368 2151 2478 2188 ποιῶν

1435 2210 1588 2259 μᾶλλον,
1611 2209 1634 2256 ἢ
1656 2209 1820 2249 σκάπτων
1841 2209 1901 2248 καὶ
1934 2209 2128 2262 πράγματα
2152 2209 2242 2262 ἔχων
2256 2224 2266 2233 ·
2299 2210 2339 2248 οὗ
2364 2207 2477 2248 τοίνυν

1437 2269 1508 2307 οὐδ’
1528 2268 1708 2320 ἄνθρωπος
1728 2267 1855 2312 ἄτοπος
1868 2267 1910 2307 ἂν
1924 2267 1978 2315 εἴη
1999 2270 2168 2316 ἐπαινῶν,
2187 2270 2217 2307 εἷ
2235 2272 2307 2312 τοῖς
2323 2267 2480 2306 ἐπαινου-

1434 2327 1548 2378 μένοις
1569 2327 1740 2380 ὠφέλιμός
1753 2328 1827 2366 ἐστι
1846 2327 1906 2365 καὶ
1925 2327 2124 2379 πάμφορος.
2142 2325 2189 2366 ‘O
2207 2324 2271 2378 μὲν
2290 2324 2358 2378 γὰρ
2372 2324 2476 2377 α’γρὸς

1436 2387 1474 2424 οὗ
1494 2386 1627 2439 γίνεται
1649 2385 1776 2438 χείρων
1793 2384 2054 2435 ἐπαινούμενος·
2079 2385 2260 2438 ἄνθρωπον
2277 2384 2314 2422 δὲ
2334 2387 2478 2438 τυφοῦσι

1440 2446 1501 2485 καὶ
1525 2447 1756 2486 ἀπολλύουσιν
1770 2446 1800 2484 οἱ
1824 2445 1960 2498 ψευδῶς
1984 2443 2045 2484 καὶ
2061 2446 2145 2497 παρ’
2173 2443 2271 2489 ἀξίαν
2293 2443 2477 2483 ἐπαινοῦν-

1435 2520 1503 2549 τες.
2478 2513 2482 2517 “

1487 2563 1735 2616 (Plutarchus
1766 2564 1823 2602 De
1849 2563 1954 2603 adul.
1986 2572 2025 2601 et
2053 2562 2168 2601 amici
2189 2562 2363 2602 discrim.
2388 2574 2474 2614 cap.

1434 2624 1499 2671 23,
1524 2624 1604 2662 vol.
1626 2623 1696 2661 Vll
1716 2636 1756 2676 p.
1782 2637 1852 2674 ¹91
1887 2622 1949 2661 ed.
1978 2623 2135 2661 Hutten.
2161 2621 2302 2673 Recepi
2329 2620 2475 2659 Reiskii

1434 2680 1694 2732 conjecturam
1716 2682 1778 2720 οὐκ
1801 2681 1907 2728 εὐήθη
1930 2680 2043 2719 τοίνυν
2062 2682 2122 2719 καὶ
2152 2679 2323 2732 ἀδέλτερα
2345 2677 2385 2717 τὸ
2413 2681 2475 2716 τοῦ

1434 2740 1586 2792 Βίωνος,
1609 2741 1639 2779 εἷ
1658 2741 1714 2781 τὸν
1735 2739 1858 2795 ἀγρόν,
1881 2739 1918 2779 ὃν
1933 2738 2093 2790 ἔμελλεν.
2113 2738 2238 2789 Vulgo
2256 2738 2359 2776 enim
2380 2737 2478 2787 legi-

1476 2915 1528 2943 50.
1553 2910 1811 2952 Haudquaquam
1839 2909 1935 2951 igitur
1961 2908 2097 2941 stultum
2120 2911 2217 2949 atque
2250 2906 2395 2948 ineptum
2424 2907 2476 2939 est

1434 2971 1513 3004 illud
1538 2970 1665 3010 Bionis,
1687 2970 1714 3002 si
1740 2978 1864 3011 agrum,
1883 2977 1979 3010 quem
2003 2966 2163 3000 laudando
2185 2966 2322 2999 fertilem
2343 2973 2384 2998 ae
2409 2964 2475 2997 tru-

1434 3030 1568 3070 giterum
1586 3029 1719 3062 reddere
1735 3028 1928 3068 destinabat,
1943 3026 2041 3060 talem
2055 3026 2086 3058 id
2105 3024 2254 3058 fodiendo
2269 3023 2473 3058 exhibiturus

1433 3090 1537 3132 potius
1554 3089 1614 3122 sibi
1637 3088 1818 3127 videbatur,
1835 3095 1933 3129 quam
1947 3085 2092 3119 iaciendo
2110 3086 2143 3118 et
2157 3083 2304 3117 colendo.
2349 3085 2474 3122 Quam·

1434 3149 1544 3181 obrem
1561 3158 1601 3181 ne
1617 3148 1714 3180 homo
1733 3147 1863 3188 quidem
1882 3145 2022 3179 absurde
2040 3144 2115 3177 facit
2138 3143 2290 3182 laudans,
2308 3141 2366 3177 ubi
2385 3141 2417 3173 id
2433 3141 2473 3174 iis

1434 3208 1489 3249 qui
1508 3207 1680 3240 laudantur
1696 3206 1772 3239 utile
1788 3208 1838 3239 est
1860 3207 1892 3238 et
1909 3205 2121 3237 fructuosum.
2151 3205 2231 3235 Nam
2251 3209 2324 3242 ager
2339 3199 2471 3242 quidem
2525 3211 2528 3215 ⁴

1434 3267 1591 3299 laudando
1615 3275 1678 3298 non
1699 3266 1735 3298 fit
1757 3265 1915 3305 deterior,
1945 3262 2000 3296 sed
2025 3262 2189 3295 hominem
2220 3260 2260 3294 ad
2286 3258 2468 3300 superbiam

1433 3322 1544 3355 inflant
1561 3331 1598 3354 ac
1629 3322 1766 3363 perdunt
1784 3320 1840 3362 qui
1860 3319 1947 3352 salsis
1975 3320 2007 3351 et
2033 3315 2201 3350 immeritis
2228 3313 2376 3346 laudibus
2394 3311 2471 3346 etse·

1434 3383 1516 3413 runt.
