2606 3828
300 283 379 318 ⁴8⁶

299 369 380 405 σοῦν
399 366 440 405 οὗ
459 365 562 418 μόνον
581 368 617 406 αἱ
637 372 798 419 γυναῖκες
821 363 913 406 ἀλλὰ
934 365 995 404 καὶ
1024 366 1056 404 οἳ
1087 365 1229 419 ἄνδρες,
1253 366 1337 419 περὶ

299 424 362 476 μὲν
383 425 462 470 τοὺς
480 425 678 479 τραχήλους
698 425 837 478 ἔχοντες
857 423 1046 477 στρεπτοὺς
1066 424 1234 474 κύκλους,
1256 425 1337 478 περὶ

297 483 334 522 δὲ
353 483 415 528 τὰς
439 490 561 538 χεῖρας
581 485 729 538 ψέλλια,
755 485 794 522 ἐκ
819 482 855 521 δὲ
875 485 943 521 τῶν
959 481 1058 521 ὤτων
1081 484 1339 537 παραπλησίως

295 547 366 587 τοῖς
394 543 551 596 Πέρσαις
580 542 830 596 ἐξηρτημένους
876 542 1030 595 κρίκους.
1057 541 1267 582 Ὑποδέσεσι
1302 544 1337 582 δὲ

294 607 425 646 κοιναῖς
456 605 610 655 χρῶνται
643 602 702 640 καὶ
737 606 808 645 τοῖς
843 601 1015 654 χρώμασι
1049 602 1338 654 πεποικιλμέναις

294 660 549 714 περιττότερον.
599 662 645 701 Οἱ
682 660 719 699 δὲ
754 663 968 713 στρατιῶται
1003 659 1244 711 λαμὸάνοντες
1277 662 1339 706 τὰς

294 721 555 774 μεμερισμένας
579 719 756 765 συντάξεις
786 718 998 772 φυλάττουσι
1015 719 1078 767 τὴν
1095 719 1230 774 χώραν,
1251 721 1337 759 διει-

292 780 440 834 ληφότες
458 780 663 834 ὀχυρώμασι
684 781 744 819 καὶ
762 779 1019 832 παρεμὸολαῖς·
1045 779 1121 819 ἔστι
1135 780 1204 832 γάρ
1221 797 1254 819 τι
1275 781 1334 831 μέ-

294 855 350 893 ρος
367 843 430 887 τῆς
447 839 566 892 χώρας
577 838 658 892 ἔχον
679 838 852 892 λῃστήρια
872 838 1027 891 θρασέων
1043 838 1103 878 καὶ
1123 839 1336 892 παρανόμων

294 899 504 951 ἀνθρώπων,
534 898 567 937 οἳ
595 897 672 941 τοὺς
695 897 866 950 γεωργοὺς
891 897 1121 950 ἐνεδρεύοντες
1145 899 1337 949 πολεμοῦσι

292 957 444 1001 τούτους.
472 956 580 996 Αὐτοὶ
603 956 639 995 δὲ
658 958 689 996 οἱ
711 958 814 1008 ἱερεῖς
831 956 919 995 πολὺ
952 959 1021 995 τῶν
1054 957 1169 996 ἄλλων
1202 957 1335 1010 ὑπερέ-

291 1030 393 1067 χουσι
411 1018 524 1068 τρυφῇ
547 1015 607 1054 καὶ
628 1018 705 1059 ταῖς
726 1015 848 1059 ἄλλαις
859 1020 936 1059 ταῖς
953 1016 987 1054 ἐν
1013 1017 1063 1068 τῷ
1080 1014 1144 1068 βίῳ
1163 1015 1336 1068 καθαριό-

291 1089 372 1121 τησι
391 1074 451 1112 καὶ
469 1075 720 1119 πολυτελείαις·
752 1075 877 1119 στολὰς
909 1073 970 1126 μὲν
999 1074 1068 1129 γὰρ
1088 1074 1209 1128 ἔχουσι
1239 1077 1336 1120 λινᾶς

289 1135 333 1185 τῇ
351 1133 540 1183 λεπτότητι
558 1134 618 1173 καὶ
639 1135 862 1186 μαλακότητι
883 1133 1086 1188 διαφόρους,
1109 1134 1194 1174 ποτὲ
1214 1135 1250 1174 δὲ
1277 1135 1337 1175 καὶ

289 1191 351 1236 τὰς
365 1193 406 1231 ἐκ
418 1195 487 1232 τῶν
503 1193 770 1243 μαλακωτάτων
780 1193 880 1245 ἐρίων
899 1194 1225 1244 κατεσκευασμένας
1237 1195 1337 1242 ἐσθῆ-

289 1266 352 1295 τας
382 1255 536 1305 φοροῦσι·
559 1252 645 1305 πρὸς
665 1251 701 1290 δὲ
721 1251 854 1296 τούτοις
882 1251 1006 1306 μίτρας
1029 1251 1149 1305 ἔχουσι
1178 1257 1331 1305 χρυσοϋ-

289 1313 378 1363 φεῖς.
396 1310 472 1359 Τὴν
492 1310 528 1350 δὲ
552 1311 715 1351 ὑπόδεσιν
732 1311 851 1364 ἔχουσι
875 1311 1047 1351 σανδάλια
1070 1311 1214 1350 ποικίλα
1235 1313 1336 1366 φιλο-

288 1369 420 1422 τέχνως
462 1369 690 1423 εἰργασμένα·
726 1374 984 1424 χρυσοφοροῦσι
1022 1370 1058 1409 δὲ
1094 1371 1221 1422 ὁμοίως
1260 1374 1336 1417 ταῖς

288 1429 422 1481 γυναιξὶ
438 1429 531 1476 πλὴν
545 1432 615 1468 τῶν
636 1430 801 1470 ἐνωτίων.
827 1430 1107 1483 Προσεδρεύουσι
1126 1431 1162 1470 δὲ
1180 1431 1334 1482 μάλιστα

288 1494 365 1532 ταῖς
382 1490 451 1527 τῶν
471 1491 556 1527 θεῶν
577 1488 776 1543 θεραπείαις
795 1489 857 1528 καὶ
871 1490 943 1534 τοῖς
958 1490 1043 1542 περὶ
1061 1489 1194 1530 τούτων
1216 1491 1336 1543 ὕμνοις

288 1563 326 1586 τε
345 1548 406 1587 καὶ
437 1547 640 1600 ἐγκωμίοις,
673 1549 748 1600 μετ’
768 1549 861 1602 ᾠδῆς
883 1547 946 1593 τὰς
965 1548 1106 1601 πράξεις
1132 1550 1247 1588 αὐτῶν
1273 1551 1332 1589 καὶ

288 1606 350 1651 τὰς
369 1607 415 1651 εἷς
438 1606 637 1660 ἀνθρώπους
657 1607 855 1660 εὐεργεσίας
880 1607 1182 1661 διαπορευόμενοι.
1207 1611 1330 1648 Μυθο-

288 1668 430 1717 λογοῦσι
447 1666 477 1703 δ’
499 1667 530 1704 οἱ
551 1668 652 1718 ἱερεῖς
672 1666 710 1704 τὸ
732 1667 830 1718 γένος
848 1667 963 1710 αὑτοῖς
986 1669 1026 1706 ἐκ
1051 1666 1196 1719 Κρήτης
1215 1667 1336 1720 ὑπάρ-

288 1740 387 1777 χειν,
408 1723 474 1763 ὑπὸ
495 1724 574 1768 Διὸς
596 1725 759 1776 ἠγμένοις
790 1727 838 1769 εἷς
862 1725 924 1773 τὴν
944 1726 1153 1778 Παγχαίαν,
1173 1724 1230 1764 ὅτε
1255 1726 1334 1765 κατ’

291 1781 490 1833 ἀνθρώπους
509 1782 556 1820 ὢν
578 1782 759 1822 ἐδασίλευε
788 1786 851 1830 τῆς
873 1782 1088 1835 οἰκουμένης·
1114 1784 1175 1822 καὶ
1196 1783 1327 1823 τούτων

290 1847 420 1892 σημεῖα
450 1841 593 1895 φέρουσι
611 1845 674 1889 τῆς
701 1843 906 1891 διαλέκτου,
933 1843 1124 1886 δεικνύντες
1153 1842 1198 1881 τὰ
1221 1843 1336 1882 πολλὰ

290 1900 463 1951 διαμένειν
485 1899 568 1952 παρ’
590 1902 704 1944 αὓτοῖς
724 1903 911 1953 Κρητικῶς
937 1902 1193 1952 ὀνομαζόμενα·
1213 1901 1277 1948 τήν
1295 1918 1334 1940 τε

288 1960 373 2013 πρὸς
393 1958 516 2003 αὐτοὺς
541 1960 738 2008 οἰκειότητα
767 1960 827 1998 καὶ
850 1961 1115 2013 φιλανθρωπίαν
1144 1962 1182 1999 ἐκ
1204 1961 1334 2013 προγό-

289 2035 357 2058 νων
388 2018 662 2072 παρειληφέναι,
694 2021 755 2065 τῆς
780 2018 900 2071 φήμης
925 2020 1053 2067 ταύτης
1082 2022 1153 2064 τοῖς
1183 2020 1333 2072 ἐκγόνοις

984 278 1401 319 CYRENAICORUM
1429 279 1760 321 FRAGMENTA.

1400 367 1680 421 παραδιδομένης
1698 369 1765 410 ἀεί.
1787 367 1986 409 Ἐδείκνυον
2006 368 2042 408 δὲ
2059 369 2120 409 καὶ
2139 371 2341 426 ἀναγραφὰς
2358 371 2438 412 τού·

1400 442 1491 475 των,
1525 427 1564 472 ἃς
1584 427 1715 482 ἔφασαν
1736 427 1795 467 τὸν
1815 428 1881 467 Δία
1907 431 2121 477 πεποιῆσθαι
2151 430 2229 469 καθ’
2252 428 2291 469 ὃν
2314 431 2435 483 καιρὸν

1400 485 1452 524 ἔτι
1470 488 1548 525 κατ’
1573 486 1773 540 ἀνθρώπους
1794 486 1842 525 ὢν
1861 487 2027 540 ἱδρύσατο
2045 486 2084 526 τὸ
2103 488 2212 541 ἱερόν.
2229 487 2334 543 Ἔχει
2363 491 2394 529 δ’
2413 493 2437 539 ἡ

1399 543 1501 598 χώρα
1529 545 1690 598 μέταλλα
1719 548 1850 600 δαψιλῆ
1884 550 2017 600 χρυσοῦ
2048 562 2088 585 τε
2117 546 2178 586 καὶ
2211 547 2361 602 ἀργύρου
2378 549 2440 589 καὶ

1399 607 1533 656 χαλκοῦ
1551 605 1611 644 καὶ
1630 605 1838 658 κασσιτέρου
1864 606 1924 644 καὶ
1943 606 2099 659 σιδήρου·
2119 606 2180 645 καὶ
2195 606 2326 647 τούτων
2343 607 2440 648 οὐδὲν

1400 662 1529 707 ἔξεστιν
1545 663 1733 718 ἐξενεγκεῖν
1752 666 1791 704 ἐκ
1809 667 1871 711 τῆς
1897 664 2024 712 νήσου,
2050 671 2121 709 τοῖς
2143 666 2172 703 δ’
2193 666 2339 719 ἱερεῦσιν
2367 667 2440 708 οὐδ’

1400 722 1547 767 ἐξελθεῖν
1566 723 1606 762 τὸ
1623 722 1792 775 παράπαν
1811 725 1852 763 ἐκ
1875 725 1936 771 τῆς
1954 723 2212 777 καθιερωμένης
2232 724 2365 777 χώρας·
2381 726 2440 765 τὸν

1399 780 1434 819 δ’
1453 780 1632 826 ἐξελθόντα
1662 780 1821 826 ἐξουσίαν
1847 781 1923 834 ἔχει
1953 785 1971 821 ὁ
1997 781 2195 835 περιτυχὼν
2219 784 2439 827 ἀποκτεῖναι.

1398 838 1622 888 Ἀναθήματα
1651 839 1686 878 δὲ
1703 846 1819 892 χρυσᾶ
1838 840 1899 878 καὶ
1919 841 2054 893 ἀργυρᾶ·
2074 841 2191 880 πολλὰ
2212 841 2272 881 καὶ
2302 843 2441 896 μεγάλα

1398 903 1468 942 τοῖς
1502 901 1589 943 θεοῖς
1627 898 1833 946 ἀνάκειται,
1865 898 2119 951 σεσωρευκότος
2150 903 2212 940 τοῦ
2250 901 2377 955 χρόνου
2401 902 2442 942 τὸ

1398 960 1528 1005 πλῆθος
1545 960 1613 996 τῶν
1632 956 1896 1010 καθιερωμένων
1923 958 2173 1009 ἀναθημάτων.
2193 959 2252 1000 Τά
2269 976 2307 1002 τε
2323 959 2438 1015 θυρώ-

1401 1032 1497 1067 ματα
1516 1019 1575 1054 τοῦ
1596 1019 1680 1054 ναοῦ
1701 1016 1902 1066 θαυμαστὰς
1914 1015 1989 1069 ἔχει
2005 1016 2065 1061 τὰς
2079 1018 2300 1063 κατασκευὰς
2317 1018 2353 1065 ἐξ
2371 1021 2439 1074 ἆρ-

1398 1074 1504 1127 γύρου
1513 1074 1573 1113 καὶ
1583 1077 1716 1127 χρυσοῦ
1731 1073 1790 1113 καὶ
1804 1074 2000 1128 ἐλέφαντος,
2016 1075 2068 1114 ἔτι
2087 1075 2123 1114 δὲ
2139 1075 2222 1122 θύας
2235 1077 2440 1131 δεδημιουρ·

1397 1133 1565 1186 γημένας.
1588 1134 1638 1173 ‘H
1656 1133 1692 1172 δὲ
1708 1133 1809 1182 κλίνη
1827 1137 1887 1172 τοῦ
1911 1137 1988 1173 θεοῦ
2007 1134 2046 1173 τὸ
2066 1133 2130 1186 μὲν
2153 1137 2264 1186 μῆκος
2289 1137 2441 1191 ὑπάρχει

1398 1195 1523 1245 πηχῶν
1544 1191 1600 1240 ἕξ,
1620 1192 1660 1231 τὸ
1691 1190 1727 1231 δὲ
1748 1191 1876 1238 πλάτος
1894 1191 2089 1246 τεττάρων,
2109 1196 2225 1248 χρυσῆ
2245 1192 2282 1234 δὲ
2300 1195 2365 1244 ὅλη
2380 1196 2441 1236 καὶ

1397 1255 1441 1303 τῇ
1465 1250 1558 1289 κατὰ
1586 1250 1687 1303 μέρος
1705 1250 1852 1304 ἐργασία
1877 1251 2090 1305 φιλοτέχνως
2108 1253 2438 1307 κατεσκευασμένη.

1399 1308 1716 1364 Παραπλήσιος·δὲ
1734 1310 1792 1351 καὶ
1813 1313 1836 1358 ἡ
1852 1309 2009 1364 τράπεζα
2028 1315 2085 1350 τοῦ
2106 1315 2186 1350 θεοῦ
2209 1311 2271 1352 καὶ
2293 1314 2344 1366 τῷ
2373 1329 2442 1366 με·

1397 1371 1489 1425 γέθει
1504 1371 1564 1410 καὶ
1583 1374 1627 1424 τῇ
1645 1369 1750 1422 λοιπῇ
1767 1370 1974 1422 πολυτελείᾳ
1993 1369 2205 1423 παράκειται
2217 1372 2368 1420 πλησίον
2380 1375 2443 1425 τῆς

1397 1430 1530 1479 κλίνης.
1569 1430 1674 1470 Κατὰ
1705 1429 1742 1469 δὲ
1778 1428 1890 1480 μέσην
1920 1432 1984 1477 τὴν
2013 1429 2133 1478 κλίνην
2166 1429 2291 1479 ἕστηκε
2327 1430 2441 1482 στήλη

1396 1492 1512 1543 χρυσῆ
1544 1489 1701 1542 μεγάλη,
1731 1488 1929 1542 γράμματα
1963 1485 2096 1541 ἔχουσα
2125 1489 2170 1528 τὰ
2206 1492 2292 1544 παρ’
2321 1493 2441 1544 Αἰγυ-

1397 1548 1508 1592 πτίοις
1517 1548 1595 1601 ἱερὰ
1610 1547 1827 1600 καλούμενα,
1846 1547 1890 1585 δι’
1903 1541 1952 1586 ὧν
1970 1542 2058 1595 ἦσαν
2076 1550 2113 1587 αἱ
2121 1547 2261 1601 πράξεις
2275 1550 2439 1604 Οὐρανοῦ

1395 1624 1434 1647 τε
1457 1608 1516 1647 καὶ
1552 1607 1632 1652 Διὸς
1665 1607 1996 1660 ἀναγεγραμμέναι,
2027 1606 2088 1645 καὶ
2127 1608 2216 1658 μετὰ
2248 1608 2378 1652 ταύτας
2402 1610 2440 1647 αἱ

1399 1666 1597 1720 Ἀρτέμιδος
1630 1666 1690 1705 καὶ
1718 1665 1934 1710 Ἀπόλλωνος
1963 1665 2021 1720 ὑφ’
2048 1665 2185 1719 Ἑρμοῦ
2217 1682 2440 1720 προσαναγε-

1395 1725 1611 1780 γραμμέναι.
2182 1735 2189 1744 ’
2300 1725 2307 1730 ’

1449 1784 1523 1822 Sed
1541 1784 1622 1821 haee
1640 1783 1841 1822 hactenus.
1867 1782 2022 1831 Restat,
2043 1792 2087 1822 ut
2104 1784 2172 1822 illa
2203 1784 2440 1835 fragmenta,

1397 1858 1483 1895 quae
1502 1843 1695 1881 Eusebius
1711 1872 1721 1890 ,
1743 1843 1883 1881 Sextus
1911 1842 2135 1894 Empiricus
2164 1853 2202 1882 et
2231 1844 2438 1884 Athenaeus

1398 1904 1445 1941 ad
1466 1903 1696 1940 Evemerum
1717 1912 1914 1940 auctorem
1947 1903 2144 1952 referunt,
2177 1903 2364 1953 castigata
2382 1913 2437 1942 at-

1399 1974 1475 2012 que
1495 1975 1516 1999 e
1533 1975 1656 2011 graeco
1674 1963 1717 2000 in
1736 1962 1902 2000 latinum
1928 1961 2085 2014 aflnobis
2104 1975 2292 2001 conversa
2315 1962 2440 2015 subji-

1398 2034 1557 2059 clamus.
