2638 3840
722 242 955 294 EJUSQUE
985 245 1272 287 msclPtJLls
1302 248 1368 288 ET
1397 244 1825 290 SUCCESSORlBUS.

162 328 307 369 Seneca
318 359 330 379 ,
346 329 539 380 Diogenes
556 331 752 379 Laertius,
769 331 927 381 Suidas‚
943 332 1089 385 quibus
1104 347 1210 374 acce-

160 389 258 428 dunt
272 389 518 442 Porphyrius
534 400 573 430 et
587 390 832 431 ,lamblichus
846 392 1020 432 Samium
1038 394 1209 446 philoso-

158 447 280 501 phum
299 447 562 490 Locrensibus
578 451 687 490 illius
707 454 829 504 opera
847 452 952 503 leges
973 453 1209 506 imposuisse

158 507 406 549 affirmantes.
437 509 565 556 Quum
587 511 693 549 enim
722 512 989 552 institutorum
1009 514 1097 566 ejus
1119 529 1206 554 cum

158 565 393 618 Pythagorae
427 569 537 608 scitis
578 569 876 611 similitudinem
906 572 1207 614 animadvertis-

158 634 264 678 sent,
281 626 347 665 sed
365 635 494 666 aetates
509 636 548 667 et
568 636 743 681 tempora
761 630 1012 681 ignorarent,
1030 645 1118 671 eum
1138 635 1206 685 qui

157 685 348 738 sapientia
370 687 519 727 caeteris
537 697 738 740 praestaret
756 689 974 730 doctissimi
994 692 1103 731 illius
1126 694 1205 732 viri

154 745 372 784 auditorem
404 747 524 786 fuisse
559 748 635 787 sibi
675 754 966 801 persuaserunt.
999 751 1044 790 ld
1079 761 1204 792 autem

154 804 289 844 Numae
316 805 396 857 (4ι)
416 820 588 859 quoque,
629 808 892 849 Romanorum
915 812 1024 862 regi,
1050 821 1088 851 et
1117 813 1206 853 aliis

153 863 342 903 accidisse
353 894 365 915 ,
382 878 482 916 quos
499 867 711 918 antiquitas
726 869 850 920 ipsius
865 869 1096 921 Pythagorae
1111 871 1207 911 ami-

153 935 223 962 cos
257 931 296 962 et
337 924 490 963 sodales
523 924 676 972 habuit,
713 936 846 966 notum
860 925 868 931 ”
882 929 1206 983 exploratumque

151 980 334 1021 omnibus
353 991 422 1021 est.
478 983 825 1025 verumenimvero
849 997 888 1027 et
910 987 1069 1028 Eusebii
1097 991 1203 1029 testi-

153 1040 288 1079 monio
306 1041 374 1093 qui
401 1041 557 1082 Zaleuci
581 1043 717 1083 florem
745 1045 786 1084 in
812 1046 1058 1100 Olympiadis
1077 1048 1201 1088 XXIX

152 1113 305 1139 annum·
323 1101 493 1153 primum
514 1102 576 1141 vel
602 1103 644 1142 in
675 1117 819 1143 annum
841 1115 929 1144 ante
948 1106 1040 1147 Chr.
1062 1121 1101 1146 n.
1125 1108 1201 1155 664

149 1159 323 1199 incidere
346 1160 479 1208 docet,
514 1161 684 1202 efficitur
716 1177 805 1203 eum
839 1165 1062 1217 Pythagora
1097 1167 1199 1206 anti-

151 1217 327 1270 quiorem
343 1231 428 1258 esse
448 1221 543 1270 (42).

204 1276 285 1316 Etsi
302 1290 396 1316 vero
414 1278 635 1330 frequenter
649 1281 806 1321 Zaleuci
827 1283 868 1321 in
884 1283 1111 1324 Graecorum
1128 1285 1199 1324 La·

148 1335 400 1388 tium-umque
427 1337 635 1378 annalibus
682 1341 830 1379 mentio
868 1342 933 1393 lit,
979 1344 1198 1383 mirandum

149 1401 275 1433 tamen
298 1394 403 1446 quod
426 1394 461 1432 T
463 1398 597 1435 imaeus
623 1398 728 1437 inter
754 1398 967 1441 Locrenses
984 1402 1102 1454 hujus
1131 1417 1200 1443 no-

146 1454 267 1492 minis
296 1453 588 1505 legumlatorem
619 1457 738 1496 luisse
759 1461 917 1509 negavit
939 1461 1031 1513 (43).
1049 1462 1133 1508 Qua
1151 1463 1200 1503 de

145 1525 190 1552 re
207 1512 346 1552 Cicero
366 1513 436 1552 lib.
456 1513 491 1552 ll
507 1515 556 1554 (le
569 1515 722 1567 legibus
736 1531 822 1570 cap.
843 1520 866 1556 6
884 1534 892 1557 ε
915 1538 931 1554 «ι
948 1520 1079 1567 Quid?
1093 1524 1198 1574 quod

145 1570 352 1611 Zaleucum
372 1573 488 1611 istum
511 1583 624 1625 negat
644 1576 768 1614 ullum
791 1577 910 1617 fuisse
929 1579 1129 1620 Timaeus?
1148 1582 1199 1620 At

143 1629 453 1684 Theophrastus,
469 1642 604 1672 auctor
619 1634 722 1674 haud
740 1635 927 1685 deterior,
939 1641 1025 1677 mea
1037 1640 1195 1691 quidem

142 1691 333 1729 sententia
353 1691 504 1731 melior.
526 1692 622 1732 Eum
644 1694 757 1734 multi
778 1697 1005 1746 nominant,
1025 1713 1195 1739 comme-

143 1758 297 1789 morant
311 1762 408 1789 vero
427 1751 553 1804 ipsius
567 1753 673 1793 cives
686 1783 696 1802 ,
714 1756 838 1795 nostri
856 1757 1017 1797 clientes
1033 1758 1163 1800 Locri.
1179 1778 1194 1795 n

142 1806 248 1847 ldem
261 1808 388 1849 lib.V1
401 1810 448 1848 ad
461 1811 630 1861 Atticum
641 1813 758 1865 epist.
777 1828 792 1852 1
816 1829 824 1852 :
843 1833 858 1849 α
875 1815 970 1861 Quis
984 1815 1192 1857 Zaleucum

141 1866 245 1917 leges
277 1866 415 1907 Locris
445 1869 651 1922 scripsisse
687 1885 766 1911 non
792 1873 920 1914 dixit?
948 1874 1047 1914 Num
1072 1877 1194 1927 igitur

139 2024 239 2061 θέτας.
267 2023 384 2057 suidas
403 2032 435 2056 v.
462 2024 634 2067 Ζάλευκος,
667 2027 788 2070 Λοκρὸς
811 2028 848 2060 ἐκ
880 2029 1037 2071 θουρίου,
1057 2032 1194 2073 ΙΙυθαγὸ-

138 2081 219 2115 ρειος
234 2070 401 2113 φιλόσοφος
414 2073 467 2104 καὶ
484 2074 661 2114 νομοθέτης,
681 2074 879 2115 Porphyrius
895 2076 952 2109 vit.
970 2077 1105 2119 Pyttiag,
1121 2087 1192 2120 cap.

138 2123 173 2152 2!
194 2131 203 2151 ι
220 2119 255 2156 ἃς
269 2117 295 2151 δ’
308 2118 504 2160 ἐπιδημήσας
520 2120 636 2163 Ἰταλία
653 2131 687 2154 τε
705 2122 759 2153 καὶ
778 2122 903 2165 Σικελία
919 2124 1073 2156 κατέλαδε
1090 2125 1193 2163 πόλεις

136 2166 368 2208 δεδουλωμένας
392 2168 447 2200 ὑπ’
479 2169 642 2209 ἀλλήλων,
667 2169 722 2206 τὰς
746 2170 801 2210 μὲν
830 2171 955 2203 πολλῶν
977 2171 1056 2203 ἐτῶν
1076 2172 1132 2208 τὰς
1158 2173 1192 2205 δὲ

135 2214 271 2255 νεωστί,
287 2216 482 2258 φρονήματος
501 2217 675 2258 ἐλευθερίου
697 2218 820 2256 πλήσας
834 2218 885 2251 διὰ
912 2222 974 2251 τῶν
988 2219 1033 2260 ἐφ’
1058 2219 1191 2259 ἑκάστης

134 2262 299 2295 ἁκουστῶν
312 2263 409 2296 αὑτοῦ
425 2264 639 2307 ἠλευθέρωσε,
663 2265 813 2308 Κρότωνα
835 2267 888 2298 καὶ
906 2267 1038 2309 Σύδαριν
1059 2268 1112 2299 καὶ
1129 2269 1190 2300 Ka·

136 2308 232 2348 τάνην
245 2309 299 2342 καὶ
317 2309 444 2351 Ῥήγιον
459 2312 514 2343 καὶ
534 2311 656 2355 Ἱμέραν
672 2314 725 2344 καὶ
750 2312 943 2353 Ἀκράγαντα
956 2315 1009 2345 καὶ
1027 2315 1190 2356 Ταυρομὲ·

137 2366 202 2388 νιον
224 2357 278 2389 καὶ
300 2356 395 2394 ἄλλας
417 2358 520 2400 τινάς,
540 2358 590 2396 αῑς
608 2359 662 2391 καὶ
684 2359 798 2401 νόμους
814 2360 900 2392 ἔθετο
922 2360 974 2392 διὰ
990 2362 1145 2402 Χαρώνὸα
1158 2372 1190 2394 τε

133 2406 190 2436 τοῦ
203 2404 384 2437 {cumton
403 2405 457 2438 καὶ
471 2406 630 2439 Ζαλεύκου
645 2410 702 2440 τοῦ
717 2410 842 2450 Λοκροῦ
850 2430 860 2446 ,
875 2406 915 2440 δι’
928 2407 972 2439 ὢν
989 2408 1190 2447 ἀξιοζήλωτοι

132 2454 198 2488 τοῖς
212 2452 381 2493 περιοίκοις
401 2452 475 2494 ἄχρι
489 2454 608 2486 πολλοῦ
629 2453 789 2494 γεγόνασι.
807 2455 903 2487 cont.
927 2456 1103 2488 Jamhlicli.
1129 2456 1187 2488 vil.

134 2498 232 2540 Pyth.
254 2507 326 2540 cap.
344 2500 376 2532 7.
390 2519 430 2527 —
446 2501 513 2542 (⁴¹)
535 2501 731 2535 Plutarchus
744 2502 802 2534 vit.
821 2503 918 2535 Num.
934 2511 1005 2544 cap.
1025 2506 1059 2536 14
1077 2516 1085 2536 :
1102 2502 1140 2543 ἦν
1156 2503 1189 2535 δε

132 2545 186 2577 καὶ
203 2547 266 2578 τῶν
285 2545 388 2578 ἄλλων
403 2547 675 2588 παραγγελμάτων
691 2550 789 2581 αὑτοῦ
804 2549 905 2581 πολλὰ
921 2553 985 2586 τοῖς
1011 2550 1185 2591 Πυθαγορι-

133 2596 200 2630 κοῖς
220 2592 359 2626 ἐοικότα.
386 2593 444 2631 Ὦς
459 2594 520 2636 γὰρ
533 2595 646 2628 ἐκεῖνοι
662 2596 821 2639 παρῄνουν
839 2596 890 2629 ἐπὶ
915 2597 1053 2638 χοίνικος
1076 2599 1119 2638 μὴ
1134 2609 1189 2629 κα-

132 2641 244 2680 θῆσθαι
258 2664 268 2681 ,
287 2642 341 2673 καὶ
358 2641 504 2684 μαχαίρᾳ
522 2645 583 2685 πῦρ
609 2644 652 2685 μὴ
669 2645 853 2684 σκαλεύειν,
872 2646 925 2676 καί
943 2645 1124 2686 βαδίζοντας
1144 2646 1185 2682 εἰς

131 2687 308 2730 ἀποδημίας
322 2690 365 2728 μή
378 2691 661 2731 μεταστρέφεσθαι,
676 2692 804 2729 καὶτοῖς
819 2693 874 2732 μὲν
887 2692 1041 2733 οὐρανίοις
1052 2694 1186 2733 περισσά

132 2735 214 2768 θύειν
225 2760 235 2775 ,
251 2737 345 2778 ἄρτια
366 2737 399 2769 δέ
415 2739 480 2774 τοϊς
498 2738 632 2779 χθονίοις
643 2761 652 2776 ,
672 2738 717 2771 ὥν
731 2739 867 2772 ἕκαστον
882 2740 938 2777 τὴν
957 2739 1095 2771 διάνοιαν
1108 2740 1185 2771 ἀπε·

131 2783 305 2825 κρύπτοντα
321 2785 398 2826 πρὸς
413 2784 485 2823 τοὺς
513 2786 667 2824 πολλούς·
693 2787 793 2824 οὕτως
816 2788 882 2820 ἔνια
911 2791 975 2818 τῶν
998 2788 1109 2828 Νουμᾶ
1129 2799 1187 2819 πα-

129 2829 224 2872 τρίων
242 2829 418 2874 ἀπόρρητον
436 2831 501 2875 ἔχει
515 2834 569 2866 τὸν
587 2833 699 2875 λόγον·
716 2834 783 2867 οῖον
796 2836 831 2868 τὸ
846 2835 890 2875 μὴ
905 2834 1048 2867 σπένδειν
1065 2836 1144 2871 θεοῖς
1155 2835 1185 2872 ἐξ

130 2876 279 2919 ἀμπέλων
303 2879 470 2921 ἁτμήτων,
497 2882 577 2922 μηδέ
594 2881 676 2914 θύειν
698 2882 772 2924 ἄτερ
792 2882 929 2921 ἀλφίτων
944 2891 951 2899 ·
971 2883 1023 2913 καὶ
1047 2891 1183 2923 προσκυ-

130 2927 194 2958 νιῖν
207 2927 519 2968 περιστρεφομένους,
535 2930 589 2961 καὶ
602 2930 639 2961 τὸ
660 2930 816 2968 καθῆσθαι
834 2929 1122 2971 προσκυνήσαντας.
1139 2930 1184 2961 Da

132 2970 223 3005 libris
238 2972 458 3015 ryungortcts
478 2974 509 3007 lu
526 2976 644 3009 Numae
659 2978 811 3018 sepulcro
831 2977 982 3018 repertis,
998 2974 1053 3007 sent
1075 2976 1183 3016 postca

129 3019 307 3053 combustis
322 3020 520 3055 lucredlbllis
537 3025 669 3057 namnt
694 3024 824 3058 emtus
850 3023 984 3057 llemina
1004 3022 1088 3063 apuu!
1117 3023 1182 3055 l’li-

132 3067 222 3100 nlum
240 3067 314 3102 tat-t.
331 3071 398 3102 unt.
424 3069 479 3103 tlt».
494 3071 581 3111 ΧΙΙΙ,
596 3079 669 3114 cap.
692 3074 749 3112 13,
765 3071 875 3104 Livlus
890 3070 944 3103 tib.
963 3071 1030 3108 xl„
1051 3077 1123 3109 cap.
1140 3073 1181 3103 29

129 3115 163 3147 el
185 3115 378 3149 Plutarchus
403 3116 436 3149 lu
461 3116 533 3159 eius
560 3117 639 3151 vita.
666 3118 774 3157 Quare
799 3118 1035 3159 l‘9tlnag0rcum
1060 3115 1182 3149 faciunt

128 3162 277 3195 Clemens
292 3163 528 3198 Alexandrinus
551 3166 672 3198 Strom.
688 3165 744 3199 tit».
762 3166 830 3206 l‚1».
857 3167 914 3197 30¹·
934 3168 965 3195 ⁰1
986 3163 1027 3200 V·
1049 3171 1081 3202 Ρ·
1098 3165 1180 3204 ⁵4⁸.

128 3209 270 3251 cyrillus
286 3211 376 3244 Alex.
391 3210 447 3243 tlt».
466 3213 510 3245 vt
532 3214 643 3245 contr·
661 3212 779 3245 Julian.
793 3215 889 3252 oper.
908 3212 988 3243 tom.
1005 3211 1060 3248 vt,
1073 3217 1104 3250 p.
1125 3213 1181 3244 193

128 3257 180 3289 ed.
202 3256 340 3290 Auhert.
354 3259 388 3290 et
409 3257 624 3300 llleronymus
643 3258 697 3291 tlt».
716 3260 746 3292 ΙΙ
767 3258 894 3290 advers.
918 3255 1027 3290 Jovtn.
1042 3264 1113 3297 cap.
1140 3259 1180 3290 8⁸

128 3306 225 3345 oper.
244 3307 324 3338 tom.
345 3306 387 3343 ΙΙ.
402 3315 434 3348 p.
453 3308 512 3339 ³⁸⁴
532 3305 582 3339 al.
600 3307 735 3339 vult-ru.
754 3307 815 3339 scal
836 3305 955 3338 rectius
969 3303 1116 3344 judicant
1130 3304 1179 3337 u·

129 3352 203 3385 vlu·
233 3352 286 3385 nt».
311 3354 340 3392 Ι.
362 3361 431 3394 cap.
458 3356 493 3386 18
522 3355 556 3386 et
578 3353 752 3395 ntonyuns
767 3351 1056 3385 ltalicarnassensts
1077 3351 1176 3393 antiq.

127 3399 221 3433 nom.
234 3399 288 3432 ln».
309 3401 352 3442 ΙΙ,
364 3409 435 3443 pag.
453 3400 573 3435 ηοω.
590 3402 740 3444 sylburg.
757 3401 919 3441 videmur·
933 3399 973 3431 de
991 3396 1178 3440 Pythsgom

128 3446 193 3479 vlt·
205 3446 274 3480 ‹ttxt
286 3446 360 3481 ndu.
378 3450 417 3482 ²7
438 3450 471 3481 et
488 3453 540 3481 28.
559 3466 602 3476 —
618 3450 687 3488 (⁴2)
704 3448 823 3482 coutet
837 3445 1017 3480 Charondae
1037 3446 1149 3479 vitam.

170 3496 237 3536 (⁴³)
257 3495 352 3529 cont.
372 3494 484 3537 rolyt».
509 3496 659 3537 excerpt.
689 3502 759 3536 pag.
787 3498 839 3528 st.
867 3511 908 3522 --
932 3494 999 3534 (tt)
1022 3492 1176 3533 Diogenes

2248 267 2321 294 xu

1266 336 1369 388 jacet
1388 337 1704 391 Theophrastus,
1725 340 1756 378 si
1778 339 1818 378 id
1841 353 1864 378 a
1882 339 1916 378 T
1918 340 2031 379 imaeo
2049 351 2116 379 tuo
2135 342 2317 382 familiari

1270 397 1546 448 reprehensum
1574 399 1659 437 est?
1682 415 1700 434 υ
1738 399 1793 452 Ac
1820 397 2131 451 Theophrastum
2165 401 2321 452 quidem

1271 455 1479 506 probabile
1498 466 1557 496 est
1571 458 1614 496 in
1636 457 1820 510 pluribus
1838 458 1997 510 scriptis
2015 458 2170 498 Zaleuci
2191 462 2323 499 memi-

1271 515 1389 554 nisse.
1408 516 1502 555 Nam
1519 518 1662 568 viginti
1677 517 1754 570 (44)
1769 526 1954 569 quattuor
1969 518 2094 558 libros
2105 519 2153 557 de
2170 519 2323 570 legibus

1270 573 1487 613 litterarum
1510 576 1649 614 ordine
1668 575 1874 628 explicatis
1891 576 2064 615 ediderat
2080 590 2124 615 ac
2138 587 2322 629 praeterea

1268 633 1395 683 legum
1421 635 1619 686 epitomen
1661 634 1794 673 decem
1826 633 1975 674 libellis
2004 636 2321 688 comprehensam

1269 693 1509 743 vulgaverat.
1526 694 1630 740 Quin
1645 694 1761 732 etiam
1780 694 1820 732 in
1834 694 2023 746 peculiari
2036 708 2153 747 opere
2173 696 2320 747 legum·

1269 751 1436 790 latorum
1465 753 1544 806 (45)
1577 766 1779 791 censuram
1815 754 1970 793 fecerat.
1998 753 2141 793 Verum
2173 765 2211 794 et
2235 766 2323 795 ante

1267 809 1580 864 Theophrastum
1605 812 1837 851 Aristoteles
1865 812 1914 852 de
1933 813 2101 853 Zaleuco
2124 826 2321 867 exposue-

1267 879 1325 909 rat
1344 870 1385 909 in
1406 870 1620 923 Republica
1635 871 1866 923 Locrorum,
1882 872 1997 925 cujus
2016 874 2072 913 rei
2090 882 2221 913 testem
2237 875 2319 913 Cle·

1266 938 1432 968 mentem
1445 930 1754 969 Alexandrinum
1771 931 1958 971 habemus
1974 934 2066 984 (46).
2087 933 2196 973 Adde
2213 937 2318 987 quod

1267 988 1525 1028 Politicorum
1550 989 1630 1043 (47)
1648 989 1717 1029 lib.
1743 990 1780 1028 lt
1808 1005 1893 1044 cap.
1922 1007 1967 1030 12
1994 993 2164 1045 primum
2191 994 2317 1045 legum

1267 1058 1483 1088 sanctorem
1513 1049 1720 1088 Zaleucum
1754 1052 1880 1102 ponit.
1910 1051 2043 1103 Neque
2063 1052 2176 1091 aliter
2202 1054 2251 1092 de
2273 1069 2319 1095 eo

1261 1107 1542 1160 judicaverunt
1559 1108 1792 1148 Plutarchus
1808 1109 1889 1163 (48)
1909 1120 2024 1163 atque
2039 1112 2214 1151 AElianus
2227 1115 2316 1166 (49),

1263 1169 1359 1215 Quae
1380 1182 1501 1220 quum
1518 1169 1573 1207 ita
1593 1170 1697 1217 sint,
1718 1171 1879 1209 missum
1904 1171 2090 1211 faciamus
2107 1173 2315 1216 Timaeum.

1263 1231 1348 1267 Jam
1370 1238 1670 1268 consentaneum
1689 1238 1746 1267 est
1765 1230 1934 1282 proponi
1952 1230 2108 1270 Zaleuci
2126 1232 2230 1283 leges
2249 1248 2320 1286 per

1263 1288 1374 1326 varia
1389 1289 1605 1327 litterarum
1622 1298 1872 1328 monumenta
1885 1303 2054 1342 sparsas,
2068 1291 2111 1329 ln
2127 1306 2206 1343 quo
2222 1294 2316 1333 mihi

1264 1360 1312 1385 eo
1339 1345 1517 1386 breviori
1546 1360 1628 1386 esse
1661 1348 1777 1398 licet,
1799 1348 1903 1399 quod
1932 1350 2212 1401 sapientissimi
2240 1353 2317 1391 viri

1262 1409 1544 1459 praeceptiones
1558 1407 1599 1445 in
1614 1406 1757 1446 Stobaei
1774 1406 1985 1459 Florilegio
1999 1408 2139 1448 obvias
2155 1420 2317 1463 propter

1262 1466 1529 1518 incorruptam
1564 1468 1677 1516 graeci
1713 1467 1909 1506 sermonis
1943 1468 2201 1518 integritatem
2234 1470 2315 1521 jam

1261 1527 1365 1565 inter
1383 1527 1596 1577 fragmenta
1611 1526 1690 1564 vol.
1715 1525 1729 1564 1
1748 1538 1835 1578 pag.
1853 1527 2033 1572 542-543
2051 1530 2242 1570 recensui.
2264 1531 2318 1569 l)e

1260 1584 1400 1624 horum
1423 1595 1550 1624 autem
1571 1598 1658 1637 quae
1677 1585 1854 1624 Stobaeus
1875 1587 2047 1626 servavit
2068 1587 2314 1628 decretorum

1260 1644 1491 1695 antiquitate
1508 1644 1586 1689 duo
1604 1643 1738 1682 idonei
1760 1644 1896 1683 talium
1914 1658 2044 1683 rerum
2063 1647 2315 1687 existimato-

1259 1717 1322 1744 res
1349 1705 1549 1757 iidemque
1567 1705 1791 1755 gravissimi
1822 1713 2001 1743 auctores
2028 1705 2211 1745 dubitare
2241 1721 2313 1747 nos

1259 1778 1338 1803 non
1367 1763 1517 1804 sinunt.
1548 1765 1705 1817 Quippe
1736 1765 1874 1803 Cicero
1903 1763 1981 1816 (50)
2011 1778 2052 1804 se
2077 1766 2312 1817 prooemium

1258 1825 1356 1863 illud
1373 1825 1516 1875 legisse
1531 1825 1775 1872 testificatur,
1795 1823 2001 1863 Zaleucum
2021 1825 2248 1878 priusquam
2265 1829 2312 1866 ad

1258 1885 1361 1934 leges
1388 1883 1696 1923 conscribendas
1717 1883 1994 1934 aggrederetur
2012 1884 2060 1922 de
2079 1885 2206 1936 legum
2227 1887 2314 1925 lau-

1256 1942 1374 1984 dibus
1405 1944 1555 1982 dixisse
1584 1951 1789 1983 annotans.
1819 1943 2018 1982 Diodorus
2040 1944 2119 1996 (δι)
2145 1958 2238 1984 vero
2262 1960 2310 1985 ex

1255 2075 1402 2109 Laertius
1413 2073 1467 2107 ΙΙΙ).
1483 2075 1525 2115 V,
1544 2076 1580 2106 44
1601 2073 1629 2106 ei
1645 2073 1757 2105 tribuit
1772 2082 1847 2105 cum
1863 2073 1925 2105 alia
1942 2073 2079 2114 scripta,
2094 2075 2164 2106 tum
2182 2074 2310 2116 Νόμων,

1253 2121 1336 2154 κατὰ
1353 2124 1531 2162 στοιχεῖον,
1546 2121 1593 2153 κδ’
1612 2121 1646 2152 et
1669 2120 1784 2161 Νόμων
1807 2121 1956 2161 ἐπιτομῆς
1979 2121 2020 2160 α’,
2038 2121 2079 2161 β’,
2097 2123 2138 2162 γ’,
2158 2121 2195 2160 δ’,
2211 2126 2249 2162 ε’,
2266 2124 2308 2162 ς’,

1254 2167 1292 2208 ζ’,
1307 2170 1351 2207 η’,
1366 2166 1406 2205 θ’,
1427 2167 1459 2199 ι’.
1477 2186 1516 2194 -
1536 2167 1602 2207 (4⁵)
1617 2166 1776 2207 Diogenes
1794 2167 1937 2200 Laertius
1951 2166 2007 2200 lib.
2031 2169 2072 2207 V,
2087 2170 2127 2199 (ιό
2144 2178 2151 2199 z
2172 2170 2308 2209 Νομοθε-

1252 2218 1316 2248 τῶν
1332 2218 1374 2254 α’,
1390 2214 1431 2256 β’,
1445 2214 1489 2255 γ’.
1505 2233 1547 2242 -
1566 2214 1632 2254 (40)
1647 2214 1798 2246 Clemens
1812 2213 2048 2247 Alexandrinus
2063 2215 2183 2246 Strom.
2204 2215 2258 2247 lib.
2283 2217 2307 2255 Ι,

1254 2273 1285 2303 p.
1305 2266 1365 2295 352
1381 2270 1390 2293 :
1405 2261 1595 2302 Χαμαιλέων
1611 2270 1646 2293 τε
1665 2261 1683 2292 ὁ
1701 2261 1920 2303 Ἡρακλεώτης
1939 2262 1970 2293 ἐν
1989 2264 2035 2302 τῷ
2055 2262 2124 2303 περὶ
2142 2263 2235 2302 μέθης
2255 2265 2308 2297 καὶ

1252 2310 1463 2351 Ἀριστοτέλης
1482 2309 1514 2341 έν
1531 2312 1571 2350 τῇ
1597 2310 1733 2349 Λοκρῶν
1756 2309 1900 2350 πολιτείᾳ
1924 2309 2079 2341 Ζάλευκον
2107 2309 2161 2342 τὸν
2185 2311 2310 2353 Λοκρὸν

1251 2358 1336 2399 παρὰ
1358 2361 1408 2396 τῆς
1422 2356 1549 2395 Ἀθηνᾶς
1565 2355 1637 2392 τοὺς
1659 2354 1772 2396 νόμους
1788 2356 1957 2396 λαμδοὶνειν
1977 2355 2307 2396 ἀπομνημονεύουσιν.

1252 2422 1293 2431 -
1311 2405 1377 2445 (47)
1391 2402 1578 2437 Aristoteles
1600 2401 1809 2435 Politlcorum
1824 2402 1881 2434 lib.
1906 2403 1951 2442 11,
1971 2410 2042 2442 cap.
2062 2406 2097 2433 12
2114 2415 2121 2434 :
2143 2405 2307 2444 νομοθέται

1251 2450 1278 2483 δ’
1296 2451 1437 2491 ἐγένοντο
1454 2449 1607 2485 Ζάλευκός
1629 2459 1663 2481 τε
1680 2450 1813 2491 Λοκροῖς
1834 2451 1898 2485 τοῖς
1918 2448 2139 2489 Ἐπιζεφυρίοις
2160 2452 2214 2481 καὶ
2240 2451 2307 2483 Χα-

1250 2499 1370 2541 ρώνδας
1391 2499 1409 2531 ὁ
1427 2499 1601 2533 Καταναῖος
1627 2499 1691 2533 τοῖς
1717 2498 1814 2528 αὑτοῦ
1838 2496 1980 2532 πολίταις
2004 2498 2071 2528 κτλ.
2088 2516 2127 2523 -
2142 2496 2208 2538 (48)
2229 2499 2307 2530 Plu-

1250 2546 1381 2579 tarchus
1399 2547 1494 2578 Num.
1515 2553 1585 2587 cap.
1604 2546 1621 2576 ⁴
1652 2543 1739 2587 ιᾰρα
1761 2542 1815 2576 οὖν
1837 2543 1922 2581 ἁξιὸν
1945 2544 2031 2583 ἐστι,
2058 2547 2156 2576 ταῦτα
2182 2556 2307 2587 συγχω-

1250 2597 1376 2635 ροῦντας
1401 2592 1450 2624 ἐπὶ
1472 2594 1612 2628 τουτων,
1634 2591 1799 2630 ἀπιστεῖν,
1827 2591 1855 2624 εἰ
1884 2591 2032 2631 Ζαλεύκῳ
2057 2589 2112 2624 καὶ
2138 2590 2230 2634 Μίνῳ
2250 2591 2305 2624 καὶ

1250 2640 1436 2682 Ζωροάστρῃ
1455 2638 1507 2669 καὶ
1533 2638 1645 2679 Νουμᾷ
1670 2638 1723 2670 καὶ
1747 2641 1939 2679 Λυκούργῳ,
1956 2639 2116 2679 βασιλείας
2131 2639 2304 2681 κυὸερνῶσι

1249 2689 1301 2719 καὶ
1322 2687 1477 2723 πολιτιίας
1493 2685 1720 2727 διακοσμοῦσιν
1737 2686 1780 2722 εἰς
1797 2687 1833 2718 τὸ
1846 2685 1924 2718 αὐτο
1942 2686 2051 2728 ἐφοίτα
2064 2687 2100 2719 τὸ
2120 2687 2303 2727 ὀαιμόνιονς

1249 2736 1268 2772 ἧ
1284 2732 1404 2770 τούτοις
1422 2733 1477 2775 μὲν
1494 2732 1578 2771 εἰκὸς
1596 2733 1663 2765 ἐστι
1677 2734 1731 2765 καὶ
1745 2732 1980 2772 σπουδάζοντας
2000 2733 2088 2770 θεοὺς
2102 2734 2237 2773 ὁμιλεῖν.
2252 2734 2302 2766 ἐπὶ

1247 2780 1435 2822 διδασκαλίᾳ
1456 2781 1509 2812 καὶ
1530 2781 1711 2822 παραινέσει
1729 2783 1793 2813 τῶν
1813 2780 2003 2822 βελτίστων·
2018 2784 2162 2817 ποιηταῖς
2187 2780 2221 2812 δὲ
2250 2781 2303 2813 καὶ

1248 2831 1383 2870 λυρικοῖς
1406 2827 1632 2869 μινυρίζουσιν,
1663 2828 1748 2869 εἰπερ
1776 2827 1860 2868 ἄρα,
1886 2828 2021 2870 χρῆσθαι
2050 2828 2234 2867 παίζοντας;
2262 2847 2302 2856 -

1249 2879 1314 2916 (w)
1333 2875 1476 2910 AEliauus
1493 2876 1590 2908 varia:
1616 2876 1692 2908 hist.
1712 2875 1772 2909 tit».
1793 2877 1853 2917 lll,
1875 2886 1947 2916 cap.
1972 2877 2007 2908 17
2034 2888 2042 2908 :
2064 2876 2303 2908 ἐπολιτεύσαντο

1246 2921 1301 2955 οὖν
1320 2923 1372 2955 καὶ
1392 2922 1575 2964 φιλόσοφοι.
1595 2923 1616 2960 ἢ
1637 2922 1714 2955 αὐτὸ
1739 2926 1831 2955 τοῦτο
1847 2923 1942 2964 μόνον
1960 2922 2016 2960 τὴν
2034 2922 2173 2955 διάνοιαν
2191 2923 2301 2963 ἁγαθοὶ

1248 2970 1405 3012 γινόμενοι
1431 2969 1477 3010 ἆρ’
1502 2969 1638 3012 ἡσυχίας
1672 2970 1884 3003 mutuemus-1.
1905 2970 2159 3011 Ἑπηνώρθωσαν
2184 2972 2243 3011 γὰρ
2262 2975 2300 3002 τα

1245 3019 1352 3059 κοινά,
1376 3019 1530 3056 Ζαλευκος
1551 3019 1607 3060 μεν
1626 3018 1666 3051 τὰ
1686 3019 1718 3050 Ιν
1738 3021 1871 3060 Λοκροῖς
1898 3019 1965 3050 κτλ.
1983 3035 2025 3041 -
2050 3017 2113 3057 (50)
2133 3019 2246 3050 Cicero
2261 3018 2301 3047 «1.-

1245 3065 1368 3106 lcglhus
1391 3064 1446 3096 lib.
1466 3065 1508 3104 ll,
1532 3074 1601 3106 cap.
1617 3069 1647 3097 6.
1664 3084 1703 3092 -
1729 3066 1795 3104 (at)
1825 3064 1984 3097 Diodorus
2001 3063 2126 3096 Siculus
2148 3063 2204 3096 tit».
2226 3065 2297 3103 ΧΙΙ,

1243 3120 1315 3153 (ιιι.
1337 3115 1435 3145 19-20
1454 3124 1463 3144 ι
1482 3113 1571 3152 ἡμεῖς
1590 3111 1625 3144 δὲ
1640 3111 1821 3154 ἀρκούντως
1837 3112 1874 3142 τα
1896 3112 1965 3152 περὶ
1983 3112 2154 3152 Χαρώνδαν
2181 3112 2232 3142 τὸν
2253 3122 2300 3142 νο-

1244 3160 1376 3201 μοθέτην
1392 3159 1601 3198 διεληλυθότες
1626 3159 1747 3201 βραχέα
1774 3158 1950 3200 βουλόμεθα
1974 3158 2112 3199 καὶπερὶ
2140 3158 2298 3189 Ζαλεύκου

1242 3210 1299 3240 τοῦ
1314 3208 1484 3249 νομοθέτου
1497 3207 1624 3239 διελθεῖν
1637 3206 1690 3239 διό.
1706 3217 1737 3238 τε
1754 3207 1809 3245 τὴν
1826 3206 1937 3243 ὁμοίαν
1953 3207 2131 3247 προαίρεσιν
2150 3209 2206 3236 τοῦ
2224 3205 2296 3246 βίου

1242 3255 1295 3287 καὶ
1318 3256 1355 3287 τὸ
1370 3255 1529 3296 γεγονέναι
1547 3255 1618 3291 τοὺς
1635 3253 1747 3295 ἄνδρας
1760 3253 1792 3286 ἰν
1810 3254 1937 3286 πόλεσιν
1953 3253 2164 3293 ἀστυγιίτοσι.
2182 3252 2295 3284 Ζάλευ-

1242 3312 1296 3339 κος
1311 3302 1413 3334 τοίνυν
1433 3301 1471 3341 ἢν
1487 3303 1523 3334 τὸ
1536 3303 1624 3340 γένος
1641 3301 1676 3332 ἐκ
1692 3304 1746 3339 τῆς
1768 3299 1899 3336 Ἰταλίας
1918 3304 2037 3340 Aemo:
2052 3323 2061 3335 .
2079 3300 2153 3338 ἀνὴρ
2171 3301 2294 3338 εὐγενὴς

1240 3352 1292 3383 καὶ
1308 3352 1388 3383 κατὰ
1402 3349 1545 3382 παιδείαν
1556 3349 1822 3388 τεθαυμασμένος,
1838 3349 1974 3389 μαθητής
1990 3348 2022 3378 δε
2037 3347 2222 3387 Πυθαγόρου
2238 3350 2294 3378 τοῦ

1241 3397 1420 3439 ειλοσόςον.
1445 3395 1548 3433 Οὗτος
1572 3396 1687 3435 πολλῆς
1703 3396 1864 3437 ἀποδοχῆς
1883 3395 2046 3435 tunium-e
2060 3394 2091 3424 ίν
2110 3397 2148 3433 τῇ
2169 3394 2292 3434 πατρίδι

1242 3445 1410 3486 νομοθέτης
1427 3445 1540 3486 ᾑρέθη,
1554 3444 1607 3475 καὶ
1632 3443 1886 3483 καταῦαλὸμςνος
1907 3442 1937 3478 ἐξ
1956 3441 2052 3482 ἀρχῆς
2071 3441 2181 3479 κτινήν
2194 3451 2288 3480 νομο·

1239 3490 1346 3525 omia-a
1362 3491 1473 3532 ἤρξατο
1491 3493 1615 3532 πρῶτον
1636 3491 1702 3529 περὶ
1723 3492 1786 3521 τῶν
1805 3488 1994 3528 ἐπουρανίων
2014 3489 2103 3519 θεῶν.
2122 3487 2219 3524 Εὐθὺς
2233 3489 2292 3529 γαρ
