2638 3840
330 246 448 273 xxxtl

326 332 428 361 suut.
467 323 623 361 Accedit
661 323 766 374 quod
799 323 987 372 Origenes
1029 329 1066 358 et
1101 319 1393 370 Hieronymus}

325 382 429 420 Sexti
455 382 779 433 apophthegmata
803 390 1031 431 usurpantes
1055 380 1110 416 ita
1130 378 1244 416 illum
1275 379 1362 416 vir-

326 442 418 479 tutis
437 443 663 491 magistrum
686 442 856 486 laudant,
881 450 922 478 ut
957 452 1044 476 eum
1076 452 1096 475 a
1124 438 1363 475 Christiano·

326 513 409 538 rum
434 501 588 551 quidem
614 501 732 538 sacris
752 499 1012 543 abhorruisse,
1035 497 1100 535 sed
1117 505 1243 534 tamen
1265 498 1362 535 viris

325 558 387 596 isti
423 560 597 597 formulae
630 559 796 597 addictis
829 557 1091 608 pei-placuisse
1122 556 1359 604 significent.
1390 599 1392 605 .

322 617 407 658 vid.
438 619 544 668 Orig.
568 618 656 657 VIII
687 627 821 656 contra
848 617 999 653 Celsum
1027 629 1066 666 p.
1098 615 1172 664 397
1195 624 1232 652 et
1260 623 1286 652 t.
1316 617 1360 652 15
1390 612 1392 665 ξ

1424 678 1505 715 rios
1527 677 1698 728 reliquit.
1721 675 1863 713 Confer
1883 674 2106 726 Eunapium,
2123 674 2171 712 de
2193 675 2285 712 vitis
2298 673 2464 725 sophist.

1390 739 1391 743 ’
1423 736 1526 782 init„
1548 734 1726 772 Vossium
1763 733 1810 771 de
1839 733 2037 772 historicis
2073 733 2207 783 graecis
2235 732 2304 771 lib.
2341 732 2374 779 l,
2417 746 2467 770 20

1390 828 1391 845 γ
1422 808 1510 845 pag.
1538 796 1626 840 128,
1652 793 1801 842 Menag.
1832 792 1879 830 ad
1896 793 2057 842 Diogen.
2087 791 2216 830 Laert.
2244 790 2278 838 Ι,
2303 805 2319 828 1
2341 791 2462 843 (217).

323 676 363 713 in
378 677 595 716 Matthaeum
612 691 650 728 p.
673 678 759 725 369.
780 677 864 720 Quo
890 675 1025 711 factum
1048 681 1106 711 est
1126 681 1167 710 ut
1181 673 1219 713 S.
1243 673 1362 712 Maxi-

322 749 407 774 mus
441 737 483 775 in
515 736 743 786 Dionysium
777 736 968 783 Areopag.
1006 746 1090 783 cap.
1130 735 1151 770 5
1188 732 1360 783 Mysticae

322 794 457 833 Theol.
491 804 516 835 t.
537 809 557 832 2
586 809 620 846 p.
644 795 690 831 85
722 794 877 830 Sextum
910 791 1161 829 ecclesiastici
1182 792 1361 842 philoso-

306 853 391 904 *phi
426 854 582 891 nomine
615 852 840 902 appellaret.
889 854 938 887 At
971 850 1134 888 Rufinus
1165 851 1359 901 interpres

325 913 465 950 merito
503 911 725 950 temeritatis
746 919 782 947 et
807 909 966 946 insaniae
987 909 1162 958 arguitur
1190 909 1238 947 ab
1271 910 1362 948 Hie-

322 985 487 1022 ronymo
520 972 559 1007 in
587 983 671 1019 cap.
709 970 754 1006 18
776 967 912 1006 Ezech.
934 976 971 1004 et
1002 967 1048 1004 ad
1073 963 1359 1019 Ctesiphontem
1389 976 1391 989 ¹

1389 1053 1391 1062 ι
1420 1031 1640 1066 Moderatus
1678 1042 1837 1079 quoque
1874 1027 2111 1074 Gaditanus,
2151 1027 2462 1077 Pythagoricus,

321 1039 453 1068 contra
470 1029 712 1078 Pelagianos,
745 1029 834 1065 item
858 1040 942 1077 cap.
981 1041 1030 1063 22
1051 1028 1093 1064 in
1124 1026 1356 1075 Jeremiam,

321 1098 525 1140 propterea
545 1088 649 1138 quod
682 1087 836 1138 primus
870 1086 981 1123 Sixto
1002 1085 1166 1136 Martyri
1187 1086 1256 1124 has
1278 1101 1362 1125 sen-

319 1148 498 1186 tentiolas
527 1146 769 1197 ascripserit.
799 1145 939 1182 llulino
963 1144 1123 1195 quidem
1154 1147 1357 1196 astipulati

318 1217 407 1246 sunt
427 1222 503 1245 non
525 1207 641 1245 modo
662 1205 842 1254 Pelagius
856 1235 865 1251 ,
889 1204 955 1241 sed
975 1205 1090 1242 etiam
1118 1205 1358 1253 Augustinus
1387 1242 1389 1264 ἢ

318 1267 388 1304 lib.
408 1267 424 1304 l
443 1267 490 1304 de
505 1266 648 1304 Natura
667 1274 703 1302 et
724 1264 858 1301 Gratia
874 1277 905 1301 c.
930 1264 996 1311 64,
1021 1263 1088 1313 qui
1105 1271 1231 1300 tamen
1254 1273 1360 1314 post-
1387 1300 1389 1309 .

316 1339 359 1363 ea
378 1326 488 1363 aliter
502 1325 633 1363 statuit
653 1323 723 1363 lib.
751 1323 786 1360 ll
808 1323 972 1360 Reti-act.
993 1334 1074 1373 cap.
1092 1327 1155 1366 42.
1178 1322 1360 1373 Reliquos
1387 1358 1389 1361 .

316 1386 383 1435 qui
404 1384 554 1423 Sixtum
575 1384 613 1422 ll
645 1384 728 1422 sive
746 1381 912 1433 Xystum
927 1410 937 1427 ,
962 1383 1188 1432 episcopum
1220 1381 1358 1420 Roma-
1386 1409 1389 1417 ,

316 1458 424 1491 num,
448 1453 642 1482 mortuum
664 1456 765 1480 anno
801 1450 887 1492 post
920 1440 1011 1479 Chr.
1046 1455 1085 1480 n.
1117 1442 1207 1490 257,
1240 1442 1358 1493 hujus

317 1503 495 1554 opusculi
526 1502 753 1553 scriptorem
789 1494 871 1538 esse
904 1508 1090 1550 putarunt
1129 1513 1357 1539 enumerare

316 1562 434 1613 piget.
448 1560 580 1611 Neque
597 1574 691 1598 vero
707 1559 853 1607 infitias
873 1571 918 1595 eo
936 1557 999 1594 hic
1012 1557 1095 1595 illic
1108 1571 1233 1607 graeca
1251 1561 1358 1598 Sexti

315 1620 436 1658 verba
456 1621 553 1658 male
575 1619 725 1658 reddita
739 1631 821 1656 esse
838 1630 860 1672 a
875 1617 1028 1655 Rufino.
1045 1616 1157 1656 Cons.
1177 1627 1274 1655 sent.
1291 1618 1355 1659 55.

318 1681 394 1729 398
414 1688 486 1717 etc.
511 1679 686 1717 Forsitan
707 1677 902 1728 quispiam
925 1675 1069 1713 dixerit
1096 1676 1352 1727 interpolatas

315 1734 441 1774 videri
470 1737 536 1788 pia
563 1737 787 1787 interpretis
807 1734 939 1772 fraude
967 1734 1072 1772 Sexti
1103 1734 1274 1783 chartas,
1295 1738 1358 1775 cui

315 1796 446 1833 omnia
465 1810 550 1847 quae
572 1794 637 1833 hic
656 1797 836 1845 leguntur
865 1793 1060 1831 vindicari
1080 1808 1159 1832 non
1188 1796 1357 1846 possint.

316 1856 415 1893 Huic
435 1868 505 1904 ego
531 1868 609 1893 non
643 1854 898 1901 adversabor,
931 1862 1135 1891 contentus
1169 1854 1355 1905 probasse

315 1914 521 1952 maximam
534 1913 845 1952 commentarioli
866 1921 1014 1964 partem
1035 1925 1119 1950 esse
1138 1914 1357 1964 antiquam.

313 1972 419 2010 Sexti
450 1972 698 2010 enchiridion
734 1973 867 2023 plures
895 1971 1124 2019 ediderunt,
1157 1985 1178 2009 e
1208 1972 1355 2023 quibus

314 2032 530 2083 praecipuos
548 2031 788 2070 memorabo.
807 2031 965 2083 Primus
995 2031 1067 2069 fuit
1098 2031 1355 2083 Symphoria-

314 2103 386 2128 nus
414 2090 670 2141 Champerius
700 2091 769 2141 qui
802 2103 900 2141 opus
935 2091 1238 2128 ecclesiasticum
1273 2104 1357 2130 esse

315 2151 496 2200 opinatus
530 2150 629 2187 Sixti
668 2150 750 2187 sive
782 2149 895 2200 Xysti
931 2150 1116 2187 annulum
1153 2150 1355 2201 inscripsit

313 2209 519 2259 emisitque
540 2209 720 2258 Lugduni
741 2222 773 2247 a.
806 2210 918 2257 1507.
943 2209 1091 2247 Deinde
1118 2223 1204 2247 cum
1228 2210 1354 2248 AEneae

313 2267 441 2305 Gazaei
461 2267 731 2319 Theophrasto
764 2268 847 2306 sive
867 2268 1022 2318 dialogo
1055 2269 1103 2306 de
1132 2269 1351 2307 animorum

312 2327 600 2364 immortalitate
627 2335 664 2364 et
685 2326 938 2377 Athenagorae
955 2327 1058 2365 libro
1083 2328 1131 2365 de
1158 2341 1355 2367 resurrec-

314 2386 417 2423 tione
443 2384 554 2436 xysti
581 2387 789 2424 sententias
818 2386 958 2424 Rufino
984 2387 1200 2438 interprete
1220 2387 1354 2438 publi-

313 2445 414 2481 cavit
433 2444 571 2482 Beatus
598 2444 804 2483 Rhenanus
838 2446 998 2484 Basileae
1028 2459 1062 2485 a.
1089 2447 1202 2484 1516.
1235 2446 1352 2495 Tum,

313 2512 356 2540 ut
376 2503 468 2541 alias
488 2503 678 2541 editiones
708 2507 903 2551 omittam,
937 2505 1084 2556 prodiit
1115 2505 1273 2544 libellus
1312 2507 1355 2544 in

313 2562 472 2600 Thomae
491 2562 602 2600 Galei
619 2563 828 2613 opusculis
848 2564 1139 2614 mythologicis,
1162 2564 1299 2603 ethicis
1319 2574 1357 2603 et

312 2622 486 2672 physicis
500 2621 759 2671 Cantabrigiae
781 2624 878 2670 1670
891 2631 929 2660 et
947 2623 1223 2661 Amstelodami
1240 2625 1354 2664 1688.

314 2681 491 2730 Denique
511 2679 692 2718 Urbanus
720 2681 870 2719 Godofi
873 2681 968 2719 edus
998 2682 1160 2720 Siberus
1187 2683 1353 2721 multum

313 2753 441 2789 operae
470 2752 514 2776 ac
541 2738 686 2777 laboris
714 2740 756 2777 in
787 2741 1023 2778 recensendo
1052 2750 1089 2778 et
1120 2743 1355 2793 explicando

314 2797 387 2835 hoc
402 2806 508 2835 veter
511 2799 543 2835 is
562 2785 820 2848 philosophiae
832 2808 1081 2836 monumento
1098 2802 1352 2852 consumpsit,

314 2856 420 2906 quod
451 2869 586 2894 erro¹e
611 2856 748 2894 ductus
767 2855 867 2894 Sixti
899 2856 936 2894 ΙΙ
960 2858 1155 2908 pontificis
1189 2859 1354 2898 Romani

316 2923 355 2951 et
374 2915 555 2964 martyris
568 2914 814 2952 enchiridion
831 2927 913 2952 esse
924 2916 1135 2953 contendit.
1154 2917 1354 2956 Postremo

314 2973 482 3010 Orellius
497 2974 539 3010 in
557 2973 742 3023 Opuscul.
765 2981 882 3011 veter.
903 2973 1027 3012 Graec.
1049 2983 1142 3011 sent.
1160 2984 1196 3012 et
1220 2979 1354 3017 moral.

315 3039 406 3068 tom.
429 3029 445 3067 l
467 3029 572 3067 Sexti
590 3030 911 3081 apophthegmata
935 3045 1020 3069 cum
1041 3032 1258 3070 enchiridio
1286 3047 1355 3084 pe1

318 3088 497 3127 Rufinum
523 3089 566 3126 in
586 3088 757 3137 linguam
790 3089 946 3126 latinam
978 3091 1163 3127 translato
1182 3093 1350 3142 repetiit.

314 3147 407 3192 Quae
427 3160 546 3197 quum
568 3147 621 3184 ita
639 3147 731 3193 sint,
755 3147 941 3198 inspectis
974 3148 1244 3198 superioribus
1261 3150 1354 3186 edi-

315 3205 490 3244 tionibus
529 3205 627 3242 nihil
664 3205 806 3255 reliqui
852 3206 1069 3243 faciendum
1106 3208 1351 3254 existimavi,

314 3265 521 3315 quominus
536 3264 743 3313 diligenter
758 3264 977 3314 recognitus
997 3264 1152 3303 libellus
1173 3267 1214 3303 in
1228 3266 1351 3304 lucem

313 3332 570 3361 revocaretur.

367 3382 440 3419 Sed
478 3382 660 3433 quoniam
701 3381 802 3419 inter
849 3381 971 3420 Sextii
1008 3382 1160 3420 sodales
1196 3385 1352 3420 Sotionis

318 3440 570 3478 Alexandrini
603 3441 781 3489 memini,
807 3454 922 3492 quem
955 3441 1106 3480 Senecae
1128 3443 1349 3492 magistrum

1210 232 1276 269 DE
1316 233 1628 272 PYTHAGORA

1423 321 1604 372 perhibet
1618 319 1839 358 Lactantius
1853 319 1979 357 divin.
2002 319 2136 358 institt.
2153 319 2216 368 VI,
2233 325 2280 364 οἱ.
2303 328 2339 358 et
2352 319 2464 370 cujus

1423 381 1537 432 plura
1557 380 1770 429 fragmenta
1790 392 1810 416 e
1827 378 1930 416 libro
1959 378 2006 415 de
2026 378 2086 416 ira
2105 393 2127 417 a
2142 378 2293 417 Stubaeo
2313 388 2465 417 servata

1423 439 1525 477 infra
1554 437 1769 487 exhibebo,
1793 436 2026 474 monendum
2058 437 2213 475 videtur
2247 437 2462 475 cavendum

1426 512 1508 537 esse
1526 511 1573 535 ne
1591 498 1678 548 quis
1694 497 1796 535 hunc
1810 496 2007 534 Sotionem
2029 509 2116 534 cum
2136 509 2182 534 eo
2204 496 2411 534 confundat
2429 505 2467 534 et

1423 558 1649 608 permisceat
1680 557 1747 606 qui
1780 554 1852 593 sub
1885 555 2092 593 Ptolemaeo
2132 553 2334 606 Epiphane
2362 554 2467 592 vixit

1423 631 1466 654 ac
1488 617 1535 654 de
1551 616 1874 667 philosophorum
1900 613 2212 654 successionibus
2229 623 2464 652 commenta·

1421 853 1509 890 Fuit
1527 853 1641 890 etiam
1670 852 1805 889 Sotion
1825 864 1872 888 ex
1893 851 2143 902 peripatetica
2163 849 2372 901 disciplina
2401 851 2465 888 vir

1421 912 1524 949 haud
1540 924 1631 949 saue
1647 910 1846 960 ignobilis,
1863 910 1910 947 de
1921 923 1998 960 quo
2009 909 2276 947 videGellium
2292 908 2363 947 lib.
2379 908 2411 956 l,
2425 911 2463 947 8.

1474 970 1598 1007 Porro
1636 969 1786 1007 Nerone
1819 969 1866 1007 ad
1909 969 2064 1020 imperii
2102 968 2298 1018 fastigium
2333 977 2467 1006 evecto

1421 1087 1638 1138 symbolica
1657 1101 1908 1126 numerorum
1929 1087 2091 1125 scientia
2119 1086 2306 1124 tradenda
2341 1085 2464 1124 incla-

1421 1148 1501 1185 ruit
1537 1147 1851 1198 discipulumque
1887 1156 2021 1184 nactus
2055 1155 2112 1184 est
2151 1145 2312 1184 Lucium
2347 1145 2463 1183 Etru-

1421 1219 1526 1243 scum
1548 1206 1668 1258 (218).
1689 1206 1817 1252 Quum
1844 1215 1969 1244 autem
1987 1206 2119 1244 eadem
2145 1213 2254 1242 aetate
2277 1205 2468 1243 exstiterit

1420 1264 1461 1301 L.
1482 1264 1612 1303 Julius
1633 1265 1853 1304 Moderatus
1880 1265 2116 1312 Columella,
2138 1265 2195 1302 rei
2214 1263 2370 1307 rusticae
2399 1277 2466 1302 au-

1421 1331 1505 1360 ctor
1526 1324 1692 1372 latinus,
1728 1323 1942 1362 Gaditanus
1974 1324 2118 1374 etipse
2145 1336 2154 1362 ε
2185 1322 2289 1361 haud
2317 1321 2467 1373 injuria

1421 1382 1501 1420 viri
1519 1383 1620 1421 docti
1647 1397 1668 1421 e
1687 1383 1809 1421 variis
1837 1382 1954 1433 hujus
1989 1382 2193 1433 scriptoris
2227 1381 2324 1419 locis
2354 1381 2464 1420 velut

1424 1439 1469 1487 V,
1492 1441 1528 1480 5.
1550 1441 1636 1489 VII,
1667 1456 1703 1481 2.
1724 1440 1830 1488 VIII,
1857 1443 1917 1480 16.
1938 1440 1988 1488 X,
2007 1454 2046 1480 v.
2073 1441 2143 1478 185
2171 1439 2461 1488 concluserunt,

1420 1512 1506 1537 eum
1529 1499 1578 1537 ab
1606 1501 1726 1539 altero
1753 1501 1823 1538 illo
1853 1500 2050 1538 diversum
2077 1512 2185 1546 esse,
2208 1499 2300 1537 licet
2327 1498 2465 1538 hocin

1420 1571 1607 1610 suspenso
1647 1561 1843 1611 relinquat
1873 1559 1961 1598 Nic.
1997 1559 2190 1597 Antonius
2224 1557 2326 1598 Bibl.
2358 1567 2466 1598 vete-

1419 1618 1473 1656 iis
1498 1619 1604 1687 Hisp..
1631 1619 1698 1657 lib.
1722 1620 1843 1670 lcap.
1880 1620 1917 1656 5.
1950 1618 2061 1656 Adde
2089 1610 2195 1669 quod
2216 1617 2466 1669 Pythagorici

1419 1679 1462 1716 in
1486 1679 1621 1728 graecis
1647 1679 1857 1729 latinisque
1885 1679 2100 1716 litterarum
2129 1678 2388 1716 monumentis
2413 1679 2468 1716 ita

1419 1750 1572 1788 semper
1606 1739 1752 1776 mentio
1786 1738 1846 1784 fit,
1879 1747 1922 1775 ut
1954 1737 2184 1788 simpliciter
2220 1736 2462 1784 Moderatus,

1385 1827 1388 1839 .
1419 1810 1616 1848 nunquam
1653 1790 1873 1835 Moderatus
1905 1796 2119 1834 Columella
2149 1796 2376 1848 appelletur.
2410 1797 2468 1835 De

1418 1857 1574 1907 placitis
1602 1866 1712 1896 sectae
1749 1854 1827 1896 suae
1862 1856 2127 1907 composuisse
2159 1869 2246 1893 eum
2276 1855 2311 1894 X
2341 1855 2467 1895 libros

1418 1919 1615 1956 memoriae
1631 1917 1764 1970 prodit
1779 1916 2023 1966 Porphyrius
2039 1915 2110 1954 vit.
2128 1914 2288 1966 Pythag.
2309 1928 2396 1966 pag.
2417 1915 2464 1952 33

1417 1978 1479 2018 ed.
1495 1977 1637 2016 Nauck.
1656 1975 1760 2028 (219)
1777 1977 1857 2015 sive
1872 1975 1996 2013 libros
2013 1974 2040 2012 V
2058 1976 2310 2027 Πυθαγορικῶν
2329 1976 2467 2028 σχολῶν

1460 2129 1546 2170 (217)
1563 2129 1657 2170 Apud
1670 2129 1853 2168 syncellum
1867 2137 1899 2169 p.
1919 2132 1978 2161 318
1998 2128 2051 2160 nbi
2072 2128 2156 2160 male
2175 2127 2331 2168 scriptum
2345 2127 2468 2160 iuveni-

1416 2178 1470 2209 tur
1484 2177 1594 2209 Σιτίων
1616 2176 1833 2217 reponendum
1852 2175 1990 2208 Σωτίων.
2019 2193 2060 2199 --
2079 2175 2166 2217 (218)
2189 2177 2236 2208 De
2253 2176 2314 2207 hoc
2335 2176 2464 2208 Plutar-

1417 2224 1496 2256 chus
1514 2224 1569 2256 tib.
1589 2225 1664 2256 Vlll
1678 2224 1859 2261 Quaestion.
1880 2223 2019 2256 Conviv.
2043 2232 2116 2263 cap.
2136 2226 2153 2255 7
2170 2223 2214 2255 ita
2232 2222 2368 2256 scribit:
2385 2223 2465 2256 Σύλ-

1415 2275 1469 2310 λας
1493 2274 1534 2309 εἰς
1555 2273 1680 2312 Ῥώμην
1706 2272 1882 2313 ἀφικομένῳ
1904 2282 1956 2312 μοι
1977 2271 2028 2302 διὰ
2044 2270 2176 2312 χρόνου,
2200 2269 2237 2302 τὸ
2256 2270 2462 2302 ὑποδεκτικὸν

1417 2322 1481 2358 (ὡς
1498 2321 1648 2362 Ῥωμαῖοι
1673 2320 1822 2358 καλοῦσι)
1839 2318 2046 2358 καταγγείλας
2063 2318 2204 2358 δεῖπνον,
2222 2317 2332 2354 ἄλλους
2353 2328 2387 2350 τε
2401 2321 2465 2350 τῶν

1416 2368 1545 2410 ἑταίρων
1561 2368 1733 2409 παρέλαθεν
1759 2367 1795 2398 οὐ
1813 2367 1942 2403 πολλοὺς
1954 2391 1961 2404 ,
1980 2367 2032 2397 καὶ
2059 2366 2274 2408 Μοδεράτο
2285 2376 2304 2397 υ
2324 2366 2393 2397 τινὰ
2408 2369 2465 2398 τοῦ

1416 2418 1633 2456 Πυθαγορικοῦ
1663 2415 1824 2454 μαθητήν,
1850 2413 1949 2454 ὄνομα
1978 2413 2159 2444 Λεύκιον
2191 2413 2254 2445 ἀπὸ
2278 2412 2462 2455 Τυῤῥηνίας.

1417 2463 1516 2499 Οὗτος
1535 2462 1588 2494 οὖν
1610 2465 1691 2503 ὁρῶν
1711 2463 1837 2494 Φιλῖνον
1854 2462 1907 2493 τὸν
1924 2461 2071 2501 ἡμέτερον
2087 2459 2237 2501 ἐμψύχων
2256 2459 2465 2501 ἀπεχόμενον,

1401 2512 1481 2543 -οἷον
1498 2511 1597 2551 εἰκός,
1609 2512 1650 2547 εἰς
1666 2509 1735 2546 τοὺς
1754 2508 1935 2550 Πυθαγόρου
1953 2507 2062 2547 λόγους
2077 2507 2219 2548 προήχθη
2235 2507 2288 2538 καὶ
2307 2506 2466 2549 Τυρῤηνὸν

1416 2559 1580 2599 ἀπέφηνεν,
1598 2558 1634 2590 οὐ
1654 2557 1816 2611 πατρόθεν,
1844 2557 1950 2597 ὥσπερ
1972 2554 2071 2596 ἕτεροί
2090 2565 2189 2592 τινες,
2218 2553 2285 2585 ἀλλ’
2313 2554 2407 2585 αὐτὸν
2434 2554 2466 2585 ἐν

1415 2606 1570 2648 Τυῤῥηνίᾳ
1590 2606 1643 2637 καὶ
1660 2605 1815 2645 γεγονέναι
1834 2605 1886 2635 καὶ
1903 2602 2013 2644 τετράρ
1997 2604 2082 2641 ρ,θαι
2102 2602 2154 2633 καὶ
2170 2601 2394 2634 πεπαιδεῦσθαι
2411 2601 2466 2632 τὸν

1415 2653 1613 2695 Πυθαγόραν·
1633 2650 1868 2693 ἰσχυριζόμενος
1885 2650 1944 2691 οὐχ
1971 2651 2024 2681 rim
2027 2660 2087 2680 στα
2107 2651 2170 2684 τοῖς
2187 2645 2374 2704 συμὸὁλοις,
2399 2645 2466 2679 οἷόν

1415 2702 1481 2733 ἐστι
1498 2701 1551 2731 καὶ
1567 2701 1602 2732 τὸ
1615 2699 1830 2739 συνταράττειν
1847 2697 2039 2732 ἀναστάντας
2060 2696 2090 2732 ἐξ
2106 2695 2194 2733 εὐνῆς
2208 2694 2249 2726 τὰ
2269 2693 2441 2734 στρώματα
2452 2718 2464 2735 ,

1415 2749 1467 2779 καὶ
1495 2747 1607 2789 χύτρας
1634 2745 1731 2777 τύπον
1756 2744 1897 2785 ἀρθείσης
1930 2744 1961 2775 ἐν
1988 2744 2098 2784 σποδῷ
2129 2742 2170 2783 μὴ
2195 2742 2367 2778 ἀπολιπεῖν,
2387 2740 2465 2773 ἀλλὰ

1415 2799 1562 2836 συγχεῖν,
1578 2793 1632 2825 καὶ
1646 2791 1806 2834 χελιδόνας
1821 2791 1906 2831 οἰκίᾳ
1923 2792 1966 2831 μὴ
1977 2792 2009 2822 δε
2004 2793 2141 2847 χεσθοιι,
2165 2789 2242 2829 μηδὲ
2255 2787 2350 2830 σάρον
2364 2788 2460 2829 ὑπερ·

1415 2841 1542 2882 δαίνειν,
1559 2842 1635 2882 μηδὲ
1653 2839 1866 2881 γαμψώνυχον
1883 2838 1963 2870 οἶκοι
1981 2839 2108 2880 τρέφειν·
2134 2840 2231 2870 ταῦτα
2251 2835 2311 2878 γὰρ
2329 2836 2386 2874 ἔφη
2402 2838 2464 2867 τῶν

1417 2891 1641 2931 Πυθαγορικῶν
1658 2889 1810 2928 λεγόντων
1830 2887 1882 2918 καὶ
1900 2885 2091 2926 γραφόντων,
2111 2885 2222 2925 μόνους
2243 2883 2325 2925 ἔργῳ
2344 2882 2466 2924 Τυῤῥη-

1414 2937 1483 2973 νοὺς
1509 2937 1737 2974 ἐξευλαὸεῖσθαι
1777 2935 1829 2966 καὶ
1870 2934 2044 2974 ῳυλάττειν.
2075 2953 2117 2960 -
2155 2931 2239 2973 (219)
2267 2930 2465 2970 Porphyrius

1417 2985 1475 3016 vit.
1502 2985 1635 3024 Pythag.
1655 2991 1728 3023 pag.
1761 2984 1800 3014 33
1818 2981 1868 3014 ed.
1890 2981 2028 3012 Nauck..
2052 2982 2072 3019 ἡ
2092 2980 2125 3012 δὲ
2144 2979 2213 3020 περὶ
2241 2981 2303 3010 τῶν
2326 2977 2464 3020 ἀριθμῶν

1400 3032 1632 3072 ·πραγματεία,
1647 3033 1689 3067 ὡς
1706 3030 1792 3061 ἀλλοι
1811 3039 1844 3060 τε
1858 3030 1932 3069 φασὶ
1952 3029 2005 3060 καὶ
2019 3028 2194 3068 Μοδὲρατος
2214 3026 2232 3057 ὁ
2247 3025 2283 3057 ἐκ
2308 3023 2463 3064 Γαδείρων

1414 3078 1496 3109 πάνυ
1527 3082 1648 3111 συνετῶ
1651 3079 1713 3114 ςέν
1732 3079 1808 3109 δέκα
1837 3076 1964 3117 βιὸὶίοις
1985 3075 2170 3115 συναγαγὼν
2190 3072 2226 3105 τὸ
2246 3071 2378 3114 ἀρέσκον
2401 3073 2464 3106 τοῖς

1382 3126 1384 3130 ”
1415 3126 1469 3156 ἀνο
1457 3127 1542 3167 ἶράσι
1561 3127 1612 3158 διὰ
1632 3129 1724 3158 τοῦτο
1741 3123 1953 3161 ἐσπουδάσθη.
1971 3123 2024 3160 Μὴ
2041 3121 2203 3161 δυνάμενοι
2223 3119 2300 3161 γάρ,
2315 3117 2403 3160 φησί,
2424 3118 2464 3149 τὰ

1382 3179 1384 3193 ¹
1414 3179 1521 3214 πρῶτα
1541 3175 1606 3212 εἴδη
1635 3173 1759 3209 καὶτὰς
1785 3172 1909 3213 πρώτας
1937 3169 2033 3227 ἀρχὰς
2059 3171 2164 3208 σαφῶς
2182 3169 2228 3208 τῷ
2246 3165 2332 3207 λόγῳ
2356 3175 2461 3205 παρα·

1415 3222 1521 3253 δοῦναι
1541 3222 1592 3253 διά
1611 3233 1644 3252 τε
1663 3221 1699 3252 τὸ
1721 3218 1962 3259 δυσπερινόητον
1979 3217 2081 3248 αὐτῶν
2102 3216 2155 3247 καὶ
2172 3214 2382 3251 δυσέξοιστον,
2401 3223 2462 3244 πα-

1414 3269 1571 3308 ρεγένοντο
1593 3269 1643 3300 ἐπὶ
1661 3267 1732 3303 τοὺς
1749 3264 1901 3306 ἀριθμοὺς
1913 3264 2052 3304 εὐσήμου
2077 3261 2278 3296 διδασκαλίας
2301 3259 2391 3300 χάριν
2409 3269 2463 3298 μι-

1415 3315 1587 3355 μησάμενοι
1603 3326 1674 3351 τους
1696 3313 1870 3354 γεωμέτρας
1899 3311 1952 3342 καὶ
1974 3310 2044 3346 τοὺς
2066 3307 2313 3366 γραμματιστὰς,
2329 3307 2385 3342 Ὡς
2403 3306 2462 3346 γὰρ

1414 3361 1518 3402 οὗτοι,
1537 3365 1591 3399 τὰς
1612 3362 1755 3402 δυνάμεις
1773 3363 1836 3391 τῶν
1859 3357 2024 3398 στοιχείων
2048 3357 2101 3387 καὶ
2126 3356 2205 3387 αὐτὰ
2231 3358 2329 3385 ταῦτα
2346 3352 2460 3394 βουλό-

1414 3419 1499 3448 μενοι
1513 3410 1715 3451 παραδοῦναι,
1728 3406 1931 3447 παρεγένοντο
1950 3405 1999 3435 ἐπὶ
2016 3404 2087 3439 τοὺς
2099 3405 2317 3444 χαρακτῆρας,
2334 3400 2461 3434 τούτους

1413 3455 1446 3486 λέ
1432 3466 1492 3494 εγο
1493 3467 1550 3492 τες
1575 3458 1616 3492 ὡς
1644 3455 1719 3496 πρὸς
1737 3455 1792 3492 τὴν
1816 3452 1941 3494 πρώτην
1968 3450 2169 3482 διδασκαλίαν
2194 3450 2337 3488 στοιχεῖα
2363 3447 2461 3489 εἶναι,
