<?xml version="1.0" encoding="UTF-8"?>
<!DOCTYPE html PUBLIC "-//W3C//DTD XHTML 1.0 Transitional//EN"
    "http://www.w3.org/TR/xhtml1/DTD/xhtml1-transitional.dtd">
<html xmlns="http://www.w3.org/1999/xhtml" xml:lang="en" lang="en">
 <head>
  <title>
</title>
<meta http-equiv="Content-Type" content="text/html;charset=utf-8" />
  <meta name='ocr-system' content='tesseract 3.04.00' />
  <meta name='ocr-capabilities' content='ocr_page ocr_carea ocr_par ocr_line ocrx_word'/>
</head>
<body>
  <div class='ocr_page' id='page_1' title='image "./fragmentaphiloso02mulluoft_0448.png"; bbox 0 0 2606 3828; ppageno 0'>
   <div class='ocr_carea' id='block_1_1' title="bbox 345 243 422 277">
    <p class='ocr_par' dir='ltr' id='par_1_1' title="bbox 345 243 422 277">
     <span class='ocr_line' id='line_1_1' title="bbox 345 243 422 277; baseline 0.026 -2"><span class='ocrx_word' id='word_1_1' title='bbox 345 243 422 277; x_wconf 78' lang='lat'>340</span> 
     </span>
    </p>
   </div>
   <div class='ocr_carea' id='block_1_2' title="bbox 318 326 1383 2086">
    <p class='ocr_par' dir='ltr' id='par_1_2' title="bbox 339 326 1383 497">
     <span class='ocr_line' id='line_1_2' title="bbox 340 326 1382 380; baseline 0.003 -17"><span class='ocrx_word' id='word_1_2' title='bbox 340 326 506 366; x_wconf 89' lang='lat' dir='ltr'>lectione</span> <span class='ocrx_word' id='word_1_3' title='bbox 521 326 665 380; x_wconf 78' lang='grc' dir='ltr'>γράφειν</span> <span class='ocrx_word' id='word_1_4' title='bbox 685 328 732 371; x_wconf 87' lang='grc' dir='ltr'>εἰς</span> <span class='ocrx_word' id='word_1_5' title='bbox 751 326 803 367; x_wconf 86' lang='grc' dir='ltr'>σὲ.</span> <span class='ocrx_word' id='word_1_6' title='bbox 820 327 877 367; x_wconf 89' lang='lat' dir='ltr'>Cf.</span> <span class='ocrx_word' id='word_1_7' title='bbox 893 327 1046 375; x_wconf 81' lang='lat' dir='ltr'>Pslugk.</span> <span class='ocrx_word' id='word_1_8' title='bbox 1064 326 1192 366; x_wconf 87' lang='lat' dir='ltr'>sched.</span> <span class='ocrx_word' id='word_1_9' title='bbox 1207 340 1263 367; x_wconf 85' lang='lat' dir='ltr'>cr.</span> <span class='ocrx_word' id='word_1_10' title='bbox 1278 340 1316 378; x_wconf 90' lang='lat' dir='ltr'>p.</span> <span class='ocrx_word' id='word_1_11' title='bbox 1333 329 1382 366; x_wconf 81' lang='lat'>28</span> 
     </span>
     <span class='ocr_line' id='line_1_3' title="bbox 339 386 1383 438; baseline 0.004 -15"><span class='ocrx_word' id='word_1_12' title='bbox 339 394 377 423; x_wconf 88' lang='lat' dir='ltr'>et</span> <span class='ocrx_word' id='word_1_13' title='bbox 405 386 541 427; x_wconf 87' lang='lat' dir='ltr'><strong>Cobet.</strong></span> <span class='ocrx_word' id='word_1_14' title='bbox 570 401 653 427; x_wconf 86' lang='lat' dir='ltr'>var.</span> <span class='ocrx_word' id='word_1_15' title='bbox 680 388 766 427; x_wconf 88' lang='lat' dir='ltr'>lect.</span> <span class='ocrx_word' id='word_1_16' title='bbox 792 402 830 438; x_wconf 90' lang='lat' dir='ltr'>p.</span> <span class='ocrx_word' id='word_1_17' title='bbox 848 387 940 425; x_wconf 80' lang='lat'>205.</span> <span class='ocrx_word' id='word_1_18' title='bbox 961 386 1026 424; x_wconf 83' lang='lat' dir='ltr'>Est</span> <span class='ocrx_word' id='word_1_19' title='bbox 1043 395 1168 424; x_wconf 84' lang='lat' dir='ltr'>autem</span> <span class='ocrx_word' id='word_1_20' title='bbox 1189 387 1383 427; x_wconf 88' lang='lat' dir='ltr'>Philiscus</span> 
     </span>
     <span class='ocr_line' id='line_1_4' title="bbox 339 444 874 497; baseline 0.004 -14"><span class='ocrx_word' id='word_1_21' title='bbox 339 444 414 484; x_wconf 91' lang='lat' dir='ltr'>hoc</span> <span class='ocrx_word' id='word_1_22' title='bbox 438 446 524 485; x_wconf 93' lang='lat' dir='ltr'>loco</span> <span class='ocrx_word' id='word_1_23' title='bbox 543 447 685 485; x_wconf 77' lang='lat' dir='ltr'>sutoris</span> <span class='ocrx_word' id='word_1_24' title='bbox 705 448 874 497; x_wconf 87' lang='lat' dir='ltr'>nomen.)</span> 
     </span>
    </p>

    <p class='ocr_par' dir='ltr' id='par_1_3' title="bbox 329 502 1382 1086">
     <span class='ocr_line' id='line_1_5' title="bbox 391 502 1382 557; baseline 0 -14"><span class='ocrx_word' id='word_1_25' title='bbox 391 517 440 543; x_wconf 79' lang='lat'>48.</span> <span class='ocrx_word' id='word_1_26' title='bbox 471 504 535 544; x_wconf 76' lang='grc' dir='ltr'>Διὸ</span> <span class='ocrx_word' id='word_1_27' title='bbox 553 505 612 544; x_wconf 74' lang='grc' dir='ltr'>καὶ</span> <span class='ocrx_word' id='word_1_28' title='bbox 631 507 648 543; x_wconf 87' lang='grc' dir='ltr'>ὁ</span> <span class='ocrx_word' id='word_1_29' title='bbox 667 504 810 557; x_wconf 84' lang='grc' dir='ltr'>Κράτης</span> <span class='ocrx_word' id='word_1_30' title='bbox 824 503 909 556; x_wconf 76' lang='grc' dir='ltr'>πρὸς</span> <span class='ocrx_word' id='word_1_31' title='bbox 924 503 982 542; x_wconf 82' lang='grc' dir='ltr'>τὸν</span> <span class='ocrx_word' id='word_1_32' title='bbox 1003 506 1231 552; x_wconf 76' lang='grc' dir='ltr'>ἐπιζητοῦντα</span> <span class='ocrx_word' id='word_1_33' title='bbox 1243 535 1253 554; x_wconf 94' lang='grc'>,</span> <span class='ocrx_word' id='word_1_34' title='bbox 1272 506 1308 545; x_wconf 90' lang='grc' dir='ltr'>τί</span> <span class='ocrx_word' id='word_1_35' title='bbox 1324 502 1382 546; x_wconf 73' lang='grc' dir='ltr'>οὖν</span> 
     </span>
     <span class='ocr_line' id='line_1_6' title="bbox 338 562 1379 617; baseline 0.004 -16"><span class='ocrx_word' id='word_1_36' title='bbox 338 577 398 612; x_wconf 87' lang='grc' dir='ltr'>μοι</span> <span class='ocrx_word' id='word_1_37' title='bbox 414 562 816 616; x_wconf 70' lang='grc' dir='ltr'>ἔσταιφιλοσοφήσαντι,</span> <span class='ocrx_word' id='word_1_38' title='bbox 832 562 985 614; x_wconf 78' lang='grc' dir='ltr'>Δυνήσῃ,</span> <span class='ocrx_word' id='word_1_39' title='bbox 1004 563 1104 616; x_wconf 87' lang='grc' dir='ltr'>φησί,</span> <span class='ocrx_word' id='word_1_40' title='bbox 1122 563 1160 602; x_wconf 79' lang='grc' dir='ltr'>τὸ</span> <span class='ocrx_word' id='word_1_41' title='bbox 1181 565 1379 617; x_wconf 81' lang='grc' dir='ltr'>φασκώλιον</span> 
     </span>
     <span class='ocr_line' id='line_1_7' title="bbox 338 620 1380 673; baseline 0.004 -14"><span class='ocrx_word' id='word_1_42' title='bbox 338 621 465 673; x_wconf 75' lang='grc' dir='ltr'>ῥᾳδίως</span> <span class='ocrx_word' id='word_1_43' title='bbox 486 623 612 669; x_wconf 79' lang='grc' dir='ltr'>λῦσαι,</span> <span class='ocrx_word' id='word_1_44' title='bbox 632 622 691 659; x_wconf 86' lang='grc' dir='ltr'>καὶ</span> <span class='ocrx_word' id='word_1_45' title='bbox 719 624 762 672; x_wconf 80' lang='grc' dir='ltr'>τῇ</span> <span class='ocrx_word' id='word_1_46' title='bbox 791 622 882 673; x_wconf 73' lang='grc' dir='ltr'>χειρὶ</span> <span class='ocrx_word' id='word_1_47' title='bbox 911 620 1033 666; x_wconf 80' lang='grc' dir='ltr'>ἐξελὼν</span> <span class='ocrx_word' id='word_1_48' title='bbox 1063 622 1213 667; x_wconf 82' lang='grc' dir='ltr'>εὐλύτως</span> <span class='ocrx_word' id='word_1_49' title='bbox 1244 625 1380 672; x_wconf 75' lang='grc' dir='ltr'>δοῦναι,</span> 
     </span>
     <span class='ocr_line' id='line_1_8' title="bbox 335 679 1377 734; baseline 0.003 -17"><span class='ocrx_word' id='word_1_50' title='bbox 335 679 395 717; x_wconf 80' lang='grc' dir='ltr'>καὶ</span> <span class='ocrx_word' id='word_1_51' title='bbox 415 681 493 732; x_wconf 83' lang='grc' dir='ltr'>οὐχὶ</span> <span class='ocrx_word' id='word_1_52' title='bbox 514 680 631 731; x_wconf 85' lang='grc' dir='ltr'>ὥσπερ</span> <span class='ocrx_word' id='word_1_53' title='bbox 648 683 707 717; x_wconf 78' lang='grc' dir='ltr'>νῦν</span> <span class='ocrx_word' id='word_1_54' title='bbox 724 680 879 732; x_wconf 80' lang='grc' dir='ltr'>στρέφων</span> <span class='ocrx_word' id='word_1_55' title='bbox 898 679 956 718; x_wconf 77' lang='grc' dir='ltr'>καὶ</span> <span class='ocrx_word' id='word_1_56' title='bbox 975 681 1111 730; x_wconf 84' lang='grc' dir='ltr'>μέλλων</span> <span class='ocrx_word' id='word_1_57' title='bbox 1137 682 1197 719; x_wconf 79' lang='grc' dir='ltr'>καὶ</span> <span class='ocrx_word' id='word_1_58' title='bbox 1224 682 1377 734; x_wconf 88' lang='grc' dir='ltr'>τρέμων,</span> 
     </span>
     <span class='ocr_line' id='line_1_9' title="bbox 335 737 1379 794; baseline 0.004 -18"><span class='ocrx_word' id='word_1_59' title='bbox 335 737 454 790; x_wconf 82' lang='grc' dir='ltr'>ὥσπερ</span> <span class='ocrx_word' id='word_1_60' title='bbox 475 741 507 777; x_wconf 80' lang='grc' dir='ltr'>οἱ</span> <span class='ocrx_word' id='word_1_61' title='bbox 524 739 801 790; x_wconf 81' lang='grc' dir='ltr'>παραλελυμένοι</span> <span class='ocrx_word' id='word_1_62' title='bbox 821 739 882 782; x_wconf 87' lang='grc' dir='ltr'>τὰς</span> <span class='ocrx_word' id='word_1_63' title='bbox 902 744 1040 792; x_wconf 86' lang='grc' dir='ltr'>χεῖρας·</span> <span class='ocrx_word' id='word_1_64' title='bbox 1061 740 1152 778; x_wconf 83' lang='grc' dir='ltr'>ἀλλὰ</span> <span class='ocrx_word' id='word_1_65' title='bbox 1172 740 1231 779; x_wconf 83' lang='grc' dir='ltr'>καὶ</span> <span class='ocrx_word' id='word_1_66' title='bbox 1248 742 1379 794; x_wconf 78' lang='grc' dir='ltr'>πλῆρες</span> 
     </span>
     <span class='ocr_line' id='line_1_10' title="bbox 333 795 1378 853; baseline 0.005 -19"><span class='ocrx_word' id='word_1_67' title='bbox 333 795 371 834; x_wconf 82' lang='grc' dir='ltr'>ὂν</span> <span class='ocrx_word' id='word_1_68' title='bbox 391 797 473 836; x_wconf 82' lang='grc' dir='ltr'>αὐτὸ</span> <span class='ocrx_word' id='word_1_69' title='bbox 495 796 600 840; x_wconf 80' lang='grc' dir='ltr'>οὕτως</span> <span class='ocrx_word' id='word_1_70' title='bbox 617 797 708 850; x_wconf 83' lang='grc' dir='ltr'>ὄψει,</span> <span class='ocrx_word' id='word_1_71' title='bbox 736 798 795 835; x_wconf 86' lang='grc' dir='ltr'>καὶ</span> <span class='ocrx_word' id='word_1_72' title='bbox 815 799 1021 849; x_wconf 81' lang='grc' dir='ltr'>κενούμενον</span> <span class='ocrx_word' id='word_1_73' title='bbox 1042 797 1123 838; x_wconf 79' lang='grc' dir='ltr'>ἰδὼν</span> <span class='ocrx_word' id='word_1_74' title='bbox 1138 800 1200 838; x_wconf 87' lang='grc' dir='ltr'>οὖκ</span> <span class='ocrx_word' id='word_1_75' title='bbox 1213 801 1378 853; x_wconf 80' lang='grc' dir='ltr'>ὂδυνήσῃ,</span> 
     </span>
     <span class='ocr_line' id='line_1_11' title="bbox 332 855 1377 912; baseline 0.005 -19"><span class='ocrx_word' id='word_1_76' title='bbox 332 855 391 893; x_wconf 77' lang='grc' dir='ltr'>καὶ</span> <span class='ocrx_word' id='word_1_77' title='bbox 411 859 562 909; x_wconf 81' lang='grc' dir='ltr'>χρῆσθαι</span> <span class='ocrx_word' id='word_1_78' title='bbox 586 855 818 908; x_wconf 84' lang='grc' dir='ltr'>προελόμενος</span> <span class='ocrx_word' id='word_1_79' title='bbox 839 857 965 910; x_wconf 77' lang='grc' dir='ltr'>ῥᾳδίως</span> <span class='ocrx_word' id='word_1_80' title='bbox 984 857 1129 910; x_wconf 81' lang='grc' dir='ltr'>δυνήσῃ,</span> <span class='ocrx_word' id='word_1_81' title='bbox 1142 858 1202 896; x_wconf 84' lang='grc' dir='ltr'>καὶ</span> <span class='ocrx_word' id='word_1_82' title='bbox 1219 858 1269 908; x_wconf 76' lang='grc' dir='ltr'>μὴ</span> <span class='ocrx_word' id='word_1_83' title='bbox 1287 859 1377 912; x_wconf 85' lang='grc' dir='ltr'>ἔχων</span> 
     </span>
     <span class='ocr_line' id='line_1_12' title="bbox 331 915 1376 971; baseline 0.004 -19"><span class='ocrx_word' id='word_1_84' title='bbox 331 917 392 952; x_wconf 79' lang='grc' dir='ltr'>οὐκ</span> <span class='ocrx_word' id='word_1_85' title='bbox 407 915 647 962; x_wconf 79' lang='grc' dir='ltr'>ἐπιποθήσεις,</span> <span class='ocrx_word' id='word_1_86' title='bbox 663 915 753 952; x_wconf 79' lang='grc' dir='ltr'>ἀλλὰ</span> <span class='ocrx_word' id='word_1_87' title='bbox 772 915 884 967; x_wconf 82' lang='grc' dir='ltr'>βιώσῃ</span> <span class='ocrx_word' id='word_1_88' title='bbox 900 916 1111 968; x_wconf 86' lang='grc' dir='ltr'>ἀρκούμενος</span> <span class='ocrx_word' id='word_1_89' title='bbox 1130 917 1199 961; x_wconf 84' lang='grc' dir='ltr'>τοῖς</span> <span class='ocrx_word' id='word_1_90' title='bbox 1214 921 1376 971; x_wconf 76' lang='grc' dir='ltr'>παροῦσι,</span> 
     </span>
     <span class='ocr_line' id='line_1_13' title="bbox 329 973 1376 1025; baseline 0.006 -15"><span class='ocrx_word' id='word_1_91' title='bbox 329 977 396 1011; x_wconf 82' lang='grc' dir='ltr'>τῶν</span> <span class='ocrx_word' id='word_1_92' title='bbox 417 973 573 1012; x_wconf 85' lang='grc' dir='ltr'>ἀπόντων</span> <span class='ocrx_word' id='word_1_93' title='bbox 587 975 647 1012; x_wconf 82' lang='grc' dir='ltr'>οὐκ</span> <span class='ocrx_word' id='word_1_94' title='bbox 664 975 852 1025; x_wconf 82' lang='grc' dir='ltr'>ἐπιθυμῶν,</span> <span class='ocrx_word' id='word_1_95' title='bbox 865 980 935 1020; x_wconf 89' lang='grc' dir='ltr'>τοῖς</span> <span class='ocrx_word' id='word_1_96' title='bbox 956 975 1216 1023; x_wconf 73' lang='grc' dir='ltr'>συμὸεὸηκόσιν</span> <span class='ocrx_word' id='word_1_97' title='bbox 1238 978 1275 1015; x_wconf 83' lang='grc' dir='ltr'>οὐ</span> <span class='ocrx_word' id='word_1_98' title='bbox 1295 978 1376 1016; x_wconf 88' lang='grc' dir='ltr'>δυσ-</span> 
     </span>
     <span class='ocr_line' id='line_1_14' title="bbox 329 1036 812 1086; baseline 0.008 -17"><span class='ocrx_word' id='word_1_99' title='bbox 329 1036 498 1086; x_wconf 80' lang='grc' dir='ltr'>αρεστῶν.</span> <span class='ocrx_word' id='word_1_100' title='bbox 810 1078 812 1081; x_wconf 49' lang='grc'>,</span> 
     </span>
    </p>

    <p class='ocr_par' dir='ltr' id='par_1_4' title="bbox 328 1091 1376 1204">
     <span class='ocr_line' id='line_1_15' title="bbox 382 1091 1376 1144; baseline 0.005 -14"><span class='ocrx_word' id='word_1_101' title='bbox 382 1092 574 1144; x_wconf 83' lang='lat' dir='ltr'>(Stobaeus</span> <span class='ocrx_word' id='word_1_102' title='bbox 610 1091 742 1130; x_wconf 83' lang='lat' dir='ltr'>Floril.</span> <span class='ocrx_word' id='word_1_103' title='bbox 782 1092 946 1144; x_wconf 87' lang='lat' dir='ltr'>XCVII,</span> <span class='ocrx_word' id='word_1_104' title='bbox 979 1094 1024 1131; x_wconf 83' lang='lat'>31</span> <span class='ocrx_word' id='word_1_105' title='bbox 1059 1096 1098 1133; x_wconf 86' lang='grc' dir='ltr'>ἐκ</span> <span class='ocrx_word' id='word_1_106' title='bbox 1126 1097 1196 1133; x_wconf 85' lang='grc' dir='ltr'>τῶν</span> <span class='ocrx_word' id='word_1_107' title='bbox 1221 1095 1376 1143; x_wconf 83' lang='grc' dir='ltr'>Τέλητος</span> 
     </span>
     <span class='ocr_line' id='line_1_16' title="bbox 328 1151 508 1204; baseline 0.006 -16"><span class='ocrx_word' id='word_1_108' title='bbox 328 1151 508 1204; x_wconf 78' lang='grc' dir='ltr'>ἐπιτομή.)</span> 
     </span>
    </p>

    <p class='ocr_par' dir='ltr' id='par_1_5' title="bbox 318 1210 1374 2086">
     <span class='ocr_line' id='line_1_17' title="bbox 379 1210 1373 1263; baseline 0.004 -15"><span class='ocrx_word' id='word_1_109' title='bbox 379 1223 429 1250; x_wconf 79' lang='lat'>49.</span> <span class='ocrx_word' id='word_1_110' title='bbox 460 1210 522 1250; x_wconf 86' lang='grc' dir='ltr'>Διὸ</span> <span class='ocrx_word' id='word_1_111' title='bbox 541 1211 601 1250; x_wconf 80' lang='grc' dir='ltr'>καὶ</span> <span class='ocrx_word' id='word_1_112' title='bbox 622 1211 651 1249; x_wconf 87' lang='grc' dir='ltr'>εἷ</span> <span class='ocrx_word' id='word_1_113' title='bbox 687 1210 812 1263; x_wconf 85' lang='grc' dir='ltr'>βούλει·</span> <span class='ocrx_word' id='word_1_114' title='bbox 822 1210 880 1249; x_wconf 82' lang='grc' dir='ltr'>τὸν</span> <span class='ocrx_word' id='word_1_115' title='bbox 901 1211 972 1249; x_wconf 79' lang='grc' dir='ltr'>υἱόν</span> <span class='ocrx_word' id='word_1_116' title='bbox 994 1227 1055 1250; x_wconf 93' lang='grc' dir='ltr'>σου</span> <span class='ocrx_word' id='word_1_117' title='bbox 1075 1214 1136 1259; x_wconf 82' lang='grc' dir='ltr'>τ’ἥς</span> <span class='ocrx_word' id='word_1_118' title='bbox 1158 1212 1287 1257; x_wconf 78' lang='grc' dir='ltr'>ἐνδείας</span> <span class='ocrx_word' id='word_1_119' title='bbox 1314 1213 1373 1252; x_wconf 85' lang='grc' dir='ltr'>καὶ</span> 
     </span>
     <span class='ocr_line' id='line_1_18' title="bbox 327 1269 1374 1323; baseline 0.003 -16"><span class='ocrx_word' id='word_1_120' title='bbox 327 1269 485 1314; x_wconf 85' lang='grc' dir='ltr'>σπάνεως</span> <span class='ocrx_word' id='word_1_121' title='bbox 509 1273 668 1320; x_wconf 83' lang='grc' dir='ltr'>παῦσαι,</span> <span class='ocrx_word' id='word_1_122' title='bbox 688 1269 736 1320; x_wconf 87' lang='grc' dir='ltr'>μὴ</span> <span class='ocrx_word' id='word_1_123' title='bbox 758 1269 842 1323; x_wconf 84' lang='grc' dir='ltr'>πρὸς</span> <span class='ocrx_word' id='word_1_124' title='bbox 870 1272 1092 1321; x_wconf 86' lang='grc' dir='ltr'>Πτολεμαῖον</span> <span class='ocrx_word' id='word_1_125' title='bbox 1123 1270 1263 1321; x_wconf 87' lang='grc' dir='ltr'>πέμπε,</span> <span class='ocrx_word' id='word_1_126' title='bbox 1280 1270 1374 1316; x_wconf 77' lang='grc' dir='ltr'>ὅπως</span> 
     </span>
     <span class='ocr_line' id='line_1_19' title="bbox 323 1328 1371 1382; baseline 0.003 -16"><span class='ocrx_word' id='word_1_127' title='bbox 323 1329 493 1382; x_wconf 81' lang='grc' dir='ltr'>χρήματα</span> <span class='ocrx_word' id='word_1_128' title='bbox 515 1331 702 1376; x_wconf 81' lang='grc' dir='ltr'>κτήσεται·</span> <span class='ocrx_word' id='word_1_129' title='bbox 725 1331 755 1367; x_wconf 87' lang='grc' dir='ltr'>εἰ</span> <span class='ocrx_word' id='word_1_130' title='bbox 777 1328 813 1368; x_wconf 85' lang='grc' dir='ltr'>δὲ</span> <span class='ocrx_word' id='word_1_131' title='bbox 834 1329 883 1379; x_wconf 79' lang='grc' dir='ltr'>μή</span> <span class='ocrx_word' id='word_1_132' title='bbox 897 1359 906 1376; x_wconf 92' lang='grc'>,</span> <span class='ocrx_word' id='word_1_133' title='bbox 928 1328 1130 1375; x_wconf 85' lang='grc' dir='ltr'>ἀλαζονείαν</span> <span class='ocrx_word' id='word_1_134' title='bbox 1160 1330 1371 1382; x_wconf 72' lang='grc' dir='ltr'>προσλαὸὼν</span> 
     </span>
     <span class='ocr_line' id='line_1_20' title="bbox 326 1387 1371 1439; baseline 0 -13"><span class='ocrx_word' id='word_1_135' title='bbox 326 1387 578 1436; x_wconf 81' lang='grc' dir='ltr'>ἀπελεύσεται,</span> <span class='ocrx_word' id='word_1_136' title='bbox 601 1393 742 1439; x_wconf 90' lang='grc' dir='ltr'>περανεῖ</span> <span class='ocrx_word' id='word_1_137' title='bbox 770 1388 805 1426; x_wconf 78' lang='grc' dir='ltr'>δὲ</span> <span class='ocrx_word' id='word_1_138' title='bbox 835 1388 945 1427; x_wconf 81' lang='grc' dir='ltr'>οὐδέν·</span> <span class='ocrx_word' id='word_1_139' title='bbox 964 1387 1040 1427; x_wconf 86' lang='grc' dir='ltr'>ἀλλ’</span> <span class='ocrx_word' id='word_1_140' title='bbox 1058 1391 1107 1431; x_wconf 88' lang='grc' dir='ltr'>εἰς</span> <span class='ocrx_word' id='word_1_141' title='bbox 1136 1387 1371 1437; x_wconf 81' lang='grc' dir='ltr'>Ἀκαδήμειαν</span> 
     </span>
     <span class='ocr_line' id='line_1_21' title="bbox 325 1445 1371 1500; baseline 0.003 -17"><span class='ocrx_word' id='word_1_142' title='bbox 325 1445 407 1498; x_wconf 76' lang='grc' dir='ltr'>πρὸς</span> <span class='ocrx_word' id='word_1_143' title='bbox 429 1447 619 1500; x_wconf 84' lang='grc' dir='ltr'>Κράτητα·</span> <span class='ocrx_word' id='word_1_144' title='bbox 636 1449 762 1491; x_wconf 82' lang='grc' dir='ltr'>ἐκεῖνος</span> <span class='ocrx_word' id='word_1_145' title='bbox 781 1446 930 1494; x_wconf 85' lang='grc' dir='ltr'>ἠδύνατο</span> <span class='ocrx_word' id='word_1_146' title='bbox 951 1446 985 1492; x_wconf 80' lang='grc' dir='ltr'>ἐξ</span> <span class='ocrx_word' id='word_1_147' title='bbox 1006 1446 1196 1494; x_wconf 82' lang='grc' dir='ltr'>ἀπλήστων</span> <span class='ocrx_word' id='word_1_148' title='bbox 1223 1448 1283 1486; x_wconf 84' lang='grc' dir='ltr'>καὶ</span> <span class='ocrx_word' id='word_1_149' title='bbox 1307 1463 1371 1486; x_wconf 86' lang='grc' dir='ltr'>πο-</span> 
     </span>
     <span class='ocr_line' id='line_1_22' title="bbox 323 1505 1370 1560; baseline 0.001 -18"><span class='ocrx_word' id='word_1_150' title='bbox 323 1505 476 1544; x_wconf 89' lang='grc' dir='ltr'>λυτελῶν</span> <span class='ocrx_word' id='word_1_151' title='bbox 497 1506 706 1560; x_wconf 82' lang='grc' dir='ltr'>ἐλευθερίους</span> <span class='ocrx_word' id='word_1_152' title='bbox 722 1506 782 1544; x_wconf 74' lang='grc' dir='ltr'>καὶ</span> <span class='ocrx_word' id='word_1_153' title='bbox 800 1508 938 1559; x_wconf 79' lang='grc' dir='ltr'>ἀφελεῖς</span> <span class='ocrx_word' id='word_1_154' title='bbox 955 1506 1240 1551; x_wconf 86' lang='grc' dir='ltr'>κατασκευάζειν.</span> <span class='ocrx_word' id='word_1_155' title='bbox 1299 1506 1370 1545; x_wconf 81' lang='grc' dir='ltr'>Καὶ</span> 
     </span>
     <span class='ocr_line' id='line_1_23' title="bbox 324 1564 1370 1619; baseline 0 -16"><span class='ocrx_word' id='word_1_156' title='bbox 324 1566 537 1616; x_wconf 79' lang='grc' dir='ltr'>Μητροκλῆς</span> <span class='ocrx_word' id='word_1_157' title='bbox 556 1566 592 1604; x_wconf 83' lang='grc' dir='ltr'>δὲ</span> <span class='ocrx_word' id='word_1_158' title='bbox 624 1566 751 1610; x_wconf 82' lang='grc' dir='ltr'>ἐκεῖνος</span> <span class='ocrx_word' id='word_1_159' title='bbox 771 1564 859 1619; x_wconf 65' lang='grc' dir='ltr'>ἔφη,</span> <span class='ocrx_word' id='word_1_160' title='bbox 883 1567 928 1609; x_wconf 82' lang='grc' dir='ltr'>ὡς</span> <span class='ocrx_word' id='word_1_161' title='bbox 955 1565 1077 1611; x_wconf 87' lang='grc' dir='ltr'>ἔοικεν,</span> <span class='ocrx_word' id='word_1_162' title='bbox 1094 1564 1151 1604; x_wconf 80' lang='grc' dir='ltr'>ὅτε</span> <span class='ocrx_word' id='word_1_163' title='bbox 1179 1564 1242 1614; x_wconf 81' lang='grc' dir='ltr'>μὲν</span> <span class='ocrx_word' id='word_1_164' title='bbox 1273 1564 1370 1618; x_wconf 81' lang='grc' dir='ltr'>παρὰ</span> 
     </span>
     <span class='ocr_line' id='line_1_24' title="bbox 323 1623 1369 1677; baseline -0.001 -15"><span class='ocrx_word' id='word_1_165' title='bbox 323 1623 542 1676; x_wconf 70' lang='grc' dir='ltr'>Θεοφράστῳ</span> <span class='ocrx_word' id='word_1_166' title='bbox 571 1624 631 1662; x_wconf 77' lang='grc' dir='ltr'>καὶ</span> <span class='ocrx_word' id='word_1_167' title='bbox 663 1624 877 1677; x_wconf 77' lang='grc' dir='ltr'>Ξενοκράτει</span> <span class='ocrx_word' id='word_1_168' title='bbox 905 1623 1087 1675; x_wconf 79' lang='grc' dir='ltr'>σχολάζοι,</span> <span class='ocrx_word' id='word_1_169' title='bbox 1108 1626 1246 1662; x_wconf 82' lang='grc' dir='ltr'>πολλῶν</span> <span class='ocrx_word' id='word_1_170' title='bbox 1276 1626 1369 1675; x_wconf 78' lang='grc' dir='ltr'>αὐτῷ</span> 
     </span>
     <span class='ocr_line' id='line_1_25' title="bbox 323 1681 1368 1736; baseline 0 -16"><span class='ocrx_word' id='word_1_171' title='bbox 323 1681 359 1726; x_wconf 83' lang='grc' dir='ltr'>ἐξ</span> <span class='ocrx_word' id='word_1_172' title='bbox 393 1682 489 1721; x_wconf 81' lang='grc' dir='ltr'>οἴκου</span> <span class='ocrx_word' id='word_1_173' title='bbox 525 1683 852 1734; x_wconf 82' lang='grc' dir='ltr'>ἀποστελλομένων,</span> <span class='ocrx_word' id='word_1_174' title='bbox 883 1683 1085 1736; x_wconf 75' lang='grc' dir='ltr'>φοὸεῗσθαι,</span> <span class='ocrx_word' id='word_1_175' title='bbox 1119 1682 1168 1732; x_wconf 77' lang='grc' dir='ltr'>μὴ</span> <span class='ocrx_word' id='word_1_176' title='bbox 1197 1684 1247 1735; x_wconf 79' lang='grc' dir='ltr'>τῷ</span> <span class='ocrx_word' id='word_1_177' title='bbox 1275 1683 1368 1733; x_wconf 80' lang='grc' dir='ltr'>λιμῷ</span> 
     </span>
     <span class='ocr_line' id='line_1_26' title="bbox 323 1735 1368 1791; baseline 0.001 -13"><span class='ocrx_word' id='word_1_178' title='bbox 323 1740 514 1789; x_wconf 87' lang='grc' dir='ltr'>ἀποθάνοι,</span> <span class='ocrx_word' id='word_1_179' title='bbox 535 1741 595 1779; x_wconf 86' lang='grc' dir='ltr'>καὶ</span> <span class='ocrx_word' id='word_1_180' title='bbox 616 1741 669 1779; x_wconf 81' lang='grc' dir='ltr'>ἀεὶ</span> <span class='ocrx_word' id='word_1_181' title='bbox 687 1741 863 1786; x_wconf 83' lang='grc' dir='ltr'>σπανίζειν</span> <span class='ocrx_word' id='word_1_182' title='bbox 880 1742 939 1779; x_wconf 88' lang='grc' dir='ltr'>καὶ</span> <span class='ocrx_word' id='word_1_183' title='bbox 960 1741 1076 1788; x_wconf 82' lang='grc' dir='ltr'>ἐνδεὴς</span> <span class='ocrx_word' id='word_1_184' title='bbox 1092 1735 1196 1779; x_wconf 65' lang='grc' dir='ltr'>εἶναι·</span> <span class='ocrx_word' id='word_1_185' title='bbox 1213 1741 1368 1791; x_wconf 71' lang='grc' dir='ltr'>μεταὸὰς</span> 
     </span>
     <span class='ocr_line' id='line_1_27' title="bbox 322 1798 1365 1852; baseline -0.001 -15"><span class='ocrx_word' id='word_1_186' title='bbox 322 1799 356 1837; x_wconf 84' lang='grc' dir='ltr'>δὲ</span> <span class='ocrx_word' id='word_1_187' title='bbox 377 1798 518 1852; x_wconf 81' lang='grc' dir='ltr'>ὕστερον</span> <span class='ocrx_word' id='word_1_188' title='bbox 547 1799 632 1852; x_wconf 80' lang='grc' dir='ltr'>πρὸς</span> <span class='ocrx_word' id='word_1_189' title='bbox 652 1800 835 1852; x_wconf 83' lang='grc' dir='ltr'>Κράτητα,</span> <span class='ocrx_word' id='word_1_190' title='bbox 859 1800 922 1838; x_wconf 81' lang='grc' dir='ltr'>κᾶν</span> <span class='ocrx_word' id='word_1_191' title='bbox 957 1799 1063 1838; x_wconf 87' lang='grc' dir='ltr'>ἄλλον</span> <span class='ocrx_word' id='word_1_192' title='bbox 1096 1798 1183 1852; x_wconf 81' lang='grc' dir='ltr'>πρὸς</span> <span class='ocrx_word' id='word_1_193' title='bbox 1212 1799 1365 1851; x_wconf 72' lang='grc' dir='ltr'>τρέφειν,</span> 
     </span>
     <span class='ocr_line' id='line_1_28' title="bbox 320 1857 1367 1910; baseline 0 -15"><span class='ocrx_word' id='word_1_194' title='bbox 320 1859 454 1901; x_wconf 77' lang='grc' dir='ltr'>οὐδενὸς</span> <span class='ocrx_word' id='word_1_195' title='bbox 484 1858 724 1909; x_wconf 83' lang='grc' dir='ltr'>πεμπομένου.</span> <span class='ocrx_word' id='word_1_196' title='bbox 748 1858 836 1897; x_wconf 88' lang='grc' dir='ltr'>Τότε</span> <span class='ocrx_word' id='word_1_197' title='bbox 866 1857 927 1909; x_wconf 80' lang='grc' dir='ltr'>μὲν</span> <span class='ocrx_word' id='word_1_198' title='bbox 953 1858 1020 1910; x_wconf 85' lang='grc' dir='ltr'>γὰρ</span> <span class='ocrx_word' id='word_1_199' title='bbox 1054 1857 1089 1903; x_wconf 80' lang='grc' dir='ltr'>ἐξ</span> <span class='ocrx_word' id='word_1_200' title='bbox 1111 1858 1264 1910; x_wconf 84' lang='grc' dir='ltr'>ἀνάγκης</span> <span class='ocrx_word' id='word_1_201' title='bbox 1297 1858 1367 1895; x_wconf 85' lang='grc' dir='ltr'>ἔδει</span> 
     </span>
     <span class='ocr_line' id='line_1_29' title="bbox 322 1916 1364 1969; baseline 0 -14"><span class='ocrx_word' id='word_1_202' title='bbox 322 1918 486 1966; x_wconf 77' lang='grc' dir='ltr'>ὑπόδημα</span> <span class='ocrx_word' id='word_1_203' title='bbox 506 1916 612 1969; x_wconf 87' lang='grc' dir='ltr'>ἔχειν,</span> <span class='ocrx_word' id='word_1_204' title='bbox 629 1917 689 1955; x_wconf 81' lang='grc' dir='ltr'>καὶ</span> <span class='ocrx_word' id='word_1_205' title='bbox 708 1921 810 1956; x_wconf 73' lang='grc' dir='ltr'>τοῦτο</span> <span class='ocrx_word' id='word_1_206' title='bbox 834 1917 1042 1964; x_wconf 87' lang='grc' dir='ltr'>ἀκάττυτον,</span> <span class='ocrx_word' id='word_1_207' title='bbox 1063 1917 1167 1964; x_wconf 73' lang='grc' dir='ltr'>ἥλους</span> <span class='ocrx_word' id='word_1_208' title='bbox 1186 1919 1248 1955; x_wconf 84' lang='grc' dir='ltr'>οὐκ</span> <span class='ocrx_word' id='word_1_209' title='bbox 1271 1916 1364 1968; x_wconf 85' lang='grc' dir='ltr'>ἔχον,</span> 
     </span>
     <span class='ocr_line' id='line_1_30' title="bbox 319 1969 1367 2027; baseline -0.001 -13"><span class='ocrx_word' id='word_1_210' title='bbox 319 1969 395 2014; x_wconf 66' lang='grc' dir='ltr'>εἶτα</span> <span class='ocrx_word' id='word_1_211' title='bbox 416 1975 585 2027; x_wconf 81' lang='grc' dir='ltr'>χλανίδα,</span> <span class='ocrx_word' id='word_1_212' title='bbox 606 1975 742 2014; x_wconf 84' lang='grc' dir='ltr'>παίδων</span> <span class='ocrx_word' id='word_1_213' title='bbox 765 1976 985 2024; x_wconf 81' lang='grc' dir='ltr'>ἀκολουθίαν,</span> <span class='ocrx_word' id='word_1_214' title='bbox 1005 1975 1118 2014; x_wconf 82' lang='grc' dir='ltr'>οἰκίαν</span> <span class='ocrx_word' id='word_1_215' title='bbox 1137 1975 1292 2027; x_wconf 83' lang='grc' dir='ltr'>μεγάλην</span> <span class='ocrx_word' id='word_1_216' title='bbox 1321 1977 1367 2019; x_wconf 90' lang='grc' dir='ltr'>εἷς</span> 
     </span>
     <span class='ocr_line' id='line_1_31' title="bbox 318 2027 1365 2086; baseline -0.001 -14"><span class='ocrx_word' id='word_1_217' title='bbox 318 2034 357 2073; x_wconf 83' lang='grc' dir='ltr'>τὸ</span> <span class='ocrx_word' id='word_1_218' title='bbox 378 2034 588 2082; x_wconf 86' lang='grc' dir='ltr'>σύνδειπνον,</span> <span class='ocrx_word' id='word_1_219' title='bbox 609 2027 713 2086; x_wconf 84' lang='grc' dir='ltr'>ἄρτον</span> <span class='ocrx_word' id='word_1_220' title='bbox 732 2034 896 2086; x_wconf 85' lang='grc' dir='ltr'>καθαρόν,</span> <span class='ocrx_word' id='word_1_221' title='bbox 913 2033 996 2086; x_wconf 83' lang='grc' dir='ltr'>ὄψον</span> <span class='ocrx_word' id='word_1_222' title='bbox 1014 2034 1063 2084; x_wconf 85' lang='grc' dir='ltr'>μὴ</span> <span class='ocrx_word' id='word_1_223' title='bbox 1083 2033 1122 2072; x_wconf 81' lang='grc' dir='ltr'>τὸ</span> <span class='ocrx_word' id='word_1_224' title='bbox 1141 2033 1259 2086; x_wconf 85' lang='grc' dir='ltr'>τυχόν,</span> <span class='ocrx_word' id='word_1_225' title='bbox 1276 2028 1365 2072; x_wconf 74' lang='grc' dir='ltr'>οἶνον</span> 
     </span>
    </p>
   </div>
   <div class='ocr_carea' id='block_1_3' title="bbox 1076 238 1748 283">
    <p class='ocr_par' dir='ltr' id='par_1_6' title="bbox 1076 238 1748 283">
     <span class='ocr_line' id='line_1_32' title="bbox 1076 238 1748 283; baseline 0.009 -5"><span class='ocrx_word' id='word_1_226' title='bbox 1076 238 1385 279; x_wconf 79' lang='lat' dir='ltr'><strong>CYNICORUM</strong></span> <span class='ocrx_word' id='word_1_227' title='bbox 1415 241 1748 283; x_wconf 83' lang='lat' dir='ltr'><strong>FRAGMENTA.</strong></span> 
     </span>
    </p>
   </div>
   <div class='ocr_carea' id='block_1_4' title="bbox 1428 329 2541 2091">
    <p class='ocr_par' dir='ltr' id='par_1_7' title="bbox 1435 329 2541 1388">
     <span class='ocr_line' id='line_1_33' title="bbox 1444 329 2487 392; baseline 0.017 -24"><span class='ocrx_word' id='word_1_228' title='bbox 1444 329 1542 380; x_wconf 77' lang='grc' dir='ltr'>ἡδύν,</span> <span class='ocrx_word' id='word_1_229' title='bbox 1561 333 1735 386; x_wconf 80' lang='grc' dir='ltr'>ὑποδοχὰς</span> <span class='ocrx_word' id='word_1_230' title='bbox 1756 332 1817 378; x_wconf 80' lang='grc' dir='ltr'>τὰς</span> <span class='ocrx_word' id='word_1_231' title='bbox 1845 334 2103 382; x_wconf 72' lang='grc' dir='ltr'>ἐπιὸαλλούσας</span> <span class='ocrx_word' id='word_1_232' title='bbox 2127 339 2243 381; x_wconf 89' lang='grc' dir='ltr'>πάντα</span> <span class='ocrx_word' id='word_1_233' title='bbox 2266 346 2487 392; x_wconf 70' lang='grc' dir='ltr'>πολυτελεῖς·</span> 
     </span>
     <span class='ocr_line' id='line_1_34' title="bbox 1445 389 2488 458; baseline 0.016 -31"><span class='ocrx_word' id='word_1_234' title='bbox 1445 389 1634 443; x_wconf 79' lang='grc' dir='ltr'>ἐλευθέριος</span> <span class='ocrx_word' id='word_1_235' title='bbox 1653 391 1720 445; x_wconf 79' lang='grc' dir='ltr'>γὰρ</span> <span class='ocrx_word' id='word_1_236' title='bbox 1737 395 1820 446; x_wconf 81' lang='grc' dir='ltr'>παρ’</span> <span class='ocrx_word' id='word_1_237' title='bbox 1835 396 1952 438; x_wconf 84' lang='grc' dir='ltr'>αὐτοῖς</span> <span class='ocrx_word' id='word_1_238' title='bbox 1970 398 1992 443; x_wconf 89' lang='grc' dir='ltr'>ἡ</span> <span class='ocrx_word' id='word_1_239' title='bbox 2012 396 2156 447; x_wconf 80' lang='grc' dir='ltr'>τοιαύτη</span> <span class='ocrx_word' id='word_1_240' title='bbox 2173 401 2370 455; x_wconf 79' lang='grc' dir='ltr'>ἀναστροφὴ</span> <span class='ocrx_word' id='word_1_241' title='bbox 2386 404 2488 458; x_wconf 74' lang='grc' dir='ltr'>ἐκρί-</span> 
     </span>
     <span class='ocr_line' id='line_1_35' title="bbox 1443 450 2541 509; baseline 0.016 -23"><span class='ocrx_word' id='word_1_242' title='bbox 1443 463 1536 488; x_wconf 89' lang='grc' dir='ltr'>νετο·</span> <span class='ocrx_word' id='word_1_243' title='bbox 1559 450 1645 502; x_wconf 82' lang='grc' dir='ltr'>πρὸς</span> <span class='ocrx_word' id='word_1_244' title='bbox 1673 451 1843 504; x_wconf 70' lang='grc' dir='ltr'>Κράτητα</span> <span class='ocrx_word' id='word_1_245' title='bbox 1864 453 1900 491; x_wconf 84' lang='grc' dir='ltr'>δὲ</span> <span class='ocrx_word' id='word_1_246' title='bbox 1922 454 2117 504; x_wconf 74' lang='grc' dir='ltr'>μεταὸάντι</span> <span class='ocrx_word' id='word_1_247' title='bbox 2148 457 2245 497; x_wconf 74' lang='grc' dir='ltr'>οὐδὲν</span> <span class='ocrx_word' id='word_1_248' title='bbox 2275 454 2317 509; x_wconf 75' lang='grc' dir='ltr'>ἦν</span> <span class='ocrx_word' id='word_1_249' title='bbox 2345 460 2486 503; x_wconf 83' lang='grc' dir='ltr'>τούτων·</span> <span class='ocrx_word' id='word_1_250' title='bbox 2535 488 2541 489; x_wconf 29' lang='lat' dir='ltr'><em>ff</em></span> 
     </span>
     <span class='ocr_line' id='line_1_36' title="bbox 1443 509 2488 574; baseline 0.014 -27"><span class='ocrx_word' id='word_1_251' title='bbox 1443 509 1522 547; x_wconf 86' lang='grc' dir='ltr'>ἀλλ’</span> <span class='ocrx_word' id='word_1_252' title='bbox 1540 510 1766 564; x_wconf 80' lang='grc' dir='ltr'>ἅφελέστερος</span> <span class='ocrx_word' id='word_1_253' title='bbox 1783 515 1834 567; x_wconf 82' lang='grc' dir='ltr'>τῷ</span> <span class='ocrx_word' id='word_1_254' title='bbox 1854 515 1972 567; x_wconf 89' lang='grc' dir='ltr'>τρόπῳ</span> <span class='ocrx_word' id='word_1_255' title='bbox 1991 515 2175 567; x_wconf 84' lang='grc' dir='ltr'>γενόμενος</span> <span class='ocrx_word' id='word_1_256' title='bbox 2188 519 2330 572; x_wconf 82' lang='grc' dir='ltr'>ἠρκεῖτο</span> <span class='ocrx_word' id='word_1_257' title='bbox 2343 521 2488 574; x_wconf 74' lang='grc' dir='ltr'>τρίὸωνι</span> 
     </span>
     <span class='ocr_line' id='line_1_37' title="bbox 1442 568 2487 635; baseline 0.016 -30"><span class='ocrx_word' id='word_1_258' title='bbox 1442 568 1502 606; x_wconf 85' lang='grc' dir='ltr'>καὶ</span> <span class='ocrx_word' id='word_1_259' title='bbox 1523 569 1615 623; x_wconf 83' lang='grc' dir='ltr'>μάζῃ</span> <span class='ocrx_word' id='word_1_260' title='bbox 1641 571 1701 609; x_wconf 84' lang='grc' dir='ltr'>καὶ</span> <span class='ocrx_word' id='word_1_261' title='bbox 1719 572 1915 624; x_wconf 86' lang='grc' dir='ltr'>λαχανίοις,</span> <span class='ocrx_word' id='word_1_262' title='bbox 1945 575 2007 613; x_wconf 74' lang='grc' dir='ltr'>οὐκ</span> <span class='ocrx_word' id='word_1_263' title='bbox 2035 576 2210 616; x_wconf 82' lang='grc' dir='ltr'>ἐπιποθῶν</span> <span class='ocrx_word' id='word_1_264' title='bbox 2230 578 2293 626; x_wconf 79' lang='grc' dir='ltr'>τὴν</span> <span class='ocrx_word' id='word_1_265' title='bbox 2315 582 2487 635; x_wconf 77' lang='grc' dir='ltr'>προτέραν</span> 
     </span>
     <span class='ocr_line' id='line_1_38' title="bbox 1442 626 2487 693; baseline 0.013 -29"><span class='ocrx_word' id='word_1_266' title='bbox 1442 626 1579 666; x_wconf 87' lang='grc' dir='ltr'>δίαιταν</span> <span class='ocrx_word' id='word_1_267' title='bbox 1611 629 1690 668; x_wconf 77' lang='grc' dir='ltr'>οὐδὲ</span> <span class='ocrx_word' id='word_1_268' title='bbox 1714 634 1757 682; x_wconf 82' lang='grc' dir='ltr'>τῇ</span> <span class='ocrx_word' id='word_1_269' title='bbox 1779 632 1938 684; x_wconf 87' lang='grc' dir='ltr'>παρούσῃ</span> <span class='ocrx_word' id='word_1_270' title='bbox 1969 634 2230 686; x_wconf 79' lang='grc' dir='ltr'>δυσχεραίνων.’</span> <span class='ocrx_word' id='word_1_271' title='bbox 2280 638 2376 690; x_wconf 81' lang='grc' dir='ltr'>Πρὸς</span> <span class='ocrx_word' id='word_1_272' title='bbox 2396 641 2487 693; x_wconf 73' lang='grc' dir='ltr'>ῥῖγος</span> 
     </span>
     <span class='ocr_line' id='line_1_39' title="bbox 1441 685 2488 744; baseline 0.013 -21"><span class='ocrx_word' id='word_1_273' title='bbox 1441 688 1543 735; x_wconf 88' lang='grc' dir='ltr'>ἡμεῖς</span> <span class='ocrx_word' id='word_1_274' title='bbox 1559 685 1621 737; x_wconf 79' lang='grc' dir='ltr'>μὲν</span> <span class='ocrx_word' id='word_1_275' title='bbox 1643 690 1811 739; x_wconf 78' lang='grc' dir='ltr'>ζητοῦμεν</span> <span class='ocrx_word' id='word_1_276' title='bbox 1830 691 2028 743; x_wconf 87' lang='grc' dir='ltr'>παχύτερον</span> <span class='ocrx_word' id='word_1_277' title='bbox 2047 694 2199 744; x_wconf 80' lang='grc' dir='ltr'>ἱμάτιον·</span> <span class='ocrx_word' id='word_1_278' title='bbox 2219 696 2348 740; x_wconf 83' lang='grc' dir='ltr'>ἐκεῖνος</span> <span class='ocrx_word' id='word_1_279' title='bbox 2374 697 2411 736; x_wconf 70' lang='grc' dir='ltr'>δὲ</span> <span class='ocrx_word' id='word_1_280' title='bbox 2431 698 2488 736; x_wconf 82' lang='grc' dir='ltr'>δι-</span> 
     </span>
     <span class='ocr_line' id='line_1_40' title="bbox 1441 744 2487 806; baseline 0.014 -25"><span class='ocrx_word' id='word_1_281' title='bbox 1441 744 1584 789; x_wconf 86' lang='grc' dir='ltr'>πλώσας</span> <span class='ocrx_word' id='word_1_282' title='bbox 1603 745 1661 784; x_wconf 82' lang='grc' dir='ltr'>τὸν</span> <span class='ocrx_word' id='word_1_283' title='bbox 1689 746 1841 800; x_wconf 77' lang='grc' dir='ltr'>τρίὸωνα</span> <span class='ocrx_word' id='word_1_284' title='bbox 1863 750 1999 802; x_wconf 75' lang='grc' dir='ltr'>περιῄει</span> <span class='ocrx_word' id='word_1_285' title='bbox 2026 751 2153 803; x_wconf 85' lang='grc' dir='ltr'>τρόπον</span> <span class='ocrx_word' id='word_1_286' title='bbox 2179 752 2257 792; x_wconf 82' lang='grc' dir='ltr'>τινὰ</span> <span class='ocrx_word' id='word_1_287' title='bbox 2283 754 2344 795; x_wconf 85' lang='grc' dir='ltr'>δύο</span> <span class='ocrx_word' id='word_1_288' title='bbox 2361 755 2487 806; x_wconf 75' lang='grc' dir='ltr'>ἱμάτια</span> 
     </span>
     <span class='ocr_line' id='line_1_41' title="bbox 1441 802 2488 862; baseline 0.013 -22"><span class='ocrx_word' id='word_1_289' title='bbox 1441 802 1546 855; x_wconf 84' lang='grc' dir='ltr'>ἔχων.</span> <span class='ocrx_word' id='word_1_290' title='bbox 1606 806 1649 843; x_wconf 71' lang='lat' dir='ltr'>Et</span> <span class='ocrx_word' id='word_1_291' title='bbox 1670 805 1878 859; x_wconf 81' lang='grc' dir='ltr'>ἀλείψασθαι</span> <span class='ocrx_word' id='word_1_292' title='bbox 1894 809 2017 861; x_wconf 82' lang='grc' dir='ltr'>χρείαν</span> <span class='ocrx_word' id='word_1_293' title='bbox 2035 810 2129 862; x_wconf 79' lang='grc' dir='ltr'>ἔχοι,</span> <span class='ocrx_word' id='word_1_294' title='bbox 2142 811 2305 853; x_wconf 80' lang='grc' dir='ltr'>εἰσελθὼν</span> <span class='ocrx_word' id='word_1_295' title='bbox 2324 812 2365 851; x_wconf 82' lang='grc' dir='ltr'>ἂν</span> <span class='ocrx_word' id='word_1_296' title='bbox 2381 815 2430 859; x_wconf 75' lang='grc' dir='ltr'>εἰς</span> <span class='ocrx_word' id='word_1_297' title='bbox 2447 814 2488 854; x_wconf 79' lang='grc' dir='ltr'>τὸ</span> 
     </span>
     <span class='ocr_line' id='line_1_42' title="bbox 1442 864 2487 926; baseline 0.011 -27"><span class='ocrx_word' id='word_1_298' title='bbox 1442 864 1622 914; x_wconf 87' lang='grc' dir='ltr'>βαλανεῖον</span> <span class='ocrx_word' id='word_1_299' title='bbox 1643 866 1694 918; x_wconf 81' lang='grc' dir='ltr'>τῷ</span> <span class='ocrx_word' id='word_1_300' title='bbox 1713 866 1818 917; x_wconf 84' lang='grc' dir='ltr'>γλοιῷ</span> <span class='ocrx_word' id='word_1_301' title='bbox 1835 866 2004 919; x_wconf 73' lang='grc' dir='ltr'>ἠλείψατο</span> <span class='ocrx_word' id='word_1_302' title='bbox 2017 884 2025 892; x_wconf 91' lang='grc'>·</span> <span class='ocrx_word' id='word_1_303' title='bbox 2038 869 2098 908; x_wconf 90' lang='grc' dir='ltr'>καὶ</span> <span class='ocrx_word' id='word_1_304' title='bbox 2117 869 2262 922; x_wconf 83' lang='grc' dir='ltr'>βαδίσας</span> <span class='ocrx_word' id='word_1_305' title='bbox 2279 871 2386 912; x_wconf 77' lang='grc' dir='ltr'>ἐνίοτε</span> <span class='ocrx_word' id='word_1_306' title='bbox 2401 872 2487 926; x_wconf 76' lang='grc' dir='ltr'>πρὸς</span> 
     </span>
     <span class='ocr_line' id='line_1_43' title="bbox 1439 918 2486 984; baseline 0.013 -27"><span class='ocrx_word' id='word_1_307' title='bbox 1439 921 1501 967; x_wconf 81' lang='grc' dir='ltr'>τὴν</span> <span class='ocrx_word' id='word_1_308' title='bbox 1518 923 1663 973; x_wconf 85' lang='grc' dir='ltr'>κάμινον</span> <span class='ocrx_word' id='word_1_309' title='bbox 1682 918 1721 961; x_wconf 65' lang='grc' dir='ltr'>οὗ</span> <span class='ocrx_word' id='word_1_310' title='bbox 1741 923 1784 963; x_wconf 82' lang='grc' dir='ltr'>τὰ</span> <span class='ocrx_word' id='word_1_311' title='bbox 1809 927 1978 976; x_wconf 84' lang='grc' dir='ltr'>χαλκεῖα,</span> <span class='ocrx_word' id='word_1_312' title='bbox 1995 930 2064 967; x_wconf 86' lang='grc' dir='ltr'>τῶν</span> <span class='ocrx_word' id='word_1_313' title='bbox 2086 930 2262 978; x_wconf 83' lang='grc' dir='ltr'>μαινάδων</span> <span class='ocrx_word' id='word_1_314' title='bbox 2284 931 2486 984; x_wconf 71' lang='grc' dir='ltr'>ἅπὸπυρίδα</span> 
     </span>
     <span class='ocr_line' id='line_1_44' title="bbox 1437 978 2486 1040; baseline 0.011 -25"><span class='ocrx_word' id='word_1_315' title='bbox 1437 978 1585 1023; x_wconf 79' lang='grc' dir='ltr'>ποιήσας</span> <span class='ocrx_word' id='word_1_316' title='bbox 1597 1009 1607 1027; x_wconf 95' lang='grc'>,</span> <span class='ocrx_word' id='word_1_317' title='bbox 1625 980 1790 1033; x_wconf 79' lang='grc' dir='ltr'>περιχέας</span> <span class='ocrx_word' id='word_1_318' title='bbox 1809 981 1851 1020; x_wconf 84' lang='grc' dir='ltr'>ἂν</span> <span class='ocrx_word' id='word_1_319' title='bbox 1874 983 2022 1032; x_wconf 83' lang='grc' dir='ltr'>ἕλάδιον,</span> <span class='ocrx_word' id='word_1_320' title='bbox 2040 986 2185 1031; x_wconf 87' lang='grc' dir='ltr'>καθίσας</span> <span class='ocrx_word' id='word_1_321' title='bbox 2206 987 2390 1040; x_wconf 76' lang='grc' dir='ltr'>ἠρίστησε.</span> <span class='ocrx_word' id='word_1_322' title='bbox 2410 990 2486 1029; x_wconf 78' lang='grc' dir='ltr'>Καὶ</span> 
     </span>
     <span class='ocr_line' id='line_1_45' title="bbox 1438 1038 2484 1098; baseline 0.012 -24"><span class='ocrx_word' id='word_1_323' title='bbox 1438 1038 1601 1076; x_wconf 84' lang='grc' dir='ltr'>ἐκάθευδε</span> <span class='ocrx_word' id='word_1_324' title='bbox 1626 1041 1666 1077; x_wconf 89' lang='grc' dir='ltr'>τὸ</span> <span class='ocrx_word' id='word_1_325' title='bbox 1687 1039 1750 1090; x_wconf 82' lang='grc' dir='ltr'>μὲν</span> <span class='ocrx_word' id='word_1_326' title='bbox 1772 1039 1867 1093; x_wconf 85' lang='grc' dir='ltr'>θέρος</span> <span class='ocrx_word' id='word_1_327' title='bbox 1887 1043 1922 1080; x_wconf 82' lang='grc' dir='ltr'>ἐν</span> <span class='ocrx_word' id='word_1_328' title='bbox 1947 1048 2018 1086; x_wconf 90' lang='grc' dir='ltr'>τοῖς</span> <span class='ocrx_word' id='word_1_329' title='bbox 2035 1045 2159 1096; x_wconf 72' lang='grc' dir='ltr'>ἱεροῖς,</span> <span class='ocrx_word' id='word_1_330' title='bbox 2177 1046 2233 1083; x_wconf 77' lang='grc' dir='ltr'>τὸν</span> <span class='ocrx_word' id='word_1_331' title='bbox 2259 1045 2295 1084; x_wconf 73' lang='grc' dir='ltr'>δὲ</span> <span class='ocrx_word' id='word_1_332' title='bbox 2323 1049 2484 1098; x_wconf 80' lang='grc' dir='ltr'>χειμῶνα</span> 
     </span>
     <span class='ocr_line' id='line_1_46' title="bbox 1437 1097 2484 1157; baseline 0.012 -25"><span class='ocrx_word' id='word_1_333' title='bbox 1437 1097 1471 1133; x_wconf 83' lang='grc' dir='ltr'>ἐν</span> <span class='ocrx_word' id='word_1_334' title='bbox 1495 1102 1564 1139; x_wconf 85' lang='grc' dir='ltr'>τοῖς</span> <span class='ocrx_word' id='word_1_335' title='bbox 1585 1098 1781 1148; x_wconf 86' lang='grc' dir='ltr'>βαλανείοις</span> <span class='ocrx_word' id='word_1_336' title='bbox 1795 1127 1805 1145; x_wconf 89' lang='grc'>,</span> <span class='ocrx_word' id='word_1_337' title='bbox 1825 1101 1862 1137; x_wconf 83' lang='grc' dir='ltr'>οὗ</span> <span class='ocrx_word' id='word_1_338' title='bbox 1884 1102 2073 1149; x_wconf 84' lang='grc' dir='ltr'>σπανίζων,</span> <span class='ocrx_word' id='word_1_339' title='bbox 2089 1102 2208 1157; x_wconf 85' lang='grc' dir='ltr'>ὥσπερ</span> <span class='ocrx_word' id='word_1_340' title='bbox 2224 1105 2292 1157; x_wconf 83' lang='grc' dir='ltr'>πρὸ</span> <span class='ocrx_word' id='word_1_341' title='bbox 2307 1107 2392 1153; x_wconf 74' lang='grc' dir='ltr'>τοῦ,</span> <span class='ocrx_word' id='word_1_342' title='bbox 2406 1105 2484 1144; x_wconf 76' lang='grc' dir='ltr'>οὐδὲ</span> 
     </span>
     <span class='ocr_line' id='line_1_47' title="bbox 1438 1153 2484 1214; baseline 0.011 -24"><span class='ocrx_word' id='word_1_343' title='bbox 1438 1153 1554 1200; x_wconf 72' lang='grc' dir='ltr'>ἐνδεὴς</span> <span class='ocrx_word' id='word_1_344' title='bbox 1585 1153 1647 1203; x_wconf 90' lang='grc' dir='ltr'>ὤν,</span> <span class='ocrx_word' id='word_1_345' title='bbox 1668 1155 1745 1194; x_wconf 84' lang='grc' dir='ltr'>ἀλλ’</span> <span class='ocrx_word' id='word_1_346' title='bbox 1765 1156 1978 1208; x_wconf 84' lang='grc' dir='ltr'>ἀρκούμενος</span> <span class='ocrx_word' id='word_1_347' title='bbox 2005 1160 2076 1203; x_wconf 84' lang='grc' dir='ltr'>τοῖς</span> <span class='ocrx_word' id='word_1_348' title='bbox 2112 1165 2284 1214; x_wconf 74' lang='grc' dir='ltr'>παροῦσι,</span> <span class='ocrx_word' id='word_1_349' title='bbox 2306 1162 2484 1207; x_wconf 82' lang='grc' dir='ltr'>διακόνους</span> 
     </span>
     <span class='ocr_line' id='line_1_48' title="bbox 1437 1214 2483 1274; baseline 0.011 -25"><span class='ocrx_word' id='word_1_350' title='bbox 1437 1214 1499 1250; x_wconf 84' lang='grc' dir='ltr'>οὐκ</span> <span class='ocrx_word' id='word_1_351' title='bbox 1522 1214 1700 1263; x_wconf 84' lang='grc' dir='ltr'>ἐπιθυμῶν</span> <span class='ocrx_word' id='word_1_352' title='bbox 1727 1214 1835 1266; x_wconf 84' lang='grc' dir='ltr'>ἔχειν.</span> <span class='ocrx_word' id='word_1_353' title='bbox 1867 1217 2085 1268; x_wconf 85' lang='grc' dir='ltr'>Θαυμαστὸν</span> <span class='ocrx_word' id='word_1_354' title='bbox 2115 1218 2179 1269; x_wconf 85' lang='grc' dir='ltr'>μὲν</span> <span class='ocrx_word' id='word_1_355' title='bbox 2206 1219 2291 1273; x_wconf 85' lang='grc' dir='ltr'>γάρ,</span> <span class='ocrx_word' id='word_1_356' title='bbox 2312 1219 2431 1274; x_wconf 82' lang='grc' dir='ltr'>φησίν,</span> <span class='ocrx_word' id='word_1_357' title='bbox 2452 1222 2483 1260; x_wconf 77' lang='grc' dir='ltr'>εἷ</span> 
     </span>
     <span class='ocr_line' id='line_1_49' title="bbox 1435 1271 2481 1331; baseline 0.009 -21"><span class='ocrx_word' id='word_1_358' title='bbox 1435 1271 1563 1319; x_wconf 80' lang='grc' dir='ltr'>Μάνης</span> <span class='ocrx_word' id='word_1_359' title='bbox 1583 1272 1645 1322; x_wconf 86' lang='grc' dir='ltr'>μὲν</span> <span class='ocrx_word' id='word_1_360' title='bbox 1663 1273 1845 1324; x_wconf 88' lang='grc' dir='ltr'>Διογένους</span> <span class='ocrx_word' id='word_1_361' title='bbox 1864 1274 1945 1312; x_wconf 81' lang='grc' dir='ltr'>ἄνευ</span> <span class='ocrx_word' id='word_1_362' title='bbox 1966 1276 2152 1323; x_wconf 74' lang='grc' dir='ltr'>δυνήσεται</span> <span class='ocrx_word' id='word_1_363' title='bbox 2171 1279 2247 1328; x_wconf 78' lang='grc' dir='ltr'>ζῆν,</span> <span class='ocrx_word' id='word_1_364' title='bbox 2262 1279 2429 1331; x_wconf 84' lang='grc' dir='ltr'>Διογένης</span> <span class='ocrx_word' id='word_1_365' title='bbox 2445 1279 2481 1319; x_wconf 82' lang='grc' dir='ltr'>δὲ</span> 
     </span>
     <span class='ocr_line' id='line_1_50' title="bbox 1435 1329 2110 1388; baseline 0.012 -21"><span class='ocrx_word' id='word_1_366' title='bbox 1435 1329 1516 1369; x_wconf 85' lang='grc' dir='ltr'>ἄνευ</span> <span class='ocrx_word' id='word_1_367' title='bbox 1533 1331 1675 1375; x_wconf 90' lang='grc' dir='ltr'>Μάνους</span> <span class='ocrx_word' id='word_1_368' title='bbox 1695 1333 1733 1369; x_wconf 83' lang='grc' dir='ltr'>οὐ</span> <span class='ocrx_word' id='word_1_369' title='bbox 1751 1332 1936 1378; x_wconf 82' lang='grc' dir='ltr'>δυνήσεται</span> <span class='ocrx_word' id='word_1_370' title='bbox 1955 1335 2110 1388; x_wconf 79' lang='grc' dir='ltr'>θαῤῥεῒν.</span> 
     </span>
    </p>

    <p class='ocr_par' dir='ltr' id='par_1_8' title="bbox 1429 1389 2481 1792">
     <span class='ocr_line' id='line_1_51' title="bbox 1490 1389 2480 1447; baseline 0.006 -20"><span class='ocrx_word' id='word_1_371' title='bbox 1490 1389 1678 1442; x_wconf 87' lang='lat' dir='ltr'>(Stobaeus</span> <span class='ocrx_word' id='word_1_372' title='bbox 1713 1389 1850 1430; x_wconf 79' lang='lat' dir='ltr'>Floril.</span> <span class='ocrx_word' id='word_1_373' title='bbox 1885 1391 2047 1446; x_wconf 85' lang='lat' dir='ltr'>XCVII,</span> <span class='ocrx_word' id='word_1_374' title='bbox 2077 1395 2151 1434; x_wconf 66' lang='lat'>31.</span> <span class='ocrx_word' id='word_1_375' title='bbox 2164 1395 2336 1447; x_wconf 77' lang='lat' dir='ltr'>Reposui</span> <span class='ocrx_word' id='word_1_376' title='bbox 2368 1395 2480 1436; x_wconf 81' lang='grc' dir='ltr'>οἰκίαν</span> 
     </span>
     <span class='ocr_line' id='line_1_52' title="bbox 1433 1447 2481 1507; baseline 0.009 -22"><span class='ocrx_word' id='word_1_377' title='bbox 1433 1447 1590 1498; x_wconf 84' lang='grc' dir='ltr'>μεγάλην</span> <span class='ocrx_word' id='word_1_378' title='bbox 1616 1449 1662 1492; x_wconf 89' lang='grc' dir='ltr'>εἷς</span> <span class='ocrx_word' id='word_1_379' title='bbox 1680 1447 1717 1487; x_wconf 87' lang='grc' dir='ltr'>τὸ</span> <span class='ocrx_word' id='word_1_380' title='bbox 1739 1449 1956 1502; x_wconf 85' lang='grc' dir='ltr'>σύνδειπνον,</span> <span class='ocrx_word' id='word_1_381' title='bbox 1971 1450 2073 1504; x_wconf 79' lang='grc' dir='ltr'>ἄρτον</span> <span class='ocrx_word' id='word_1_382' title='bbox 2091 1453 2258 1505; x_wconf 85' lang='grc' dir='ltr'>καθαρόν,</span> <span class='ocrx_word' id='word_1_383' title='bbox 2273 1453 2357 1507; x_wconf 80' lang='grc' dir='ltr'>ὄψον</span> <span class='ocrx_word' id='word_1_384' title='bbox 2373 1454 2424 1505; x_wconf 79' lang='grc' dir='ltr'>μὴ</span> <span class='ocrx_word' id='word_1_385' title='bbox 2439 1454 2481 1494; x_wconf 84' lang='grc' dir='ltr'>τὸ</span> 
     </span>
     <span class='ocr_line' id='line_1_53' title="bbox 1432 1500 2480 1561; baseline 0.009 -18"><span class='ocrx_word' id='word_1_386' title='bbox 1432 1507 1553 1558; x_wconf 87' lang='grc' dir='ltr'>τυχόν,</span> <span class='ocrx_word' id='word_1_387' title='bbox 1573 1500 1663 1545; x_wconf 69' lang='grc' dir='ltr'>οἶνον</span> <span class='ocrx_word' id='word_1_388' title='bbox 1681 1506 1779 1555; x_wconf 79' lang='grc' dir='ltr'>ἡδύν,</span> <span class='ocrx_word' id='word_1_389' title='bbox 1800 1509 1975 1561; x_wconf 75' lang='grc' dir='ltr'>ὑποδοχὰς</span> <span class='ocrx_word' id='word_1_390' title='bbox 1993 1509 2054 1554; x_wconf 84' lang='grc' dir='ltr'>τὰς</span> <span class='ocrx_word' id='word_1_391' title='bbox 2083 1511 2342 1556; x_wconf 74' lang='grc' dir='ltr'>ε’πιὸαλλούσας</span> <span class='ocrx_word' id='word_1_392' title='bbox 2363 1513 2480 1552; x_wconf 82' lang='grc' dir='ltr'>πάντα</span> 
     </span>
     <span class='ocr_line' id='line_1_54' title="bbox 1431 1567 2480 1623; baseline 0.008 -20"><span class='ocrx_word' id='word_1_393' title='bbox 1431 1567 1651 1614; x_wconf 85' lang='grc' dir='ltr'>πολυτελεῖς,</span> <span class='ocrx_word' id='word_1_394' title='bbox 1668 1580 1785 1617; x_wconf 89' lang='lat' dir='ltr'>quum</span> <span class='ocrx_word' id='word_1_395' title='bbox 1806 1568 1925 1617; x_wconf 84' lang='lat' dir='ltr'>vulgo</span> <span class='ocrx_word' id='word_1_396' title='bbox 1944 1569 2137 1618; x_wconf 82' lang='lat' dir='ltr'>legeretur</span> <span class='ocrx_word' id='word_1_397' title='bbox 2156 1584 2166 1609; x_wconf 76' lang='grc' dir='ltr'>ε</span> <span class='ocrx_word' id='word_1_398' title='bbox 2189 1569 2300 1609; x_wconf 83' lang='grc' dir='ltr'>οἰκίαν</span> <span class='ocrx_word' id='word_1_399' title='bbox 2321 1571 2480 1623; x_wconf 83' lang='grc' dir='ltr'>μεγάλην</span> 
     </span>
     <span class='ocr_line' id='line_1_55' title="bbox 1432 1623 2480 1682; baseline 0.009 -22"><span class='ocrx_word' id='word_1_400' title='bbox 1432 1625 1479 1667; x_wconf 86' lang='grc' dir='ltr'>εἷς</span> <span class='ocrx_word' id='word_1_401' title='bbox 1512 1624 1551 1663; x_wconf 81' lang='grc' dir='ltr'>τὸ</span> <span class='ocrx_word' id='word_1_402' title='bbox 1580 1625 1796 1674; x_wconf 85' lang='grc' dir='ltr'>σύνδειπνον,</span> <span class='ocrx_word' id='word_1_403' title='bbox 1821 1623 1913 1669; x_wconf 78' lang='grc' dir='ltr'>ὅπως</span> <span class='ocrx_word' id='word_1_404' title='bbox 1947 1626 2046 1679; x_wconf 84' lang='grc' dir='ltr'>ἄρτοι</span> <span class='ocrx_word' id='word_1_405' title='bbox 2069 1629 2238 1681; x_wconf 80' lang='grc' dir='ltr'>καθαροί,</span> <span class='ocrx_word' id='word_1_406' title='bbox 2265 1628 2349 1682; x_wconf 82' lang='grc' dir='ltr'>ὄψον</span> <span class='ocrx_word' id='word_1_407' title='bbox 2370 1633 2420 1681; x_wconf 82' lang='grc' dir='ltr'>μὴ</span> <span class='ocrx_word' id='word_1_408' title='bbox 2439 1629 2480 1670; x_wconf 72' lang='grc' dir='ltr'>τὸ</span> 
     </span>
     <span class='ocr_line' id='line_1_56' title="bbox 1430 1678 2481 1736; baseline 0.008 -17"><span class='ocrx_word' id='word_1_409' title='bbox 1430 1682 1549 1734; x_wconf 80' lang='grc' dir='ltr'>τυχόν,</span> <span class='ocrx_word' id='word_1_410' title='bbox 1584 1678 1671 1726; x_wconf 77' lang='grc' dir='ltr'>οἶνος</span> <span class='ocrx_word' id='word_1_411' title='bbox 1705 1683 1811 1732; x_wconf 77' lang='grc' dir='ltr'>ἡδύς,</span> <span class='ocrx_word' id='word_1_412' title='bbox 1835 1684 2008 1736; x_wconf 78' lang='grc' dir='ltr'>ὑποδοχὰς</span> <span class='ocrx_word' id='word_1_413' title='bbox 2039 1685 2100 1730; x_wconf 85' lang='grc' dir='ltr'>τὰς</span> <span class='ocrx_word' id='word_1_414' title='bbox 2132 1686 2391 1732; x_wconf 72' lang='grc' dir='ltr'>ἐπιὸαλλούσας</span> <span class='ocrx_word' id='word_1_415' title='bbox 2421 1687 2481 1727; x_wconf 79' lang='grc' dir='ltr'>ἵνα</span> 
     </span>
     <span class='ocr_line' id='line_1_57' title="bbox 1429 1743 1652 1792; baseline 0.009 -13"><span class='ocrx_word' id='word_1_416' title='bbox 1429 1743 1652 1792; x_wconf 75' lang='grc' dir='ltr'>πολυτελῶς.)</span> 
     </span>
    </p>

    <p class='ocr_par' dir='ltr' id='par_1_9' title="bbox 1428 1800 2480 2091">
     <span class='ocr_line' id='line_1_58' title="bbox 1483 1800 2480 1856; baseline 0.007 -19"><span class='ocrx_word' id='word_1_417' title='bbox 1483 1813 1531 1838; x_wconf 70' lang='lat'>50.</span> <span class='ocrx_word' id='word_1_418' title='bbox 1564 1801 1608 1839; x_wconf 83' lang='grc' dir='ltr'>Εἰ</span> <span class='ocrx_word' id='word_1_419' title='bbox 1637 1800 1671 1839; x_wconf 82' lang='grc' dir='ltr'>δὲ</span> <span class='ocrx_word' id='word_1_420' title='bbox 1698 1802 1762 1839; x_wconf 83' lang='grc' dir='ltr'>δεῖ·</span> <span class='ocrx_word' id='word_1_421' title='bbox 1779 1801 1836 1840; x_wconf 78' lang='grc' dir='ltr'>τὸν</span> <span class='ocrx_word' id='word_1_422' title='bbox 1862 1801 2051 1852; x_wconf 79' lang='grc' dir='ltr'>εὐδαίμονα</span> <span class='ocrx_word' id='word_1_423' title='bbox 2084 1803 2156 1856; x_wconf 89' lang='grc' dir='ltr'>βίον</span> <span class='ocrx_word' id='word_1_424' title='bbox 2181 1806 2222 1843; x_wconf 84' lang='grc' dir='ltr'>ἐκ</span> <span class='ocrx_word' id='word_1_425' title='bbox 2240 1807 2310 1843; x_wconf 85' lang='grc' dir='ltr'>τῶν</span> <span class='ocrx_word' id='word_1_426' title='bbox 2328 1806 2480 1845; x_wconf 64' lang='grc' dir='ltr'>πλεονα-</span> 
     </span>
     <span class='ocr_line' id='line_1_59' title="bbox 1428 1859 2478 1916; baseline 0.01 -21"><span class='ocrx_word' id='word_1_427' title='bbox 1428 1859 1556 1903; x_wconf 83' lang='grc' dir='ltr'>ζουσῶν</span> <span class='ocrx_word' id='word_1_428' title='bbox 1577 1859 1710 1906; x_wconf 77' lang='grc' dir='ltr'>ἡδονῶν</span> <span class='ocrx_word' id='word_1_429' title='bbox 1732 1861 1887 1912; x_wconf 81' lang='grc' dir='ltr'>ἐγκρῖναι</span> <span class='ocrx_word' id='word_1_430' title='bbox 1897 1890 1908 1907; x_wconf 95' lang='grc'>,</span> <span class='ocrx_word' id='word_1_431' title='bbox 1923 1861 2034 1905; x_wconf 80' lang='grc' dir='ltr'>οὐδείς</span> <span class='ocrx_word' id='word_1_432' title='bbox 2046 1891 2056 1909; x_wconf 92' lang='grc'>,</span> <span class='ocrx_word' id='word_1_433' title='bbox 2074 1862 2178 1915; x_wconf 82' lang='grc' dir='ltr'>φησὶν</span> <span class='ocrx_word' id='word_1_434' title='bbox 2195 1865 2214 1902; x_wconf 81' lang='grc' dir='ltr'>ὁ</span> <span class='ocrx_word' id='word_1_435' title='bbox 2230 1863 2392 1916; x_wconf 82' lang='grc' dir='ltr'>Κράτης,</span> <span class='ocrx_word' id='word_1_436' title='bbox 2416 1867 2478 1905; x_wconf 80' lang='grc' dir='ltr'>εὖ·</span> 
     </span>
     <span class='ocr_line' id='line_1_60' title="bbox 1430 1916 2477 1974; baseline 0.009 -20"><span class='ocrx_word' id='word_1_437' title='bbox 1430 1916 1564 1966; x_wconf 86' lang='grc' dir='ltr'>δαίμων</span> <span class='ocrx_word' id='word_1_438' title='bbox 1585 1917 1733 1969; x_wconf 86' lang='grc' dir='ltr'>γεγονὼς</span> <span class='ocrx_word' id='word_1_439' title='bbox 1749 1916 1791 1956; x_wconf 83' lang='grc' dir='ltr'>ἂν</span> <span class='ocrx_word' id='word_1_440' title='bbox 1812 1918 1867 1964; x_wconf 88' lang='grc' dir='ltr'>εἴη</span> <span class='ocrx_word' id='word_1_441' title='bbox 1878 1948 1892 1969; x_wconf 84' lang='grc'>,</span> <span class='ocrx_word' id='word_1_442' title='bbox 1909 1920 1988 1957; x_wconf 88' lang='grc' dir='ltr'>ἀλλ’</span> <span class='ocrx_word' id='word_1_443' title='bbox 2002 1921 2033 1958; x_wconf 89' lang='grc' dir='ltr'>εἷ</span> <span class='ocrx_word' id='word_1_444' title='bbox 2052 1921 2143 1959; x_wconf 86' lang='grc' dir='ltr'>θέλει</span> <span class='ocrx_word' id='word_1_445' title='bbox 2159 1937 2210 1966; x_wconf 89' lang='grc' dir='ltr'>τις</span> <span class='ocrx_word' id='word_1_446' title='bbox 2227 1923 2477 1974; x_wconf 80' lang='grc' dir='ltr'>ἐκλογίσασθαι</span> 
     </span>
     <span class='ocr_line' id='line_1_61' title="bbox 1431 1974 2475 2036; baseline 0.008 -23"><span class='ocrx_word' id='word_1_447' title='bbox 1431 1977 1465 2014; x_wconf 82' lang='grc' dir='ltr'>ἐν</span> <span class='ocrx_word' id='word_1_448' title='bbox 1497 1975 1567 2028; x_wconf 75' lang='grc' dir='ltr'>ὅλῳ</span> <span class='ocrx_word' id='word_1_449' title='bbox 1600 1979 1649 2029; x_wconf 82' lang='grc' dir='ltr'>τῷ</span> <span class='ocrx_word' id='word_1_450' title='bbox 1681 1977 1746 2028; x_wconf 85' lang='grc' dir='ltr'>βίῳ</span> <span class='ocrx_word' id='word_1_451' title='bbox 1774 1977 1890 2021; x_wconf 85' lang='grc' dir='ltr'>πάσας</span> <span class='ocrx_word' id='word_1_452' title='bbox 1922 1978 1983 2022; x_wconf 81' lang='grc' dir='ltr'>τὰς</span> <span class='ocrx_word' id='word_1_453' title='bbox 2012 1979 2176 2029; x_wconf 81' lang='grc' dir='ltr'>ἡλικίας,</span> <span class='ocrx_word' id='word_1_454' title='bbox 2197 1974 2335 2033; x_wconf 75' lang='grc' dir='ltr'>εὑρήσει</span> <span class='ocrx_word' id='word_1_455' title='bbox 2354 1983 2475 2036; x_wconf 77' lang='grc' dir='ltr'>πολλῷ</span> 
     </span>
     <span class='ocr_line' id='line_1_62' title="bbox 1430 2034 2475 2091; baseline 0.008 -20"><span class='ocrx_word' id='word_1_456' title='bbox 1430 2034 1568 2078; x_wconf 89' lang='grc' dir='ltr'>πλείους</span> <span class='ocrx_word' id='word_1_457' title='bbox 1585 2035 1647 2078; x_wconf 75' lang='grc' dir='ltr'>τὰς</span> <span class='ocrx_word' id='word_1_458' title='bbox 1665 2035 1873 2087; x_wconf 83' lang='grc' dir='ltr'>ἀλγηδόνας.</span> <span class='ocrx_word' id='word_1_459' title='bbox 1930 2039 2078 2089; x_wconf 90' lang='grc' dir='ltr'>Πρῶτον</span> <span class='ocrx_word' id='word_1_460' title='bbox 2099 2037 2162 2089; x_wconf 87' lang='grc' dir='ltr'>μὲν</span> <span class='ocrx_word' id='word_1_461' title='bbox 2181 2038 2248 2091; x_wconf 83' lang='grc' dir='ltr'>γὰρ</span> <span class='ocrx_word' id='word_1_462' title='bbox 2264 2042 2325 2078; x_wconf 76' lang='grc' dir='ltr'>τοῦ</span> <span class='ocrx_word' id='word_1_463' title='bbox 2344 2039 2475 2085; x_wconf 82' lang='grc' dir='ltr'>παντὸς</span> 
     </span>
    </p>
   </div>
   <div class='ocr_carea' id='block_1_5' title="bbox 321 2116 2468 2132">
    <p class='ocr_par' dir='ltr' id='par_1_10' title="bbox 321 2116 2468 2132">
     <span class='ocr_line' id='line_1_63' title="bbox 321 2116 2468 2132; baseline 0 1696"><span class='ocrx_word' id='word_1_464' title='bbox 321 2116 2468 2132; x_wconf 95' lang='lat' dir='ltr'> </span> 
     </span>
    </p>
   </div>
   <div class='ocr_carea' id='block_1_6' title="bbox 317 2157 1363 3488">
    <p class='ocr_par' dir='ltr' id='par_1_11' title="bbox 317 2157 1363 2788">
     <span class='ocr_line' id='line_1_64' title="bbox 359 2157 1362 2197; baseline -0.002 -7"><span class='ocrx_word' id='word_1_465' title='bbox 359 2162 409 2191; x_wconf 82' lang='grc'>48.</span> <span class='ocrx_word' id='word_1_466' title='bbox 433 2158 651 2197; x_wconf 84' lang='lat' dir='ltr'><strong>Quamobrem</strong></span> <span class='ocrx_word' id='word_1_467' title='bbox 669 2158 765 2190; x_wconf 88' lang='lat' dir='ltr'>etiam</span> <span class='ocrx_word' id='word_1_468' title='bbox 798 2159 910 2191; x_wconf 89' lang='lat' dir='ltr'>Crates</span> <span class='ocrx_word' id='word_1_469' title='bbox 929 2158 1050 2190; x_wconf 89' lang='lat' dir='ltr'>homini</span> <span class='ocrx_word' id='word_1_470' title='bbox 1077 2157 1203 2189; x_wconf 89' lang='lat' dir='ltr'>cuidam</span> <span class='ocrx_word' id='word_1_471' title='bbox 1227 2157 1362 2189; x_wconf 86' lang='lat' dir='ltr'>interro-</span> 
     </span>
     <span class='ocr_line' id='line_1_65' title="bbox 318 2219 1361 2261; baseline -0.001 -10"><span class='ocrx_word' id='word_1_472' title='bbox 318 2219 424 2261; x_wconf 86' lang='lat' dir='ltr'>ganti,</span> <span class='ocrx_word' id='word_1_473' title='bbox 443 2228 540 2260; x_wconf 90' lang='lat' dir='ltr'>quem</span> <span class='ocrx_word' id='word_1_474' title='bbox 558 2219 697 2252; x_wconf 79' lang='lat' dir='ltr'>fructum</span> <span class='ocrx_word' id='word_1_475' title='bbox 711 2228 731 2260; x_wconf 78' lang='lat' dir='ltr'>e</span> <span class='ocrx_word' id='word_1_476' title='bbox 745 2219 909 2261; x_wconf 73' lang='lat' dir='ltr'>sapientiae</span> <span class='ocrx_word' id='word_1_477' title='bbox 925 2219 1031 2251; x_wconf 89' lang='lat' dir='ltr'>studio</span> <span class='ocrx_word' id='word_1_478' title='bbox 1047 2221 1254 2260; x_wconf 89' lang='lat' dir='ltr'>percepturus</span> <span class='ocrx_word' id='word_1_479' title='bbox 1266 2220 1361 2259; x_wconf 88' lang='lat' dir='ltr'>esset,</span> 
     </span>
     <span class='ocr_line' id='line_1_66' title="bbox 317 2277 1362 2319; baseline -0.002 -9"><span class='ocrx_word' id='word_1_480' title='bbox 317 2277 528 2319; x_wconf 88' lang='lat' dir='ltr'>Marsupium,</span> <span class='ocrx_word' id='word_1_481' title='bbox 544 2277 658 2318; x_wconf 83' lang='lat' dir='ltr'>inquit,</span> <span class='ocrx_word' id='word_1_482' title='bbox 676 2278 766 2310; x_wconf 83' lang='lat' dir='ltr'>facile</span> <span class='ocrx_word' id='word_1_483' title='bbox 784 2278 905 2318; x_wconf 88' lang='lat' dir='ltr'>aperire</span> <span class='ocrx_word' id='word_1_484' title='bbox 922 2277 1057 2318; x_wconf 85' lang='lat' dir='ltr'>poteris,</span> <span class='ocrx_word' id='word_1_485' title='bbox 1075 2280 1107 2309; x_wconf 89' lang='lat' dir='ltr'>et</span> <span class='ocrx_word' id='word_1_486' title='bbox 1124 2285 1218 2309; x_wconf 90' lang='lat' dir='ltr'>manu</span> <span class='ocrx_word' id='word_1_487' title='bbox 1234 2278 1362 2310; x_wconf 87' lang='lat' dir='ltr'>exemta</span> 
     </span>
     <span class='ocr_line' id='line_1_67' title="bbox 317 2336 1363 2377; baseline -0.002 -8"><span class='ocrx_word' id='word_1_488' title='bbox 317 2336 466 2377; x_wconf 81' lang='lat' dir='ltr'>expedite</span> <span class='ocrx_word' id='word_1_489' title='bbox 486 2336 556 2369; x_wconf 89' lang='lat' dir='ltr'>aliis</span> <span class='ocrx_word' id='word_1_490' title='bbox 574 2336 712 2377; x_wconf 91' lang='lat' dir='ltr'>donare,</span> <span class='ocrx_word' id='word_1_491' title='bbox 728 2345 792 2368; x_wconf 91' lang='lat' dir='ltr'>non</span> <span class='ocrx_word' id='word_1_492' title='bbox 819 2336 862 2368; x_wconf 90' lang='lat' dir='ltr'>ita</span> <span class='ocrx_word' id='word_1_493' title='bbox 888 2337 924 2368; x_wconf 90' lang='lat' dir='ltr'>ut</span> <span class='ocrx_word' id='word_1_494' title='bbox 950 2345 1035 2368; x_wconf 87' lang='lat' dir='ltr'>nunc</span> <span class='ocrx_word' id='word_1_495' title='bbox 1055 2336 1152 2376; x_wconf 81' lang='lat' dir='ltr'>sacis,</span> <span class='ocrx_word' id='word_1_496' title='bbox 1168 2344 1302 2368; x_wconf 83' lang='lat' dir='ltr'>versans</span> <span class='ocrx_word' id='word_1_497' title='bbox 1330 2336 1363 2367; x_wconf 87' lang='lat' dir='ltr'>et</span> 
     </span>
     <span class='ocr_line' id='line_1_68' title="bbox 317 2394 1362 2436; baseline -0.001 -9"><span class='ocrx_word' id='word_1_498' title='bbox 317 2397 473 2428; x_wconf 81' lang='lat' dir='ltr'>cunctans</span> <span class='ocrx_word' id='word_1_499' title='bbox 489 2398 715 2436; x_wconf 87' lang='lat' dir='ltr'>tremensque,</span> <span class='ocrx_word' id='word_1_500' title='bbox 732 2404 842 2428; x_wconf 90' lang='lat' dir='ltr'>eorum</span> <span class='ocrx_word' id='word_1_501' title='bbox 863 2396 963 2427; x_wconf 89' lang='lat' dir='ltr'>instar</span> <span class='ocrx_word' id='word_1_502' title='bbox 979 2404 1115 2436; x_wconf 87' lang='lat' dir='ltr'>quorum</span> <span class='ocrx_word' id='word_1_503' title='bbox 1134 2403 1248 2427; x_wconf 91' lang='lat' dir='ltr'>manus</span> <span class='ocrx_word' id='word_1_504' title='bbox 1271 2394 1362 2426; x_wconf 89' lang='lat' dir='ltr'>debi-</span> 
     </span>
     <span class='ocr_line' id='line_1_69' title="bbox 318 2451 1362 2495; baseline -0.002 -10"><span class='ocrx_word' id='word_1_505' title='bbox 318 2454 418 2486; x_wconf 82' lang='lat' dir='ltr'>litatae</span> <span class='ocrx_word' id='word_1_506' title='bbox 445 2456 531 2486; x_wconf 87' lang='lat' dir='ltr'>sunt.</span> <span class='ocrx_word' id='word_1_507' title='bbox 575 2453 638 2487; x_wconf 90' lang='lat' dir='ltr'>Sed</span> <span class='ocrx_word' id='word_1_508' title='bbox 662 2453 689 2486; x_wconf 91' lang='lat' dir='ltr'>si</span> <span class='ocrx_word' id='word_1_509' title='bbox 715 2453 843 2495; x_wconf 86' lang='lat' dir='ltr'>plenum</span> <span class='ocrx_word' id='word_1_510' title='bbox 873 2454 988 2493; x_wconf 85' lang='lat' dir='ltr'>suerit,</span> <span class='ocrx_word' id='word_1_511' title='bbox 1015 2454 1128 2485; x_wconf 86' lang='lat' dir='ltr'>eodem</span> <span class='ocrx_word' id='word_1_512' title='bbox 1158 2452 1254 2484; x_wconf 90' lang='lat' dir='ltr'>modo</span> <span class='ocrx_word' id='word_1_513' title='bbox 1284 2451 1362 2484; x_wconf 88' lang='lat' dir='ltr'>illud</span> 
     </span>
     <span class='ocr_line' id='line_1_70' title="bbox 318 2511 1363 2554; baseline -0.001 -10"><span class='ocrx_word' id='word_1_514' title='bbox 318 2513 467 2554; x_wconf 80' lang='lat' dir='ltr'>aspicies3</span> <span class='ocrx_word' id='word_1_515' title='bbox 486 2515 519 2545; x_wconf 87' lang='lat' dir='ltr'>et</span> <span class='ocrx_word' id='word_1_516' title='bbox 536 2520 674 2545; x_wconf 86' lang='lat' dir='ltr'>vacuum</span> <span class='ocrx_word' id='word_1_517' title='bbox 693 2512 830 2545; x_wconf 79' lang='lat' dir='ltr'>intuitus</span> <span class='ocrx_word' id='word_1_518' title='bbox 843 2537 852 2553; x_wconf 91' lang='lat'>,</span> <span class='ocrx_word' id='word_1_519' title='bbox 869 2521 932 2544; x_wconf 89' lang='lat' dir='ltr'>non</span> <span class='ocrx_word' id='word_1_520' title='bbox 952 2512 1086 2545; x_wconf 86' lang='lat' dir='ltr'><strong>dolebis.</strong></span> <span class='ocrx_word' id='word_1_521' title='bbox 1115 2513 1213 2544; x_wconf 89' lang='lat' dir='ltr'>Porro</span> <span class='ocrx_word' id='word_1_522' title='bbox 1229 2511 1255 2543; x_wconf 88' lang='lat' dir='ltr'>si</span> <span class='ocrx_word' id='word_1_523' title='bbox 1269 2519 1363 2543; x_wconf 91' lang='lat' dir='ltr'>num-</span> 
     </span>
     <span class='ocr_line' id='line_1_71' title="bbox 319 2570 1363 2612; baseline -0.002 -9"><span class='ocrx_word' id='word_1_524' title='bbox 319 2573 380 2603; x_wconf 85' lang='lat' dir='ltr'>mis</span> <span class='ocrx_word' id='word_1_525' title='bbox 402 2572 447 2603; x_wconf 86' lang='lat' dir='ltr'>uti</span> <span class='ocrx_word' id='word_1_526' title='bbox 471 2571 641 2611; x_wconf 82' lang='lat' dir='ltr'>statueris,</span> <span class='ocrx_word' id='word_1_527' title='bbox 663 2571 754 2603; x_wconf 83' lang='lat' dir='ltr'>facile</span> <span class='ocrx_word' id='word_1_528' title='bbox 773 2571 913 2612; x_wconf 87' lang='lat' dir='ltr'>poteris;</span> <span class='ocrx_word' id='word_1_529' title='bbox 932 2574 963 2603; x_wconf 88' lang='lat' dir='ltr'>et</span> <span class='ocrx_word' id='word_1_530' title='bbox 982 2571 1008 2603; x_wconf 91' lang='lat' dir='ltr'>si</span> <span class='ocrx_word' id='word_1_531' title='bbox 1040 2571 1115 2602; x_wconf 87' lang='lat' dir='ltr'>nihil</span> <span class='ocrx_word' id='word_1_532' title='bbox 1136 2570 1273 2610; x_wconf 89' lang='lat' dir='ltr'>habeas,</span> <span class='ocrx_word' id='word_1_533' title='bbox 1299 2578 1363 2602; x_wconf 92' lang='lat' dir='ltr'>non</span> 
     </span>
     <span class='ocr_line' id='line_1_72' title="bbox 318 2630 1362 2671; baseline -0.001 -9"><span class='ocrx_word' id='word_1_534' title='bbox 318 2630 380 2662; x_wconf 89' lang='lat' dir='ltr'>alia</span> <span class='ocrx_word' id='word_1_535' title='bbox 395 2630 608 2671; x_wconf 82' lang='lat' dir='ltr'>desiderabis,</span> <span class='ocrx_word' id='word_1_536' title='bbox 624 2630 680 2662; x_wconf 88' lang='lat' dir='ltr'>sed</span> <span class='ocrx_word' id='word_1_537' title='bbox 697 2631 864 2662; x_wconf 92' lang='lat' dir='ltr'>contentus</span> <span class='ocrx_word' id='word_1_538' title='bbox 883 2630 974 2662; x_wconf 86' lang='lat' dir='ltr'>vives</span> <span class='ocrx_word' id='word_1_539' title='bbox 996 2630 1209 2671; x_wconf 85' lang='lat' dir='ltr'>praesentibus</span> <span class='ocrx_word' id='word_1_540' title='bbox 1220 2653 1230 2670; x_wconf 94' lang='lat'>‚</span> <span class='ocrx_word' id='word_1_541' title='bbox 1250 2638 1362 2661; x_wconf 88' lang='lat' dir='ltr'>eorum</span> 
     </span>
     <span class='ocr_line' id='line_1_73' title="bbox 319 2688 1361 2730; baseline -0.002 -10"><span class='ocrx_word' id='word_1_542' title='bbox 319 2697 393 2728; x_wconf 74' lang='lat' dir='ltr'>quze</span> <span class='ocrx_word' id='word_1_543' title='bbox 424 2688 541 2721; x_wconf 87' lang='lat' dir='ltr'>absunt</span> <span class='ocrx_word' id='word_1_544' title='bbox 567 2697 632 2721; x_wconf 90' lang='lat' dir='ltr'>non</span> <span class='ocrx_word' id='word_1_545' title='bbox 655 2689 808 2730; x_wconf 90' lang='lat' dir='ltr'>appetens</span> <span class='ocrx_word' id='word_1_546' title='bbox 834 2701 842 2720; x_wconf 77' lang='lat' dir='ltr'><strong><em>z</em></strong></span> <span class='ocrx_word' id='word_1_547' title='bbox 876 2688 1014 2729; x_wconf 87' lang='lat' dir='ltr'>denique</span> <span class='ocrx_word' id='word_1_548' title='bbox 1043 2689 1075 2720; x_wconf 90' lang='lat' dir='ltr'>in</span> <span class='ocrx_word' id='word_1_549' title='bbox 1105 2697 1213 2721; x_wconf 90' lang='lat' dir='ltr'>rerum</span> <span class='ocrx_word' id='word_1_550' title='bbox 1244 2690 1361 2720; x_wconf 85' lang='lat' dir='ltr'>eventu</span> 
     </span>
     <span class='ocr_line' id='line_1_74' title="bbox 318 2747 513 2788; baseline -0.005 -8"><span class='ocrx_word' id='word_1_551' title='bbox 318 2747 513 2788; x_wconf 83' lang='lat' dir='ltr'>acquiesces.</span> 
     </span>
    </p>

    <p class='ocr_par' dir='ltr' id='par_1_12' title="bbox 320 2805 1362 3488">
     <span class='ocr_line' id='line_1_75' title="bbox 363 2805 1361 2846; baseline -0.001 -8"><span class='ocrx_word' id='word_1_552' title='bbox 363 2809 416 2839; x_wconf 81' lang='grc'>49.</span> <span class='ocrx_word' id='word_1_553' title='bbox 441 2808 548 2844; x_wconf 81' lang='lat' dir='ltr'>Quare</span> <span class='ocrx_word' id='word_1_554' title='bbox 563 2806 590 2838; x_wconf 90' lang='lat' dir='ltr'>si</span> <span class='ocrx_word' id='word_1_555' title='bbox 608 2806 657 2838; x_wconf 82' lang='lat' dir='ltr'>vis</span> <span class='ocrx_word' id='word_1_556' title='bbox 676 2806 775 2838; x_wconf 80' lang='lat' dir='ltr'>tilium</span> <span class='ocrx_word' id='word_1_557' title='bbox 790 2809 882 2838; x_wconf 89' lang='lat' dir='ltr'>tuum</span> <span class='ocrx_word' id='word_1_558' title='bbox 895 2806 936 2838; x_wconf 90' lang='lat' dir='ltr'>ab</span> <span class='ocrx_word' id='word_1_559' title='bbox 948 2807 1085 2846; x_wconf 86' lang='lat' dir='ltr'>egestate</span> <span class='ocrx_word' id='word_1_560' title='bbox 1098 2807 1129 2838; x_wconf 88' lang='lat' dir='ltr'>et</span> <span class='ocrx_word' id='word_1_561' title='bbox 1142 2805 1361 2846; x_wconf 86' lang='lat' dir='ltr'>inopiatutum</span> 
     </span>
     <span class='ocr_line' id='line_1_76' title="bbox 321 2863 1360 2905; baseline -0.002 -9"><span class='ocrx_word' id='word_1_562' title='bbox 321 2865 491 2905; x_wconf 84' lang='lat' dir='ltr'>praestare,</span> <span class='ocrx_word' id='word_1_563' title='bbox 511 2864 578 2896; x_wconf 90' lang='lat' dir='ltr'>noli</span> <span class='ocrx_word' id='word_1_564' title='bbox 596 2873 670 2896; x_wconf 90' lang='lat' dir='ltr'>eum</span> <span class='ocrx_word' id='word_1_565' title='bbox 690 2864 729 2895; x_wconf 90' lang='lat' dir='ltr'>ad</span> <span class='ocrx_word' id='word_1_566' title='bbox 747 2864 955 2896; x_wconf 74' lang='lat' dir='ltr'>Ptolemaeum</span> <span class='ocrx_word' id='word_1_567' title='bbox 974 2864 1118 2903; x_wconf 86' lang='lat' dir='ltr'>mittere,</span> <span class='ocrx_word' id='word_1_568' title='bbox 1139 2867 1174 2895; x_wconf 91' lang='lat' dir='ltr'>ut</span> <span class='ocrx_word' id='word_1_569' title='bbox 1194 2863 1360 2904; x_wconf 88' lang='lat' dir='ltr'>pecuniam</span> 
     </span>
     <span class='ocr_line' id='line_1_77' title="bbox 321 2921 1362 2964; baseline -0.003 -9"><span class='ocrx_word' id='word_1_570' title='bbox 321 2923 382 2956; x_wconf 86' lang='lat' dir='ltr'>sibi</span> <span class='ocrx_word' id='word_1_571' title='bbox 410 2923 556 2964; x_wconf 86' lang='lat' dir='ltr'>acquirat</span> <span class='ocrx_word' id='word_1_572' title='bbox 583 2936 591 2955; x_wconf 88' lang='lat'>:</span> <span class='ocrx_word' id='word_1_573' title='bbox 620 2922 762 2963; x_wconf 86' lang='lat' dir='ltr'>alioquin</span> <span class='ocrx_word' id='word_1_574' title='bbox 784 2923 962 2962; x_wconf 80' lang='lat' dir='ltr'>arrogantia</span> <span class='ocrx_word' id='word_1_575' title='bbox 993 2924 1105 2954; x_wconf 87' lang='lat' dir='ltr'>auctus</span> <span class='ocrx_word' id='word_1_576' title='bbox 1135 2922 1253 2960; x_wconf 90' lang='lat' dir='ltr'>abibit,</span> <span class='ocrx_word' id='word_1_577' title='bbox 1282 2921 1362 2953; x_wconf 85' lang='lat' dir='ltr'>nihil</span> 
     </span>
     <span class='ocr_line' id='line_1_78' title="bbox 320 2979 1360 3022; baseline -0.002 -9"><span class='ocrx_word' id='word_1_578' title='bbox 320 2983 429 3013; x_wconf 88' lang='lat' dir='ltr'>autem</span> <span class='ocrx_word' id='word_1_579' title='bbox 450 2980 614 3022; x_wconf 84' lang='lat' dir='ltr'>proliciet;</span> <span class='ocrx_word' id='word_1_580' title='bbox 637 2989 749 3012; x_wconf 88' lang='lat' dir='ltr'>verum</span> <span class='ocrx_word' id='word_1_581' title='bbox 767 2980 798 3011; x_wconf 92' lang='lat' dir='ltr'>in</span> <span class='ocrx_word' id='word_1_582' title='bbox 815 2979 1018 3012; x_wconf 83' lang='lat' dir='ltr'>Academiam</span> <span class='ocrx_word' id='word_1_583' title='bbox 1038 2979 1076 3011; x_wconf 91' lang='lat' dir='ltr'>ad</span> <span class='ocrx_word' id='word_1_584' title='bbox 1094 2981 1254 3012; x_wconf 88' lang='lat' dir='ltr'>Cratetem</span> <span class='ocrx_word' id='word_1_585' title='bbox 1267 3004 1276 3021; x_wconf 93' lang='lat'>,</span> <span class='ocrx_word' id='word_1_586' title='bbox 1306 2979 1360 3020; x_wconf 89' lang='lat' dir='ltr'>qui</span> 
     </span>
     <span class='ocr_line' id='line_1_79' title="bbox 320 3038 1362 3081; baseline -0.003 -7"><span class='ocrx_word' id='word_1_587' title='bbox 320 3038 468 3075; x_wconf 81' lang='lat' dir='ltr'>homines</span> <span class='ocrx_word' id='word_1_588' title='bbox 486 3038 680 3074; x_wconf 84' lang='lat' dir='ltr'>insatiabiles</span> <span class='ocrx_word' id='word_1_589' title='bbox 695 3050 733 3073; x_wconf 88' lang='lat' dir='ltr'>ac</span> <span class='ocrx_word' id='word_1_590' title='bbox 749 3043 933 3073; x_wconf 87' lang='lat' dir='ltr'>sumtuosos</span> <span class='ocrx_word' id='word_1_591' title='bbox 950 3039 1079 3072; x_wconf 86' lang='lat' dir='ltr'>reddere</span> <span class='ocrx_word' id='word_1_592' title='bbox 1096 3041 1199 3081; x_wconf 88' lang='lat' dir='ltr'>potuit</span> <span class='ocrx_word' id='word_1_593' title='bbox 1218 3040 1362 3072; x_wconf 88' lang='lat' dir='ltr'>liberales</span> 
     </span>
     <span class='ocr_line' id='line_1_80' title="bbox 321 3095 1361 3138; baseline -0.003 -8"><span class='ocrx_word' id='word_1_594' title='bbox 321 3100 353 3130; x_wconf 86' lang='lat' dir='ltr'>et</span> <span class='ocrx_word' id='word_1_595' title='bbox 375 3097 468 3138; x_wconf 78' lang='lat' dir='ltr'>frugi.</span> <span class='ocrx_word' id='word_1_596' title='bbox 501 3097 564 3130; x_wconf 88' lang='lat' dir='ltr'>Sed</span> <span class='ocrx_word' id='word_1_597' title='bbox 583 3097 752 3129; x_wconf 88' lang='lat' dir='ltr'>Metrocles</span> <span class='ocrx_word' id='word_1_598' title='bbox 770 3105 899 3137; x_wconf 90' lang='lat' dir='ltr'>quoque</span> <span class='ocrx_word' id='word_1_599' title='bbox 922 3095 992 3134; x_wconf 87' lang='lat' dir='ltr'>ille,</span> <span class='ocrx_word' id='word_1_600' title='bbox 1014 3105 1112 3136; x_wconf 89' lang='lat' dir='ltr'>quum</span> <span class='ocrx_word' id='word_1_601' title='bbox 1141 3096 1361 3136; x_wconf 85' lang='lat' dir='ltr'>Theophrasto</span> 
     </span>
     <span class='ocr_line' id='line_1_81' title="bbox 322 3145 1360 3196; baseline -0.003 -8"><span class='ocrx_word' id='word_1_602' title='bbox 322 3160 354 3188; x_wconf 87' lang='lat' dir='ltr'>et</span> <span class='ocrx_word' id='word_1_603' title='bbox 373 3156 543 3188; x_wconf 82' lang='lat' dir='ltr'>Xenocrati</span> <span class='ocrx_word' id='word_1_604' title='bbox 561 3164 689 3196; x_wconf 86' lang='lat' dir='ltr'>operam</span> <span class='ocrx_word' id='word_1_605' title='bbox 705 3154 817 3194; x_wconf 85' lang='lat' dir='ltr'>daret,</span> <span class='ocrx_word' id='word_1_606' title='bbox 837 3154 911 3186; x_wconf 86' lang='lat' dir='ltr'>licet</span> <span class='ocrx_word' id='word_1_607' title='bbox 934 3154 1033 3186; x_wconf 88' lang='lat' dir='ltr'>multa</span> <span class='ocrx_word' id='word_1_608' title='bbox 1050 3154 1110 3194; x_wconf 88' lang='lat' dir='ltr'>ipsi</span> <span class='ocrx_word' id='word_1_609' title='bbox 1129 3153 1225 3185; x_wconf 91' lang='lat' dir='ltr'>domo</span> <span class='ocrx_word' id='word_1_610' title='bbox 1251 3145 1360 3186; x_wconf 89' lang='lat' dir='ltr'>mitte-</span> 
     </span>
     <span class='ocr_line' id='line_1_82' title="bbox 322 3212 1359 3255; baseline -0.003 -8"><span class='ocrx_word' id='word_1_611' title='bbox 322 3217 445 3255; x_wconf 85' lang='lat' dir='ltr'>rentur,</span> <span class='ocrx_word' id='word_1_612' title='bbox 459 3215 612 3248; x_wconf 89' lang='lat' dir='ltr'>metuisse</span> <span class='ocrx_word' id='word_1_613' title='bbox 627 3223 662 3247; x_wconf 91' lang='lat' dir='ltr'>se</span> <span class='ocrx_word' id='word_1_614' title='bbox 676 3218 794 3253; x_wconf 89' lang='lat' dir='ltr'>tamen,</span> <span class='ocrx_word' id='word_1_615' title='bbox 808 3214 844 3245; x_wconf 90' lang='lat' dir='ltr'>ut</span> <span class='ocrx_word' id='word_1_616' title='bbox 856 3221 913 3254; x_wconf 89' lang='lat' dir='ltr'>par</span> <span class='ocrx_word' id='word_1_617' title='bbox 926 3214 986 3252; x_wconf 90' lang='lat' dir='ltr'>est,</span> <span class='ocrx_word' id='word_1_618' title='bbox 1001 3212 1117 3253; x_wconf 85' lang='lat' dir='ltr'>ajebat,</span> <span class='ocrx_word' id='word_1_619' title='bbox 1131 3221 1171 3244; x_wconf 92' lang='lat' dir='ltr'>ne</span> <span class='ocrx_word' id='word_1_620' title='bbox 1186 3213 1268 3244; x_wconf 79' lang='lat' dir='ltr'>same</span> <span class='ocrx_word' id='word_1_621' title='bbox 1289 3222 1359 3254; x_wconf 91' lang='lat' dir='ltr'>per-</span> 
     </span>
     <span class='ocr_line' id='line_1_83' title="bbox 323 3268 1362 3313; baseline -0.002 -10"><span class='ocrx_word' id='word_1_622' title='bbox 323 3271 382 3304; x_wconf 88' lang='lat' dir='ltr'>iret</span> <span class='ocrx_word' id='word_1_623' title='bbox 398 3280 588 3313; x_wconf 86' lang='lat' dir='ltr'>semperque</span> <span class='ocrx_word' id='word_1_624' title='bbox 600 3279 707 3304; x_wconf 89' lang='lat' dir='ltr'>rerum</span> <span class='ocrx_word' id='word_1_625' title='bbox 720 3270 865 3303; x_wconf 91' lang='lat' dir='ltr'>omnium</span> <span class='ocrx_word' id='word_1_626' title='bbox 877 3269 983 3310; x_wconf 90' lang='lat' dir='ltr'>inopia</span> <span class='ocrx_word' id='word_1_627' title='bbox 1001 3268 1159 3300; x_wconf 86' lang='lat' dir='ltr'>laboraret</span> <span class='ocrx_word' id='word_1_628' title='bbox 1178 3271 1210 3301; x_wconf 88' lang='lat' dir='ltr'>et</span> <span class='ocrx_word' id='word_1_629' title='bbox 1230 3270 1362 3310; x_wconf 89' lang='lat' dir='ltr'>penuria</span> 
     </span>
     <span class='ocr_line' id='line_1_84' title="bbox 324 3327 1360 3372; baseline 0 -11"><span class='ocrx_word' id='word_1_630' title='bbox 324 3330 506 3370; x_wconf 77' lang='lat' dir='ltr'>fatigaretur</span> <span class='ocrx_word' id='word_1_631' title='bbox 515 3342 525 3371; x_wconf 86' lang='lat'>;</span> <span class='ocrx_word' id='word_1_632' title='bbox 539 3332 649 3372; x_wconf 83' lang='lat' dir='ltr'>postea</span> <span class='ocrx_word' id='word_1_633' title='bbox 658 3339 748 3370; x_wconf 87' lang='lat' dir='ltr'>vero,</span> <span class='ocrx_word' id='word_1_634' title='bbox 758 3338 857 3370; x_wconf 87' lang='lat' dir='ltr'>quum</span> <span class='ocrx_word' id='word_1_635' title='bbox 869 3329 901 3360; x_wconf 92' lang='lat' dir='ltr'>in</span> <span class='ocrx_word' id='word_1_636' title='bbox 913 3327 1049 3360; x_wconf 84' lang='lat' dir='ltr'>Cratetis</span> <span class='ocrx_word' id='word_1_637' title='bbox 1058 3329 1161 3360; x_wconf 85' lang='lat' dir='ltr'>castra</span> <span class='ocrx_word' id='word_1_638' title='bbox 1170 3328 1360 3369; x_wconf 84' lang='lat' dir='ltr'>transiisset,</span> 
     </span>
     <span class='ocr_line' id='line_1_85' title="bbox 325 3386 1362 3430; baseline -0.001 -11"><span class='ocrx_word' id='word_1_639' title='bbox 325 3388 461 3421; x_wconf 86' lang='lat' dir='ltr'>alterum</span> <span class='ocrx_word' id='word_1_640' title='bbox 477 3389 589 3422; x_wconf 89' lang='lat' dir='ltr'>saltem</span> <span class='ocrx_word' id='word_1_641' title='bbox 605 3389 734 3430; x_wconf 89' lang='lat' dir='ltr'>insuper</span> <span class='ocrx_word' id='word_1_642' title='bbox 746 3388 864 3420; x_wconf 85' lang='lat' dir='ltr'>aluisse</span> <span class='ocrx_word' id='word_1_643' title='bbox 874 3412 883 3427; x_wconf 85' lang='lat'>‚</span> <span class='ocrx_word' id='word_1_644' title='bbox 897 3386 1044 3428; x_wconf 82' lang='lat' dir='ltr'>quamvis</span> <span class='ocrx_word' id='word_1_645' title='bbox 1063 3386 1139 3419; x_wconf 89' lang='lat' dir='ltr'>nihil</span> <span class='ocrx_word' id='word_1_646' title='bbox 1155 3386 1290 3427; x_wconf 84' lang='lat' dir='ltr'>amplius</span> <span class='ocrx_word' id='word_1_647' title='bbox 1303 3386 1362 3427; x_wconf 84' lang='lat' dir='ltr'>ipsi</span> 
     </span>
     <span class='ocr_line' id='line_1_86' title="bbox 326 3445 1359 3488; baseline 0.001 -11"><span class='ocrx_word' id='word_1_648' title='bbox 326 3446 516 3481; x_wconf 81' lang='lat' dir='ltr'>mitteretur.</span> <span class='ocrx_word' id='word_1_649' title='bbox 529 3449 621 3480; x_wconf 86' lang='lat' dir='ltr'>Tunc</span> <span class='ocrx_word' id='word_1_650' title='bbox 634 3447 717 3481; x_wconf 91' lang='lat' dir='ltr'>enim</span> <span class='ocrx_word' id='word_1_651' title='bbox 731 3456 811 3488; x_wconf 84' lang='lat' dir='ltr'>opus</span> <span class='ocrx_word' id='word_1_652' title='bbox 826 3449 893 3478; x_wconf 87' lang='lat' dir='ltr'>erat</span> <span class='ocrx_word' id='word_1_653' title='bbox 909 3446 1026 3478; x_wconf 87' lang='lat' dir='ltr'>habere</span> <span class='ocrx_word' id='word_1_654' title='bbox 1041 3445 1176 3485; x_wconf 86' lang='lat' dir='ltr'>calceos,</span> <span class='ocrx_word' id='word_1_655' title='bbox 1189 3446 1359 3486; x_wconf 59' lang='lat' dir='ltr'>praesertitn</span> 
     </span>
    </p>
   </div>
   <div class='ocr_carea' id='block_1_7' title="bbox 1422 2159 2473 3488">
    <p class='ocr_par' dir='ltr' id='par_1_13' title="bbox 1422 2159 2473 3370">
     <span class='ocr_line' id='line_1_87' title="bbox 1425 2159 2470 2200; baseline 0.007 -11"><span class='ocrx_word' id='word_1_656' title='bbox 1425 2166 1488 2189; x_wconf 89' lang='lat' dir='ltr'>non</span> <span class='ocrx_word' id='word_1_657' title='bbox 1506 2161 1676 2198; x_wconf 82' lang='lat' dir='ltr'>consutos,</span> <span class='ocrx_word' id='word_1_658' title='bbox 1691 2167 1728 2190; x_wconf 86' lang='lat' dir='ltr'>ac</span> <span class='ocrx_word' id='word_1_659' title='bbox 1745 2159 1814 2192; x_wconf 89' lang='lat' dir='ltr'>sine</span> <span class='ocrx_word' id='word_1_660' title='bbox 1838 2160 1955 2200; x_wconf 88' lang='lat' dir='ltr'>clavis,</span> <span class='ocrx_word' id='word_1_661' title='bbox 1968 2160 2082 2193; x_wconf 89' lang='lat' dir='ltr'>deinde</span> <span class='ocrx_word' id='word_1_662' title='bbox 2104 2160 2219 2194; x_wconf 87' lang='lat' dir='ltr'>laenam</span> <span class='ocrx_word' id='word_1_663' title='bbox 2241 2162 2419 2196; x_wconf 85' lang='lat' dir='ltr'>tenuiorem</span> <span class='ocrx_word' id='word_1_664' title='bbox 2437 2165 2470 2196; x_wconf 83' lang='lat' dir='ltr'>et</span> 
     </span>
     <span class='ocr_line' id='line_1_88' title="bbox 1426 2217 2472 2262; baseline 0.006 -14"><span class='ocrx_word' id='word_1_665' title='bbox 1426 2217 1603 2250; x_wconf 88' lang='lat' dir='ltr'>molliorem</span> <span class='ocrx_word' id='word_1_666' title='bbox 1615 2241 1625 2258; x_wconf 88' lang='lat'>,</span> <span class='ocrx_word' id='word_1_667' title='bbox 1642 2218 1835 2250; x_wconf 78' lang='lat' dir='ltr'>famulorum</span> <span class='ocrx_word' id='word_1_668' title='bbox 1860 2218 2068 2260; x_wconf 80' lang='lat' dir='ltr'>comitatum,</span> <span class='ocrx_word' id='word_1_669' title='bbox 2084 2219 2170 2252; x_wconf 84' lang='lat' dir='ltr'>aedes</span> <span class='ocrx_word' id='word_1_670' title='bbox 2194 2220 2273 2252; x_wconf 83' lang='lat' dir='ltr'>satis</span> <span class='ocrx_word' id='word_1_671' title='bbox 2291 2221 2414 2262; x_wconf 85' lang='lat' dir='ltr'>amplas</span> <span class='ocrx_word' id='word_1_672' title='bbox 2429 2219 2472 2254; x_wconf 84' lang='lat' dir='ltr'>ad</span> 
     </span>
     <span class='ocr_line' id='line_1_89' title="bbox 1424 2275 2473 2320; baseline 0.004 -12"><span class='ocrx_word' id='word_1_673' title='bbox 1424 2275 1622 2316; x_wconf 89' lang='lat' dir='ltr'>convivium,</span> <span class='ocrx_word' id='word_1_674' title='bbox 1637 2286 1735 2317; x_wconf 86' lang='lat' dir='ltr'>panes</span> <span class='ocrx_word' id='word_1_675' title='bbox 1751 2277 1913 2318; x_wconf 85' lang='lat' dir='ltr'>candidos,</span> <span class='ocrx_word' id='word_1_676' title='bbox 1932 2277 2101 2310; x_wconf 87' lang='lat' dir='ltr'>obsonium</span> <span class='ocrx_word' id='word_1_677' title='bbox 2119 2287 2183 2311; x_wconf 89' lang='lat' dir='ltr'>non</span> <span class='ocrx_word' id='word_1_678' title='bbox 2200 2279 2342 2320; x_wconf 84' lang='lat' dir='ltr'>vulgare,</span> <span class='ocrx_word' id='word_1_679' title='bbox 2360 2279 2473 2312; x_wconf 86' lang='lat' dir='ltr'>vinum</span> 
     </span>
     <span class='ocr_line' id='line_1_90' title="bbox 1425 2335 2468 2378; baseline 0.005 -13"><span class='ocrx_word' id='word_1_680' title='bbox 1425 2342 1543 2374; x_wconf 85' lang='lat' dir='ltr'>suave,</span> <span class='ocrx_word' id='word_1_681' title='bbox 1561 2343 1668 2367; x_wconf 82' lang='lat' dir='ltr'>coenas</span> <span class='ocrx_word' id='word_1_682' title='bbox 1686 2336 1797 2376; x_wconf 80' lang='lat' dir='ltr'>aptas,</span> <span class='ocrx_word' id='word_1_683' title='bbox 1815 2335 1846 2367; x_wconf 92' lang='lat' dir='ltr'>id</span> <span class='ocrx_word' id='word_1_684' title='bbox 1863 2337 1912 2368; x_wconf 89' lang='lat' dir='ltr'>est</span> <span class='ocrx_word' id='word_1_685' title='bbox 1930 2335 2136 2369; x_wconf 84' lang='lat' dir='ltr'>lautissimas.</span> <span class='ocrx_word' id='word_1_686' title='bbox 2180 2338 2262 2369; x_wconf 85' lang='lat' dir='ltr'>Nam</span> <span class='ocrx_word' id='word_1_687' title='bbox 2282 2337 2468 2378; x_wconf 83' lang='lat' dir='ltr'>hujusmodi</span> 
     </span>
     <span class='ocr_line' id='line_1_91' title="bbox 1425 2393 2471 2435; baseline 0.004 -11"><span class='ocrx_word' id='word_1_688' title='bbox 1425 2393 1532 2425; x_wconf 85' lang='lat' dir='ltr'>victus</span> <span class='ocrx_word' id='word_1_689' title='bbox 1548 2393 1632 2435; x_wconf 89' lang='lat' dir='ltr'>apud</span> <span class='ocrx_word' id='word_1_690' title='bbox 1656 2394 1736 2426; x_wconf 89' lang='lat' dir='ltr'>istos</span> <span class='ocrx_word' id='word_1_691' title='bbox 1752 2393 1891 2426; x_wconf 89' lang='lat' dir='ltr'>liberalis</span> <span class='ocrx_word' id='word_1_692' title='bbox 1907 2394 2163 2427; x_wconf 83' lang='lat' dir='ltr'>existimabatur.</span> <span class='ocrx_word' id='word_1_693' title='bbox 2207 2397 2316 2434; x_wconf 90' lang='lat' dir='ltr'>Quum</span> <span class='ocrx_word' id='word_1_694' title='bbox 2335 2404 2412 2428; x_wconf 85' lang='lat' dir='ltr'>vero</span> <span class='ocrx_word' id='word_1_695' title='bbox 2428 2395 2471 2428; x_wconf 77' lang='lat' dir='ltr'>ad</span> 
     </span>
     <span class='ocr_line' id='line_1_92' title="bbox 1424 2450 2471 2494; baseline 0.004 -12"><span class='ocrx_word' id='word_1_696' title='bbox 1424 2450 1561 2483; x_wconf 89' lang='lat' dir='ltr'>Cratetis</span> <span class='ocrx_word' id='word_1_697' title='bbox 1588 2451 1708 2483; x_wconf 85' lang='lat' dir='ltr'>sectam</span> <span class='ocrx_word' id='word_1_698' title='bbox 1734 2451 1931 2491; x_wconf 84' lang='lat' dir='ltr'>transiisset,</span> <span class='ocrx_word' id='word_1_699' title='bbox 1959 2451 2036 2483; x_wconf 89' lang='lat' dir='ltr'>nihil</span> <span class='ocrx_word' id='word_1_700' title='bbox 2062 2451 2199 2484; x_wconf 90' lang='lat' dir='ltr'>istorum</span> <span class='ocrx_word' id='word_1_701' title='bbox 2230 2452 2387 2494; x_wconf 82' lang='lat' dir='ltr'>habebat,</span> <span class='ocrx_word' id='word_1_702' title='bbox 2413 2451 2471 2486; x_wconf 80' lang='lat' dir='ltr'>sed</span> 
     </span>
     <span class='ocr_line' id='line_1_93' title="bbox 1423 2509 2471 2552; baseline 0.004 -11"><span class='ocrx_word' id='word_1_703' title='bbox 1423 2509 1557 2542; x_wconf 90' lang='lat' dir='ltr'>mutatis</span> <span class='ocrx_word' id='word_1_704' title='bbox 1577 2509 1722 2542; x_wconf 90' lang='lat' dir='ltr'>moribus</span> <span class='ocrx_word' id='word_1_705' title='bbox 1750 2510 1902 2551; x_wconf 79' lang='lat' dir='ltr'>frugalior</span> <span class='ocrx_word' id='word_1_706' title='bbox 1931 2510 2049 2550; x_wconf 82' lang='lat' dir='ltr'>sactus,</span> <span class='ocrx_word' id='word_1_707' title='bbox 2070 2511 2165 2552; x_wconf 89' lang='lat' dir='ltr'>pallio</span> <span class='ocrx_word' id='word_1_708' title='bbox 2193 2511 2290 2552; x_wconf 80' lang='lat' dir='ltr'>trito,</span> <span class='ocrx_word' id='word_1_709' title='bbox 2319 2521 2411 2544; x_wconf 83' lang='lat' dir='ltr'>maza</span> <span class='ocrx_word' id='word_1_710' title='bbox 2436 2513 2471 2545; x_wconf 85' lang='lat' dir='ltr'>et</span> 
     </span>
     <span class='ocr_line' id='line_1_94' title="bbox 1423 2567 2471 2609; baseline 0.003 -10"><span class='ocrx_word' id='word_1_711' title='bbox 1423 2567 1577 2600; x_wconf 91' lang='lat' dir='ltr'>olusculis</span> <span class='ocrx_word' id='word_1_712' title='bbox 1593 2569 1767 2601; x_wconf 84' lang='lat' dir='ltr'>contentus</span> <span class='ocrx_word' id='word_1_713' title='bbox 1785 2571 1873 2607; x_wconf 85' lang='lat' dir='ltr'>erat,</span> <span class='ocrx_word' id='word_1_714' title='bbox 1893 2569 2029 2609; x_wconf 88' lang='lat' dir='ltr'>priorem</span> <span class='ocrx_word' id='word_1_715' title='bbox 2050 2569 2125 2601; x_wconf 84' lang='lat' dir='ltr'>vitae</span> <span class='ocrx_word' id='word_1_716' title='bbox 2144 2569 2299 2602; x_wconf 88' lang='lat' dir='ltr'>rationem</span> <span class='ocrx_word' id='word_1_717' title='bbox 2314 2578 2380 2602; x_wconf 88' lang='lat' dir='ltr'>uon</span> <span class='ocrx_word' id='word_1_718' title='bbox 2395 2578 2471 2602; x_wconf 82' lang='lat' dir='ltr'>am-</span> 
     </span>
     <span class='ocr_line' id='line_1_95' title="bbox 1423 2626 2469 2670; baseline 0.003 -12"><span class='ocrx_word' id='word_1_719' title='bbox 1423 2626 1508 2667; x_wconf 87' lang='lat' dir='ltr'>plius</span> <span class='ocrx_word' id='word_1_720' title='bbox 1523 2626 1707 2659; x_wconf 88' lang='lat' dir='ltr'>desiderans</span> <span class='ocrx_word' id='word_1_721' title='bbox 1723 2635 1828 2668; x_wconf 85' lang='lat' dir='ltr'>neque</span> <span class='ocrx_word' id='word_1_722' title='bbox 1850 2629 2042 2667; x_wconf 85' lang='lat' dir='ltr'>praesentem</span> <span class='ocrx_word' id='word_1_723' title='bbox 2058 2635 2143 2668; x_wconf 87' lang='lat' dir='ltr'>aegre</span> <span class='ocrx_word' id='word_1_724' title='bbox 2157 2627 2271 2661; x_wconf 78' lang='lat' dir='ltr'>ferens.</span> <span class='ocrx_word' id='word_1_725' title='bbox 2315 2629 2380 2661; x_wconf 81' lang='lat' dir='ltr'>Nos</span> <span class='ocrx_word' id='word_1_726' title='bbox 2395 2628 2469 2670; x_wconf 87' lang='lat' dir='ltr'>qui·</span> 
     </span>
     <span class='ocr_line' id='line_1_96' title="bbox 1423 2685 2469 2727; baseline 0.001 -10"><span class='ocrx_word' id='word_1_727' title='bbox 1423 2686 1496 2718; x_wconf 88' lang='lat' dir='ltr'>dem</span> <span class='ocrx_word' id='word_1_728' title='bbox 1519 2686 1673 2719; x_wconf 88' lang='lat' dir='ltr'>adversus</span> <span class='ocrx_word' id='word_1_729' title='bbox 1699 2686 1798 2726; x_wconf 79' lang='lat' dir='ltr'>frigus</span> <span class='ocrx_word' id='word_1_730' title='bbox 1827 2686 2014 2718; x_wconf 81' lang='lat' dir='ltr'>crassiorem</span> <span class='ocrx_word' id='word_1_731' title='bbox 2045 2687 2166 2718; x_wconf 88' lang='lat' dir='ltr'>vestem</span> <span class='ocrx_word' id='word_1_732' title='bbox 2194 2685 2392 2727; x_wconf 83' lang='lat' dir='ltr'>quaerimus,</span> <span class='ocrx_word' id='word_1_733' title='bbox 2415 2686 2469 2720; x_wconf 86' lang='lat' dir='ltr'>ille</span> 
     </span>
     <span class='ocr_line' id='line_1_97' title="bbox 1425 2743 2468 2786; baseline 0.001 -9"><span class='ocrx_word' id='word_1_734' title='bbox 1425 2754 1500 2777; x_wconf 86' lang='lat' dir='ltr'>vero</span> <span class='ocrx_word' id='word_1_735' title='bbox 1519 2745 1612 2785; x_wconf 82' lang='lat' dir='ltr'>pallio</span> <span class='ocrx_word' id='word_1_736' title='bbox 1631 2744 1793 2786; x_wconf 91' lang='lat' dir='ltr'>duplicato</span> <span class='ocrx_word' id='word_1_737' title='bbox 1809 2744 2015 2783; x_wconf 86' lang='lat' dir='ltr'>circumibat,</span> <span class='ocrx_word' id='word_1_738' title='bbox 2029 2744 2073 2776; x_wconf 90' lang='lat' dir='ltr'>ita</span> <span class='ocrx_word' id='word_1_739' title='bbox 2088 2746 2124 2776; x_wconf 91' lang='lat' dir='ltr'>ut</span> <span class='ocrx_word' id='word_1_740' title='bbox 2135 2744 2215 2776; x_wconf 87' lang='lat' dir='ltr'>duas</span> <span class='ocrx_word' id='word_1_741' title='bbox 2228 2743 2468 2785; x_wconf 85' lang='lat' dir='ltr'>quodammodo</span> 
     </span>
     <span class='ocr_line' id='line_1_98' title="bbox 1424 2804 2464 2846; baseline 0 -10"><span class='ocrx_word' id='word_1_742' title='bbox 1424 2807 1526 2838; x_wconf 88' lang='lat' dir='ltr'>vestes</span> <span class='ocrx_word' id='word_1_743' title='bbox 1549 2809 1683 2846; x_wconf 86' lang='lat' dir='ltr'>gereret.</span> <span class='ocrx_word' id='word_1_744' title='bbox 1730 2804 1854 2843; x_wconf 88' lang='lat' dir='ltr'>Quodsi</span> <span class='ocrx_word' id='word_1_745' title='bbox 1872 2805 2020 2837; x_wconf 87' lang='lat' dir='ltr'>unctione</span> <span class='ocrx_word' id='word_1_746' title='bbox 2046 2804 2223 2844; x_wconf 87' lang='lat' dir='ltr'>indigeret,</span> <span class='ocrx_word' id='word_1_747' title='bbox 2237 2804 2388 2838; x_wconf 79' lang='lat' dir='ltr'>balneum</span> <span class='ocrx_word' id='word_1_748' title='bbox 2415 2804 2464 2837; x_wconf 88' lang='lat' dir='ltr'>in-</span> 
     </span>
     <span class='ocr_line' id='line_1_99' title="bbox 1423 2862 2464 2904; baseline 0 -9"><span class='ocrx_word' id='word_1_749' title='bbox 1423 2873 1550 2904; x_wconf 86' lang='lat' dir='ltr'>gressus</span> <span class='ocrx_word' id='word_1_750' title='bbox 1568 2863 1761 2904; x_wconf 86' lang='lat' dir='ltr'>strigmentis</span> <span class='ocrx_word' id='word_1_751' title='bbox 1776 2862 2006 2903; x_wconf 83' lang='lat' dir='ltr'>inungebatur;</span> <span class='ocrx_word' id='word_1_752' title='bbox 2028 2865 2060 2894; x_wconf 88' lang='lat' dir='ltr'>et</span> <span class='ocrx_word' id='word_1_753' title='bbox 2072 2862 2232 2895; x_wconf 87' lang='lat' dir='ltr'>interdum</span> <span class='ocrx_word' id='word_1_754' title='bbox 2245 2862 2287 2895; x_wconf 90' lang='lat' dir='ltr'>ad</span> <span class='ocrx_word' id='word_1_755' title='bbox 2301 2862 2464 2896; x_wconf 81' lang='lat' dir='ltr'>caminum</span> 
     </span>
     <span class='ocr_line' id='line_1_100' title="bbox 1423 2920 2467 2962; baseline 0.003 -11"><span class='ocrx_word' id='word_1_756' title='bbox 1423 2920 1586 2952; x_wconf 87' lang='lat' dir='ltr'>labrorum</span> <span class='ocrx_word' id='word_1_757' title='bbox 1606 2920 1788 2961; x_wconf 80' lang='lat' dir='ltr'>profectus,</span> <span class='ocrx_word' id='word_1_758' title='bbox 1803 2920 1963 2960; x_wconf 87' lang='lat' dir='ltr'>pisciculis</span> <span class='ocrx_word' id='word_1_759' title='bbox 1987 2929 2006 2953; x_wconf 95' lang='lat' dir='ltr'>e</span> <span class='ocrx_word' id='word_1_760' title='bbox 2031 2929 2208 2953; x_wconf 86' lang='lat' dir='ltr'>maenarum</span> <span class='ocrx_word' id='word_1_761' title='bbox 2237 2929 2350 2962; x_wconf 86' lang='lat' dir='ltr'>genere</span> <span class='ocrx_word' id='word_1_762' title='bbox 2370 2930 2467 2961; x_wconf 84' lang='lat' dir='ltr'>snper</span> 
     </span>
     <span class='ocr_line' id='line_1_101' title="bbox 1422 2977 2466 3020; baseline 0.001 -10"><span class='ocrx_word' id='word_1_763' title='bbox 1422 2979 1528 3019; x_wconf 85' lang='lat' dir='ltr'>ignem</span> <span class='ocrx_word' id='word_1_764' title='bbox 1557 2978 1692 3019; x_wconf 79' lang='lat' dir='ltr'>assatis,</span> <span class='ocrx_word' id='word_1_765' title='bbox 1720 2987 1822 3019; x_wconf 91' lang='lat' dir='ltr'>quum</span> <span class='ocrx_word' id='word_1_766' title='bbox 1843 2978 2010 3018; x_wconf 80' lang='lat' dir='ltr'>paululum</span> <span class='ocrx_word' id='word_1_767' title='bbox 2035 2979 2098 3011; x_wconf 92' lang='lat' dir='ltr'>olei</span> <span class='ocrx_word' id='word_1_768' title='bbox 2118 2979 2301 3020; x_wconf 79' lang='lat' dir='ltr'>attudisset,</span> <span class='ocrx_word' id='word_1_769' title='bbox 2324 2977 2466 3012; x_wconf 82' lang='lat' dir='ltr'>assidens</span> 
     </span>
     <span class='ocr_line' id='line_1_102' title="bbox 1423 3036 2465 3078; baseline 0.001 -10"><span class='ocrx_word' id='word_1_770' title='bbox 1423 3037 1611 3078; x_wconf 86' lang='lat' dir='ltr'>prandebat.</span> <span class='ocrx_word' id='word_1_771' title='bbox 1655 3038 1753 3069; x_wconf 89' lang='lat' dir='ltr'>Porro</span> <span class='ocrx_word' id='word_1_772' title='bbox 1784 3039 1896 3069; x_wconf 83' lang='lat' dir='ltr'>aestate</span> <span class='ocrx_word' id='word_1_773' title='bbox 1922 3037 1955 3068; x_wconf 91' lang='lat' dir='ltr'>in</span> <span class='ocrx_word' id='word_1_774' title='bbox 1982 3037 2112 3078; x_wconf 86' lang='lat' dir='ltr'>templis</span> <span class='ocrx_word' id='word_1_775' title='bbox 2139 3037 2339 3077; x_wconf 86' lang='lat' dir='ltr'>dormiebat,</span> <span class='ocrx_word' id='word_1_776' title='bbox 2361 3036 2465 3068; x_wconf 87' lang='lat' dir='ltr'>bieme</span> 
     </span>
     <span class='ocr_line' id='line_1_103' title="bbox 1422 3095 2463 3137; baseline -0.002 -9"><span class='ocrx_word' id='word_1_777' title='bbox 1422 3105 1499 3128; x_wconf 80' lang='lat' dir='ltr'>vero</span> <span class='ocrx_word' id='word_1_778' title='bbox 1519 3097 1551 3128; x_wconf 92' lang='lat' dir='ltr'>in</span> <span class='ocrx_word' id='word_1_779' title='bbox 1574 3096 1694 3128; x_wconf 83' lang='lat' dir='ltr'>balneis</span> <span class='ocrx_word' id='word_1_780' title='bbox 1714 3109 1723 3128; x_wconf 73' lang='grc' dir='ltr'>ε</span> <span class='ocrx_word' id='word_1_781' title='bbox 1744 3105 1807 3128; x_wconf 92' lang='lat' dir='ltr'>non</span> <span class='ocrx_word' id='word_1_782' title='bbox 1827 3095 1973 3137; x_wconf 83' lang='lat' dir='ltr'>indigens</span> <span class='ocrx_word' id='word_1_783' title='bbox 1986 3119 1995 3135; x_wconf 92' lang='lat'><em>‚</em></span> <span class='ocrx_word' id='word_1_784' title='bbox 2013 3099 2049 3128; x_wconf 88' lang='lat' dir='ltr'>ut</span> <span class='ocrx_word' id='word_1_785' title='bbox 2072 3098 2177 3135; x_wconf 86' lang='lat' dir='ltr'>antea,</span> <span class='ocrx_word' id='word_1_786' title='bbox 2197 3104 2257 3128; x_wconf 87' lang='lat' dir='ltr'>nec</span> <span class='ocrx_word' id='word_1_787' title='bbox 2273 3095 2386 3136; x_wconf 88' lang='lat' dir='ltr'>inops,</span> <span class='ocrx_word' id='word_1_788' title='bbox 2405 3095 2463 3127; x_wconf 81' lang='lat' dir='ltr'>sed</span> 
     </span>
     <span class='ocr_line' id='line_1_104' title="bbox 1423 3153 2463 3196; baseline -0.001 -11"><span class='ocrx_word' id='word_1_789' title='bbox 1423 3157 1594 3187; x_wconf 87' lang='lat' dir='ltr'>contentus</span> <span class='ocrx_word' id='word_1_790' title='bbox 1625 3154 1854 3196; x_wconf 77' lang='lat' dir='ltr'>praesentibus,</span> <span class='ocrx_word' id='word_1_791' title='bbox 1873 3154 1992 3195; x_wconf 89' lang='lat' dir='ltr'>quippe</span> <span class='ocrx_word' id='word_1_792' title='bbox 2021 3155 2075 3195; x_wconf 89' lang='lat' dir='ltr'>qui</span> <span class='ocrx_word' id='word_1_793' title='bbox 2099 3154 2234 3186; x_wconf 80' lang='lat' dir='ltr'>famulos</span> <span class='ocrx_word' id='word_1_794' title='bbox 2262 3153 2378 3185; x_wconf 86' lang='lat' dir='ltr'>habere</span> <span class='ocrx_word' id='word_1_795' title='bbox 2398 3161 2463 3185; x_wconf 86' lang='lat' dir='ltr'>non</span> 
     </span>
     <span class='ocr_line' id='line_1_105' title="bbox 1423 3208 2461 3254; baseline -0.004 -10"><span class='ocrx_word' id='word_1_796' title='bbox 1423 3214 1564 3254; x_wconf 87' lang='lat' dir='ltr'>cuperet.</span> <span class='ocrx_word' id='word_1_797' title='bbox 1579 3215 1659 3246; x_wconf 89' lang='lat' dir='ltr'>Nam</span> <span class='ocrx_word' id='word_1_798' title='bbox 1679 3212 1879 3251; x_wconf 90' lang='lat' dir='ltr'>mirandum,</span> <span class='ocrx_word' id='word_1_799' title='bbox 1893 3211 2015 3253; x_wconf 82' lang='lat' dir='ltr'>inquit,</span> <span class='ocrx_word' id='word_1_800' title='bbox 2031 3211 2146 3252; x_wconf 82' lang='lat' dir='ltr'>tuerit,</span> <span class='ocrx_word' id='word_1_801' title='bbox 2158 3211 2186 3242; x_wconf 91' lang='lat' dir='ltr'>si</span> <span class='ocrx_word' id='word_1_802' title='bbox 2205 3212 2316 3243; x_wconf 82' lang='lat' dir='ltr'>Manes</span> <span class='ocrx_word' id='word_1_803' title='bbox 2332 3208 2461 3250; x_wconf 86' lang='lat' dir='ltr'>quidem</span> 
     </span>
     <span class='ocr_line' id='line_1_106' title="bbox 1423 3266 2462 3312; baseline -0.003 -11"><span class='ocrx_word' id='word_1_804' title='bbox 1423 3270 1490 3302; x_wconf 88' lang='lat' dir='ltr'>sine</span> <span class='ocrx_word' id='word_1_805' title='bbox 1501 3271 1641 3311; x_wconf 79' lang='lat' dir='ltr'>Diogene</span> <span class='ocrx_word' id='word_1_806' title='bbox 1657 3271 1764 3303; x_wconf 89' lang='lat' dir='ltr'>vivere</span> <span class='ocrx_word' id='word_1_807' title='bbox 1777 3270 1890 3312; x_wconf 89' lang='lat' dir='ltr'>possit,</span> <span class='ocrx_word' id='word_1_808' title='bbox 1901 3270 2059 3311; x_wconf 86' lang='lat' dir='ltr'>Diogenes</span> <span class='ocrx_word' id='word_1_809' title='bbox 2067 3273 2176 3301; x_wconf 87' lang='lat' dir='ltr'>autem</span> <span class='ocrx_word' id='word_1_810' title='bbox 2191 3268 2259 3300; x_wconf 90' lang='lat' dir='ltr'>sine</span> <span class='ocrx_word' id='word_1_811' title='bbox 2271 3268 2364 3301; x_wconf 83' lang='lat' dir='ltr'>Mane</span> <span class='ocrx_word' id='word_1_812' title='bbox 2377 3266 2462 3302; x_wconf 73' lang='lat' dir='ltr'>bono</span> 
     </span>
     <span class='ocr_line' id='line_1_107' title="bbox 1423 3329 1823 3370; baseline 0.005 -10"><span class='ocrx_word' id='word_1_813' title='bbox 1423 3329 1529 3361; x_wconf 87' lang='lat' dir='ltr'>animo</span> <span class='ocrx_word' id='word_1_814' title='bbox 1545 3338 1612 3362; x_wconf 92' lang='lat' dir='ltr'>esse</span> <span class='ocrx_word' id='word_1_815' title='bbox 1628 3338 1692 3361; x_wconf 92' lang='lat' dir='ltr'>non</span> <span class='ocrx_word' id='word_1_816' title='bbox 1712 3329 1823 3370; x_wconf 87' lang='lat' dir='ltr'>possit.</span> 
     </span>
    </p>

    <p class='ocr_par' dir='ltr' id='par_1_14' title="bbox 1426 3384 2458 3488">
     <span class='ocr_line' id='line_1_108' title="bbox 1465 3384 2457 3428; baseline -0.004 -9"><span class='ocrx_word' id='word_1_817' title='bbox 1465 3391 1515 3420; x_wconf 87' lang='lat'>50.</span> <span class='ocrx_word' id='word_1_818' title='bbox 1539 3388 1661 3425; x_wconf 88' lang='lat' dir='ltr'>Quodsi</span> <span class='ocrx_word' id='word_1_819' title='bbox 1682 3388 1782 3420; x_wconf 89' lang='lat' dir='ltr'>vitam</span> <span class='ocrx_word' id='word_1_820' title='bbox 1805 3387 1929 3420; x_wconf 88' lang='lat' dir='ltr'>beatam</span> <span class='ocrx_word' id='word_1_821' title='bbox 1954 3386 2152 3428; x_wconf 88' lang='lat' dir='ltr'>voluptatum</span> <span class='ocrx_word' id='word_1_822' title='bbox 2179 3384 2381 3418; x_wconf 87' lang='lat' dir='ltr'>multitudtne</span> <span class='ocrx_word' id='word_1_823' title='bbox 2406 3392 2457 3416; x_wconf 81' lang='lat' dir='ltr'>re·</span> 
     </span>
     <span class='ocr_line' id='line_1_109' title="bbox 1426 3443 2458 3488; baseline -0.003 -11"><span class='ocrx_word' id='word_1_824' title='bbox 1426 3445 1623 3480; x_wconf 83' lang='lat' dir='ltr'>dundantem</span> <span class='ocrx_word' id='word_1_825' title='bbox 1644 3446 1744 3479; x_wconf 86' lang='lat' dir='ltr'>statui</span> <span class='ocrx_word' id='word_1_826' title='bbox 1771 3447 1917 3488; x_wconf 87' lang='lat' dir='ltr'>oportet,</span> <span class='ocrx_word' id='word_1_827' title='bbox 1942 3453 2053 3486; x_wconf 89' lang='lat' dir='ltr'>nemo,</span> <span class='ocrx_word' id='word_1_828' title='bbox 2068 3445 2106 3478; x_wconf 86' lang='lat' dir='ltr'>ut</span> <span class='ocrx_word' id='word_1_829' title='bbox 2126 3443 2171 3476; x_wconf 81' lang='lat' dir='ltr'>ait</span> <span class='ocrx_word' id='word_1_830' title='bbox 2192 3444 2325 3483; x_wconf 82' lang='lat' dir='ltr'>crates,</span> <span class='ocrx_word' id='word_1_831' title='bbox 2345 3443 2458 3476; x_wconf 75' lang='lat' dir='ltr'>beatus</span> 
     </span>
    </p>
   </div>
  </div>
 </body>
</html>
