2638 3840
302 280 403 307 XXIV

297 357 400 406 gitur
430 373 543 409 quam
572 373 593 398 e
628 369 794 399 veterum
816 362 1045 412 scriptorum
1082 360 1329 399 testimoniis,

297 416 487 455 Nimirum
525 433 653 469 paucae
685 421 719 457 ci
753 421 996 457 ascribuntur
1023 419 1222 456 sententiae
1251 433 1333 468 quae

296 474 342 511 ad
365 477 546 514 moralem
567 477 824 527 philosophia„¹
840 487 983 528 partem
1006 477 1333 527 pertineant.Huc

295 534 440 572 accedit
460 536 562 585 quod
584 537 714 573 onmia
734 538 955 573 necessitate
973 544 1009 572 et
1029 536 1232 573 harmonia
1249 537 1331 574 fieri

295 601 398 629 ratus
421 593 524 645 (164)
546 595 710 632 liberum
732 595 886 631 videtur
904 594 1103 630 hominum
1126 593 1330 631 arbitrium

294 650 492 689 sustulisse
512 652 636 701 (165).
669 651 924 696 Quamobrem
949 651 1152 698 fanaticos,
1183 652 1329 702 inquit,

293 716 331 744 ct
353 709 479 747 futura
504 710 753 761 praedicentes
767 739 776 756 ‚
795 710 975 759 quamvis
995 710 1213 748 intellectus
1233 724 1331 761 opus

295 767 453 815 faciant,
478 777 601 805 tamen
635 781 814 816 negamus
847 776 992 804 tantum
1029 769 1239 815 valere‚ut
1268 778 1331 806 aut

292 836 362 861 suo
383 827 503 862 Marte
529 825 656 862 dicant
671 838 755 874 quae
771 825 975 875 dixerunt,
996 834 1061 863 aut
1082 826 1222 864 faciant
1247 841 1331 877 quae

293 882 476 920 fecerunt.
497 884 569 921 Sed
590 896 637 920 ne
657 895 725 933 per
741 883 988 933 cupiditatem
1007 885 1179 934 quidem.
1198 885 1330 936 ltaque

291 942 540 989 cogitationes
570 940 741 990 quaedam
762 949 798 978 et
823 941 1045 980 affectiones
1071 943 1132 981 vel
1162 944 1330 982 actiones

291 998 432 1037 talibus
452 998 751 1047 cogitationibus
767 1008 803 1037 et
824 1000 1042 1039 rationibus
1063 1011 1329 1040 consentaneae

291 1071 370 1094 non
401 1066 488 1094 sunt
510 1058 549 1094 in
574 1066 705 1095 nostra
729 1066 934 1108 potestate,
958 1060 1024 1097 sed
1055 1061 1229 1110 quaedam
1264 1075 1327 1098 ra-

293 1115 416 1152 tiones
438 1115 552 1153 nobis
583 1124 672 1153 sunt
694 1117 944 1165 potentiores.
967 1117 1018 1155 Ut
1045 1127 1170 1156 autem
1205 1119 1328 1158 Ionici

289 1174 512 1224 philosophi
543 1183 750 1224 posteaque
781 1175 892 1212 Plato
918 1184 1093 1213 naturam
1126 1177 1326 1214 hominum

287 1233 462 1269 instituto
483 1242 783 1283 opposuerunt:
806 1233 859 1270 ita
872 1233 985 1270 ctiam
1008 1234 1204 1273 Philolaus
1221 1235 1325 1287 (166)

288 1291 367 1327 haec
390 1291 582 1327 contraria
601 1304 683 1328 esse
699 1291 837 1328 voluit.
862 1315 908 1320 —
928 1293 984 1330 De
1002 1294 1258 1341 cognoscendi
1274 1296 1329 1331 fa-

287 1350 425 1387 cultate
449 1349 682 1400 paucissima
712 1349 930 1387 Philolaum
952 1351 1098 1389 dixisse
1125 1361 1325 1402 putamus,

286 1417 329 1445 ut
356 1410 419 1445 cui
445 1408 569 1445 omnis
592 1421 718 1445 rerum
749 1409 910 1446 scientia
943 1423 1028 1446 cum
1062 1419 1207 1448 naturae
1236 1425 1327 1449 con-

287 1468 533 1517 templatione
558 1466 830 1516 conjungenda
854 1468 1065 1506 videretur.
1084 1469 1178 1513 Quae
1208 1470 1328 1519 igitur

287 1525 335 1562 ad
369 1525 478 1562 illum
514 1525 774 1575 philosophiae
809 1526 937 1563 locum
988 1527 1210 1566 referuntur
1247 1528 1326 1578 jam

287 1597 405 1634 supra
427 1584 634 1632 tetigimus.
653 1584 780 1621 Unum
797 1585 1065 1635 superioribus
1081 1586 1328 1636 adjungimus

285 1642 391 1679 Sexti
410 1642 595 1693 Einpirici
616 1642 663 1680 de
683 1642 756 1680 hoc
775 1643 974 1693 sapientiae
988 1644 1206 1694 professore
1221 1647 1328 1683 testi-

287 1705 472 1739 monium.
492 1703 738 1750 Anaxagoras
757 1700 881 1754 (167),
902 1703 1051 1752 inquit,
1081 1704 1239 1740 omnino
1269 1708 1328 1741 ra-

289 1759 433 1796 tionem
462 1772 590 1796 rerum
623 1759 806 1797 arbitram
837 1773 920 1798 esse
955 1762 1007 1798 ait
1037 1776 1046 1798 :
1081 1762 1328 1813 Pythagorici

290 1831 383 1856 vero
403 1819 591 1856 rationem
614 1818 798 1856 arbitram
830 1821 984 1870 quidem
1011 1823 1225 1872 appellant,
1251 1837 1329 1861 non

287 1877 447 1915 omnino
473 1886 622 1924 tamen,
659 1878 725 1915 sed
753 1891 834 1915 eam
863 1893 948 1928 quae
980 1880 1178 1917 literarum
1213 1881 1328 1919 disci-

290 1935 410 1985 plinis
445 1936 664 1985 contingat,
700 1937 1022 1986 quemadmodum
1058 1948 1095 1976 et
1131 1940 1330 1980 Philolaus

291 1991 443 2029 dicebat
459 2005 643 2043 :eamque
659 1993 700 2031 in
716 1996 1040 2046 contemplatione
1055 2006 1200 2035 naturae
1215 1999 1330 2050 hujus

292 2051 464 2088 universi
498 2051 664 2089 defixam
692 2052 837 2091 habere
859 2055 1050 2104 quandam
1085 2070 1168 2093 cum
1199 2071 1242 2094 ea
1268 2072 1329 2096 co-

288 2108 518 2157 gnationem,
541 2109 723 2159 quoniam
739 2110 860 2148 simili
870 2111 997 2149 simile
1011 2112 1177 2162 intelligi
1192 2115 1324 2154 soleat.

289 2167 465 2216 Denique
507 2175 704 2215 notamus,
740 2182 857 2218 quum
908 2170 1106 2208 Philolaus
1148 2173 1331 2222 trianguli

289 2225 471 2272 angulum
505 2225 695 2272 Saturno,
726 2227 828 2273 Diti,
851 2227 986 2273 Marti,
1022 2229 1168 2266 Baccho
1199 2245 1332 2269 conse—

290 2282 424 2328 crarit,
448 2283 623 2332 quadrati
657 2286 840 2333 angulum
860 2294 984 2323 autem
1019 2287 1152 2334 Rheae,
1176 2288 1328 2336 Cereri,

287 2340 408 2377 Vestae
449 2342 636 2379 dicaverit
687 2344 811 2394 (168),
867 2345 1073 2396 plerosque
1135 2347 1332 2397 Pythago-

290 2412 376 2436 reos
404 2401 508 2450 (169)
546 2402 729 2451 trianguli
763 2404 844 2440 vim
881 2404 983 2451 Diti,
1018 2405 1187 2452 Baccho,
1221 2406 1332 2445 Marti

292 2458 507 2496 vindicasse
521 2487 530 2505 ,
548 2461 722 2509 quadrati
738 2474 831 2498 vero
849 2461 959 2498 Rheae
973 2491 983 2508 ‚
1001 2462 1161 2511 Veneri,
1178 2464 1330 2512 Cereri,

290 2515 406 2552 Vestae
426 2525 463 2553 et
489 2517 638 2568 v«lunoni
660 2519 884 2569 ascripsisse
898 2548 907 2566 ‚
929 2520 1133 2558 duodecim
1169 2523 1331 2571 angulo-

292 2588 376 2612 rum
393 2576 551 2623 figuram
568 2576 589 2612 J
594 2578 679 2614 ovis
694 2586 807 2628 atque
822 2592 901 2615 eam
920 2592 1004 2628 quae
1017 2592 1037 2616 e
1051 2581 1332 2630 quinquaginta

291 2647 359 2670 sex
377 2634 528 2682 angulis
547 2643 695 2671 constat
710 2635 913 2685 Typhonis
934 2650 1013 2674 esse
1033 2639 1214 2676 voluisse.
1229 2640 1332 2684 Quin

293 2693 406 2730 etiam
428 2705 608 2729 numeros
629 2693 659 2745 (1
670 2693 730 2741 70)
761 2703 797 2730 et
821 2694 964 2743 figuras
984 2696 1101 2746 hujus
1131 2707 1241 2735 sectae
1262 2698 1333 2736 ho-

1163 272 1229 309 DE
1261 271 1570 309 PYTHAGORA

1363 372 1367 377 ·
1396 361 1518 398 mines
1541 359 1700 395 deorum
1732 357 1958 396 nominibus
1977 366 2175 395 ornarunt.
2195 358 2286 395 Nam
2316 357 2431 394 trian-

1394 420 1523 467 gulum
1542 416 1745 466 aequalium
1771 415 1934 453 laterum
1956 414 2257 453 nominaverunt
2285 415 2432 453 Miner-

1395 489 1479 514 vam
1526 489 1546 513 e
1590 475 1735 511 vertice
1769 482 1895 511 natam
1938 482 1975 510 et
2017 473 2283 522 'rritogeniam
2298 503 2309 520 ‚
2343 475 2433 524 quia

1396 534 1540 584 triplici
1562 532 1842 584 perpendiculo
1863 532 2028 570 e'tribus
2049 533 2200 581 angulis
2221 533 2301 571 suis
2319 533 2434 570 ducto

1395 592 1596 629 dividitur.
1615 591 1809 628 Unitatem
1843 591 2039 641 Apollinis
2065 590 2255 629 vocabulo
2286 605 2433 629 nuncu·

1394 659 1555 701 parunt,
1589 649 1788 687 binarium
1820 662 2023 686 numerum
2067 642 2363 687 Contentionem
2396 658 2433 687 et

1393 708 1603 746 Audaciam
1626 716 1887 753 vocaverunt,
1910 708 2121 752 ternarium
2150 720 2246 745 vero
2267 708 2434 748 Justitiae

1393 768 1505 804 titulo
1527 767 1674 816 dignati
1697 775 1794 804 sunt.
1815 766 1960 804 Omitto
1996 769 2134 804 caetera
2153 779 2239 817 quae
2260 779 2433 805 comme-

1393 840 1542 864 morare
1564 840 1641 863 non
1659 834 1784 864 vacat.

1450 887 1609 921 Timoeus
1627 884 1773 921 Locrus
1792 892 1903 921 natus
1921 883 1961 920 in
1978 895 2023 920 ea
2038 882 2158 920 ltaliae
2177 883 2332 921 civitate
2348 895 2435 933 quae

1390 943 1549 993 optimis
1569 952 1606 981 et
1627 943 1814 980 institutis
1846 951 1883 980 et
1913 940 2065 990 legibus
2096 949 2306 992 temperata
2333 941 2434 991 erat,

1391 1015 1469 1039 non
1503 1003 1624 1051 magis
1657 1002 1843 1039 natalium
1871 1000 2077 1051 splendore
2096 1009 2134 1037 et
2159 999 2300 1050 opibus
2319 1013 2432 1050 quam

1391 1060 1550 1109 ingenio
1577 1061 1698 1098 fertur
1713 1059 1953 1097 excelluisse.
1976 1058 2130 1109 Quippe
2150 1058 2355 1096 multarum
2375 1071 2435 1095 re-

1391 1132 1475 1156 rum
1507 1128 1687 1170 percepta
1716 1118 1877 1156 scientia
1909 1118 1950 1155 in
1979 1118 2065 1168 ipso
2092 1116 2349 1168 philosophiae
2378 1117 2434 1154 fa-

1390 1178 1506 1226 stigio
1547 1191 1634 1215 eum
1671 1178 1822 1215 stetisse
1856 1177 1959 1214 inter
1989 1175 2210 1226 -locupletes
2259 1184 2437 1212 auctores

1392 1237 1588 1274 convenit.
1610 1236 1742 1286 Neque
1762 1249 1856 1273 vero
1878 1235 1972 1273 solis
1995 1234 2180 1271 doctrinae
2208 1233 2344 1274 studiis
2368 1233 2438 1271 de-

1391 1294 1495 1332 ditus
1526 1295 1620 1341 fuit,
1640 1295 1707 1332 sed
1742 1293 1901 1330 summis
1932 1293 2047 1330 etiam
2077 1292 2366 1340 magistratibus
2399 1302 2439 1331 et

1391 1352 1607 1391 honoribus
1621 1354 1721 1403 apud
1736 1353 1839 1389 cives
1857 1364 1946 1389 suos
1962 1351 2114 1388 functus
2127 1359 2184 1388 est
2202 1351 2318 1400 (171).
2333 1350 2437 1396 Quin

1391 1412 1522 1457 etiam,
1542 1411 1574 1448 si
1591 1410 1755 1460 Synesio
1774 1410 1878 1460 (172)
1903 1409 1997 1446 fides
2012 1437 2021 1454 ‚
2041 1407 2158 1445 obitis
2175 1408 2435 1457 legationibus

1390 1470 1437 1508 de
1457 1473 1580 1521 patria
1598 1469 1698 1507 bene
1729 1469 1885 1506 meruit.
1918 1467 2045 1513 Quare
2074 1466 2223 1515 magnis
2253 1466 2436 1505 laudibus

1391 1538 1541 1566 veteres
1572 1528 1780 1578 scriptores
1801 1540 1888 1564 eum
1921 1526 2166 1563 decorarunt.
2187 1524 2299 1563 Hunc
2329 1526 2432 1562 enim

1390 1596 1433 1624 ut
1467 1587 1744 1638 peritissimum
1779 1586 1867 1622 coeli
1902 1584 2152 1634 siderumque
2180 1591 2433 1634 spectatorem

1391 1659 1434 1683 ac
1463 1646 1806 1695 diligentissimum
1837 1644 1955 1681 totius
1987 1651 2132 1680 naturae
2162 1641 2436 1692 inquisitorem

1392 1705 1501 1742 Plato
1520 1705 1561 1742 in
1575 1717 1621 1742 eo
1639 1704 1792 1752 dialogo
1813 1703 1881 1753 qui
1897 1702 2064 1739 Timaeus
2083 1699 2189 1751 (173)
2208 1699 2438 1738 inscribitur

1396 1778 1480 1802 cum
1503 1766 1656 1801 Socrate
1680 1763 1938 1813 disputantem
1961 1760 2051 1797 facit
2072 1759 2119 1796 de
2147 1757 2264 1796 rebus
2283 1766 2438 1796 natura-

1395 1822 1499 1860 libus
1519 1835 1562 1859 ac
1582 1822 1630 1859 de
1651 1820 1824 1858 universi
1849 1828 1949 1857 ortu.
1968 1818 2013 1855 In
2035 1831 2111 1868 quo
2136 1816 2451 1867 reprehenditur«

1391 1893 1413 1916 a
1427 1881 1464 1919 M
1469 1880 1628 1917 acrobio
1642 1877 1875 1917 Sami-mlii).
1886 1877 1902 1914 Ι
1915 1890 1999 1928 cap.
2014 1875 2158 1926 Lquod
2168 1875 2430 1925 colloquentes

1392 1938 1590 1976 induxerit
1609 1938 1714 1975 viros
1744 1950 1841 1987 quos
1862 1936 1994 1973 eodem
2030 1934 2169 1972 saeculo
2207 1946 2286 1971 non
2320 1933 2436 1971 fuisse

1393 2005 1555 2034 constet.
1578 1998 1626 2033 At
1657 1996 1755 2033 ratio
1786 1995 1883 2043 fugit
1904 1992 2143 2031 Macrobium
2165 1993 2198 2030 si
2217 2004 2352 2029 verum
2380 2001 2439 2031 est

1393 2056 1495 2105 quod
1517 2056 1687 2092 referunt
1711 2054 1847 2091 Cicero
1875 2054 1930 2090 De
1960 2051 2073 2090 finib.
2100 2050 2172 2088 lib.
2201 2049 2247 2099 V,
2265 2063 2350 2100 cap.
2370 2063 2436 2101 29,

1393 2115 1481 2152 item
1497 2114 1654 2152 Tuscul.
1675 2113 1745 2151 lib.
1763 2112 1796 2159 i,
1815 2125 1899 2162 cap.
1922 2125 1982 2158 17,
1999 2108 2312 2159 Hieronymusin
2330 2108 2437 2158 Apo-

1394 2172 1497 2221 logia
1507 2181 1640 2210 contra
1660 2171 1840 2208 Rufinum
1854 2183 1937 2220 cap.
1950 2177 2046 2206 extr.
2059 2168 2220 2217 aliique,
2234 2166 2433 2204 Platonem

1392 2238 1435 2266 ut
1465 2230 1726 2280 Pythagoreos
1756 2235 2003 2277 cognosceret
2031 2227 2074 2264 in
2103 2225 2252 2263 ltaliam
2283 2225 2437 2262 venisse

1395 2287 1527 2338 ibique
1542 2301 1627 2325 cum
1647 2287 1745 2324 alios
1763 2287 1919 2333 multos,
1934 2294 2012 2323 tum
2021 2283 2211 2321 Timaeum
2224 2282 2432 2320 audivisse.

1393 2346 1516 2383 Porro
1554 2346 1788 2394 singularem
1823 2358 1866 2382 ac
1893 2355 2014 2394 prope
2044 2342 2220 2379 divinam
2243 2349 2435 2378 astrorum

1395 2404 1655 2452 cognitionem
1677 2416 1699 2440 a
1716 2403 1938 2453 Pythagora
1960 2401 2145 2450 magistro
2173 2407 2365 2450 acceptam
2394 2399 2436 2436 in

1394 2458 1541 2500 Timaeo
1563 2462 1679 2499 fuisse
1695 2461 1918 2498 Chalcidius
1947 2473 1986 2510 p.
2008 2459 2055 2506 75
2078 2458 2239 2496 censuit.
2263 2456 2340 2494 Nec
2361 2457 2434 2494 mi*
2462 2507 2467 2511 ᾖ

1394 2522 1555 2558 randum
1572 2520 1675 2571 quod
1686 2520 1836 2557 Plinius
1854 2519 1939 2558 Nat.
1955 2518 2045 2556 hist.
2062 2516 2130 2555 lib.
2149 2516 2201 2567 11,
2219 2528 2302 2568 cap.
2323 2515 2345 2553 8
2365 2513 2435 2552 ubi

1392 2677 1472 2717 τρισὶ
1491 2676 1629 2710 καθέτοις
1652 2674 1714 2706 ἀπὸ
1737 2677 1799 2705 τῶν
1821 2676 1912 2714 τριῶν
1931 2675 2052 2711 γωνιῶν
2069 2671 2231 2712 ἀγομέναις
2256 2670 2435 2709 διαιρεῖται·

1393 2724 1428 2754 τὸ
1445 2723 1477 2754 δὲ
1497 2723 1527 2754 ἓν
1544 2722 1739 2762 Ἀπόλλωνα,
1753 2721 1836 2763 Ἔριν
1853 2720 1887 2752 δὲ
1909 2721 1965 2756 τὴν
1988 2719 2086 2750 δυάδα
2106 2718 2158 2750 καὶ
2183 2716 2318 2758 Τόλμαν·
2338 2715 2434 2753 Δίκην

1332 2779 1335 2782 “
1393 2770 1425 2802 δὲ
1443 2771 1498 2807 τὴν
1516 2770 1637 2811 τριάδα.

293 2807 513 2846 Pythagoreus
533 2807 615 2850 apud
637 2807 752 2838 Athen.
771 2809 816 2840 IV
832 2817 863 2848 p.
886 2812 954 2840 157.
977 2812 1013 2842 C.
1034 2811 1082 2842 cf.
1099 2811 1208 2843 Cicero
1226 2821 1331 2845 somn.

292 2856 377 2896 Scip.
393 2858 423 2887 3.
436 2858 531 2887 Tusc.
548 2851 604 2888 sih.
618 2859 645 2893 1,
662 2859 711 2887 30.
726 2876 765 2882 --
779 2858 938 2895 Diogenes
954 2860 1099 2892 Laertius
1111 2861 1165 2892 lib.
1178 2864 1267 2900 VIII,
1280 2865 1330 2895 85.

295 2918 335 2925 —
351 2901 438 2943 (165)
464 2901 537 2934 Vid.
556 2902 668 2940 fragm.
682 2904 732 2934 24.
746 2923 786 2929 -
801 2903 884 2942 (166)
909 2904 982 2935 Vid.
998 2905 1109 2944 fragm.
1128 2911 1177 2938 25.
1193 2928 1232 2934 -
1247 2908 1332 2949 (167)

294 2949 369 2980 Vid.
400 2949 513 2988 fragm.
534 2953 635 2980 26.-
651 2949 735 2989 (168)
763 2949 843 2980 Vide
871 2951 977 2982 Procli
999 2952 1105 2983 locum
1127 2953 1259 2985 allatum
1289 2956 1328 2986 ad

293 2995 405 3034 fragm.
424 2998 472 3027 17.
488 3013 527 3018 —-
543 2995 627 3035 (169)
643 2996 832 3027 Plutarchus
845 2996 884 3028 de
894 2998 938 3029 Is.
955 2999 986 3028 et
1001 2998 1084 3030 Osir.
1103 3007 1171 3039 cap.
1189 3003 1227 3032 30
1243 3014 1250 3031 :
1264 3002 1331 3041 φαί-

296 3053 396 3073 νονται
414 3041 446 3073 δὲ
468 3043 520 3072 καὶ
547 3044 574 3072 οἰ
594 3042 798 3081 Πυθαγορικοὶ
815 3043 867 3073 τὸν
885 3045 1017 3083 Τυφῶνα
1037 3046 1217 3086 δαιμονικὴν
1236 3049 1329 3087 ἡγού-

296 3099 380 3128 μενοι
400 3088 537 3128 δύναμιν.
555 3089 688 3126 Λέγουσι
712 3088 769 3129 γὰρ
782 3089 811 3119 ἐν
828 3089 922 3130 ἀρτίῳ
944 3092 1042 3132 μέτρῳ
1060 3092 1140 3133 ἕκτῳ
1157 3094 1207 3124 καὶ
1223 3105 1333 3132 πεντη-

293 3137 398 3174 κοστῷ
417 3135 573 3173 γεγονέναι
591 3136 616 3164 Τ
620 3137 725 3171 υρῶνα
737 3141 743 3148 ·
759 3134 812 3164 καὶ
840 3135 931 3165 πάλιν
954 3137 1008 3173 τὴν
1035 3137 1088 3176 μὲν
1113 3142 1167 3168 τοῦ
1186 3140 1333 3179 τριγώνου

293 3181 388 3222 ’ᾍδου
404 3181 457 3211 καὶ
474 3179 625 3211 Διονύσου
638 3180 690 3210 καὶ
712 3180 812 3220 Ἄρεος
827 3181 902 3211 εἶναι
913 3205 922 3219 ,
947 3185 1000 3220 τὴν
1019 3184 1049 3214 δὲ
1069 3187 1123 3214 τοῦ
1140 3187 1332 3226 τετραγώνου

295 3225 381 3261 Ῥέας
405 3227 458 3257 καὶ
477 3226 648 3266 Ἀφροδίτης
673 3226 725 3255 καὶ
752 3225 912 3267 Δήμητρος
930 3229 982 3259 καὶ
998 3229 1122 3265 Ἑστίας
1148 3232 1199 3261 καὶ
1217 3231 1332 3272 ”Ηρας,

297 3274 352 3309 τὴν
368 3273 400 3303 δὲ
418 3275 471 3304 τοῦ
496 3272 719 3311 δωδεκαγώνου
740 3271 830 3311 Διός,
844 3273 898 3311 τήν
916 3274 947 3305 δὲ
963 3278 1018 3306 τοῦ
1037 3277 1331 3315 ἑκκαιπεντηκοντα·

297 3319 409 3359 γωνίου
427 3321 582 3358 Τυφῶνος,
598 3320 640 3354 ὡς
656 3318 786 3354 Εὔδοξος
799 3319 970 3360 ἱστόρηκεν.
981 3340 1021 3347 -
1035 3323 1120 3362 (170)
1142 3324 1333 3356 Plutarchus

297 3365 336 3395 de
352 3367 393 3396 Is.
416 3369 447 3396 et
463 3366 547 3397 Osir.
563 3374 632 3406 cap.
650 3367 689 3397 76
704 3377 712 3396 :
731 3366 760 3396 οἱ
782 3366 812 3396 δὲ
830 3367 1031 3410 Πυθαγόρειοι
1046 3370 1097 3400 καὶ
1122 3371 1265 3411 ἀριθμοὺς
1280 3373 1332 3403 καὶ

298 3411 446 3451 σχήματα
453 3414 528 3444 θεῶν
538 3412 717 3452 ἐκόσμησαν
727 3414 956 3454 προσηγορίαις.
969 3417 1012 3448 Τὸ
1025 3417 1078 3456 μὲν
1088 3417 1146 3458 γὰρ
1154 3418 1334 3459 ἰσόπλευρον

297 3457 444 3499 τρίγωνον
467 3459 594 3491 ἐκάλουν
613 3460 737 3497 Ἀθηνᾶν
761 3465 951 3501 κορυφαγενῆ
976 3464 1027 3493 καὶ
1052 3465 1264 3504 τριτογένειαν,
1286 3466 1333 3496 ὅτι

1436 2817 1522 2857 (171)
1549 2817 1638 2847 Plato
1656 2816 1740 2848 Tim.
1761 2824 1791 2855 p.
1807 2818 1846 2846 20
1861 2817 1886 2845 A
1906 2826 1913 2844 ι
1933 2812 2061 2853 Τίμαιός
2075 2822 2107 2843 τε
2126 2811 2184 2852 γὰρ
2208 2811 2278 2847 ὅδε,
2295 2808 2435 2849 εὐνομω-

1393 2863 1485 2899 τάτης
1504 2863 1547 2893 ὢν
1571 2862 1690 2898 πόλεως
1708 2865 1762 2899 τῆς
1788 2860 1818 2891 ἐν
1843 2859 1960 2899 Ἰταλίᾳ
1979 2857 2148 2900 Λοκρίδος,
2173 2856 2266 2897 οὐσίᾳ
2283 2856 2336 2887 καὶ
2355 2855 2435 2895 γένει

1395 2910 1515 2945 οὐδενὸς
1534 2910 1659 2951 ὕστερος
1676 2909 1719 2940 ὢν
1735 2911 1796 2939 τῶν
1813 2907 1877 2937 ἐκεῖ
1888 2929 1898 2946 ‚
1911 2906 1966 2940 τὰς
1989 2904 2135 2944 μεγίστας
2149 2903 2202 2943 μὲν
2219 2902 2317 2944 ἀρχάς
2333 2912 2366 2932 τε
2381 2901 2434 2933 καὶ

1395 2956 1485 2996 τιμὰς
1498 2959 1560 2987 τῶν
1579 2957 1610 2987 ἐν
1623 2959 1662 2997 τῇ
1675 2955 1762 2987 πόλει
1780 2952 2046 2993 μετακεχείρισται
2058 2974 2067 2989 ,
2081 2949 2259 2988 φιλοσοῳίας
2272 2948 2299 2979 δ’
2310 2946 2350 2980 αὖ
2366 2947 2436 2979 κατ’

1395 3003 1471 3043 ἐμὴν
1487 3002 1576 3038 δόξαν
1591 3002 1639 3034 ἐπ’
1661 3001 1754 3043 ἄκρον
1771 3000 1896 3035 ἁπάσης
1921 2999 2055 3034 ἐλήλυθε.
2069 3015 2109 3022 -
2120 2995 2268 3035 synesius
2282 2996 2327 3025 De
2351 2993 2435 3024 dono

1394 3048 1555 3079 astrolabii
1571 3057 1602 3088 p.
1617 3051 1675 3080 307
1691 3057 1699 3075 :
1714 3046 1830 3078 Ἰταλία
1844 3045 1897 3085 μὲν
1910 3044 1968 3085 γὰρ
1986 3043 2080 3075 πάλαι
2098 3042 2169 3078 τοὺς
2183 3041 2294 3076 αὐτοὺς
2313 3039 2432 3080 ἔχουσα

1395 3096 1580 3136 Πυθαγόρου
1603 3106 1637 3127 τε
1653 3094 1808 3128 ἀκουστὰ;
1827 3092 1880 3122 καὶ
1897 3094 1958 3122 τῶν
1977 3091 2097 3121 πόλεων
2120 3087 2276 3130 ἁρμοστὰς
2291 3086 2399 3122 Ἑλλὰς
2415 3087 2435 3124 ἡ

1396 3142 1513 3183 μεγάλη
1533 3141 1793 3183 προσηγορεύετο.
1812 3139 1872 3169 Καὶ
1888 3138 1970 3178 μάλα
1983 3136 2012 3167 ἐν
2027 3135 2097 3176 δίκῃ
2107 3159 2115 3173 ,
2129 3133 2200 3174 παρ’
2215 3133 2258 3170 οἷς
2271 3133 2436 3173 Χαρώνδας
2472 3165 2479 3171 ,

1397 3191 1450 3229 μὲν
1467 3190 1638 3229 ἐνομοθέτει
1667 3189 1721 3220 καὶ
1750 3186 1920 3224 Ζάλευκος,
1936 3183 2143 3223 ἐστρατήγουν
2169 3181 2202 3213 δὲ
2219 3180 2360 3221 Ἀρχῦται
2380 3179 2433 3210 καὶ

1395 3236 1542 3268 Φιλόλαοι
1554 3261 1562 3275 ,
1576 3237 1593 3267 ὁ
1606 3236 1633 3267 δ’
1647 3233 1951 3276 ἀστρονομικώτατος
1968 3231 2095 3271 Τίμαιος
2114 3227 2307 3268 ἐπολιτάρχει
2329 3237 2362 3258 τε
2378 3227 2430 3258 καὶ

1395 3282 1558 3321 ἐπρέσὸευε
1573 3282 1626 3312 καὶ
1647 3280 1743 3311 τᾶλλα
1770 3277 1970 3309 ἐπολιτεύετο·
1986 3276 2057 3316 παρ’
2073 3275 2109 3306 οὗ
2132 3275 2184 3305 καὶ
2211 3274 2340 3305 Πλατων
2361 3274 2434 3312 ἡμῖν

1394 3329 1461 3368 περὶ
1476 3329 1596 3367 κόσμου
1612 3327 1732 3366 φύσεως
1750 3324 1933 3364 διαλέγεται.
2398 3366 2404 3372 ¹

1437 3376 1522 3414 (173)
1545 3376 1632 3406 Plato
1650 3374 1730 3405 Tim.
1754 3382 1784 3413 p.
1803 3374 1840 3403 27
1858 3374 1882 3402 Α
1898 3384 1905 3402 :
1923 3371 2006 3406 ἔδοξε
2031 3370 2089 3410 γὰρ
2115 3371 2188 3408 ἡμῖν
2212 3367 2343 3407 Τίμαιον
2367 3376 2433 3406 μεν,

1395 3420 1448 3450 ἅτε
1459 3421 1532 3451 ὄντα
1546 3420 1854 3464 ἀστρονομικώτατον
1867 3420 1955 3458 ἡμῶν
1972 3417 2024 3447 καὶ
2039 3417 2105 3456 περὶ
2122 3417 2240 3456 φύσεως
2255 3418 2309 3445 τοῦ
2322 3413 2434 3448 παντὸς

1395 3468 1504 3498 εἰδέναι
1521 3467 1654 3507 μάλιστα
1670 3467 1758 3508 ἔργον
1773 3465 1979 3505 πεποιημένον
1993 3464 2059 3495 κτλ.
