2638 3840
314 258 358 290 32
1168 244 1633 285 PYTHAGOREORUM

313 339 539 376 ἐπιστατικὰν
567 332 870 387 καταφρονεονται’
899 334 1095 384 προσθῆκαι
1114 329 1180 383 γὰρ
1209 329 1250 368 ἂν
1279 329 1355 381 φαί-

313 412 422 436 νοιντο
453 394 545 436 τᾶνῗ
567 396 742 447 γυναικῶν
762 393 821 432 καὶ
857 392 1022 436 κόλακες·
1049 393 1080 429 οἱ
1115 390 1150 429 δὲ
1171 389 1231 428 τὰν
1259 391 1358 430 πολι-

312 456 411 494 τικὰν
436 456 495 495 καὶ
516 454 765 506 θαυμαίνονται
779 452 839 490 καὶ
861 451 1049 504 φιλέονται.
1106 449 1302 503 Ἄμφότερα
1321 452 1357 492 δὲ

313 522 422 555 ταῦτα
446 517 614 562 ἐσσεῖται,
638 513 720 551 αἴκα
751 513 856 563 ἁδονᾷ
876 512 935 549 καὶ
965 509 1151 561 σεμνότατι
1180 511 1355 562 κεχραμέ.

312 591 372 614 ναν
393 574 623 626 ποτιφέρηται
644 588 692 615 τις
709 570 772 609 τὰν
795 569 931 622 ἀρχάν,
948 568 1012 606 τὰν
1032 567 1093 618 μὲν
1115 568 1239 606 ἁδονὰν
1254 571 1287 606 ἐν
1308 573 1358 622 τῷ

314 636 453 686 ἀγαπῆν
471 631 757 685 ποτιφερόμενος,
781 628 842 666 τὰν
864 626 899 665 δὲ
914 627 1111 678 σεμνότατα
1130 629 1163 665 ἐν
1184 630 1232 679 τῷ
1249 627 1358 679 μηδὲν

314 694 444 739 εὐτελὲς
466 694 553 745 μηδὲ
571 692 730 732 ταπεινὸν
749 690 930 743 πράττειν.

385 753 703 806 (Stobaeusl⁴'10r.
728 748 911 795 LXXXV,
933 763 995 796 17.
1018 748 1137 786 Posui
1162 762 1170 786 z
1193 753 1207 771 ‘¹
1229 747 1279 785 ἔτι
1300 747 1355 800 δὲ;

314 814 425 853 codd.
453 812 587 851 ἔπειτα.
603 810 619 833 ¹³
654 810 747 861 ἅρχη
781 810 808 847 i.
832 821 867 847 e.
891 807 1013 859 ἄρχεις
1036 807 1077 845 in
1102 807 1215 845 libris
1247 807 1355 860 ἀρχά.

318 871 418 910 Γοὔτε
443 870 480 908 τὸ
502 870 633 911 ἐκείνας
647 881 732 906 cum
751 866 980 919 Spondan03
1004 865 1097 903 libri
1114 866 1189 904 οὐδὲ
1207 866 1245 905 τὸ
1265 867 1351 904 ἐκεί-

315 947 396 970 νων.
414 930 430 953 ‘¹
451 928 551 971 αὐτὸς
571 931 588 966 ὁ
604 926 693 974 θεός,
714 926 798 976 ὅπερ
819 939 904 964 cum
922 925 1091 972 Orelli03
1120 925 1355 964 membranae

315 989 430 1035 αὐτός,
453 986 550 1039 ὅπερ.
564 991 578 1008 ⁰
598 993 681 1037 τᾶν5
703 985 796 1022 libri
817 982 920 1024 τῶν.’
938 990 1026 1030 τᾶν;
1052 984 1164 1021 codd.
1185 984 1290 1036 τῶν.)

809 1086 868 1118 12.

686 1172 975 1212 IIEMHEAOY

532 1234 595 1272 ΕΚ
624 1233 725 1271 ΤΟΥ
758 1231 879 1269 ΠΕΡΙ
908 1230 1129 1269 ΓΟΝΕΩΝ.

371 1320 504 1362 Γονέων
527 1319 654 1372 ἀμελὲν
673 1319 750 1358 οὔτε
770 1318 902 1369 δαίμων
923 1317 1001 1356 οὔτε
1021 1317 1199 1370 ἄνθρωπος
1218 1317 1361 1368 σύμὸω-

316 1385 373 1425 λος
391 1382 430 1419 ἄν
449 1396 542 1419 ποκα
561 1378 694 1431 γένοιτό
711 1394 776 1417 τινι
795 1377 993 1430 σύμμετρον
1013 1379 1127 1430 ψυχᾶς
1147 1377 1358 1427 κεκταμένος

316 1439 525 1489 ἐπιστάμαν.
544 1438 674 1491 Διόπερ
695 1436 790 1476 οὐθὲν
809 1436 851 1474 ἂν
871 1436 950 1474 ποτὶ
966 1439 1048 1474 θεῶν
1065 1447 1079 1461 ³¹
1096 1435 1215 1480 ξόανον
1236 1436 1360 1488 τιμιώ-

317 1503 436 1551 τερονῑ)
451 1498 590 1550 ἔχοιμεν
606 1499 640 1535 ἐν
653 1495 847 1549 χρημάτων
866 1495 970 1542 κτήσι
980 1499 993 1517 ⁰
1006 1495 1151 1548 πατέρος
1162 1493 1184 1541 ἢ
1195 1497 1254 1534 καὶ
1276 1511 1362 1547 προ-

317 1559 465 1608 πάτορος
488 1556 593 1608 γήραϊ
609 1554 829 1607 παρειμένων
850 1553 871 1600 ἢ
887 1553 945 1592 καὶ
966 1554 1125 1605 ματέρων
1148 1553 1209 1591 τὰν
1225 1554 1331 1592 αὐτὰν
1347 1553 1363 1577 ‘¹

320 1617 465 1666 δύναμιν
488 1617 643 1667 ἐχοισᾶν.
667 1614 816 1653 Ὁκόταν
838 1614 904 1665 γὰρ
926 1614 1063 1666 ἀγάλλῃ
1087 1629 1138 1657 τις
1157 1613 1278 1665 γέρασι
1299 1614 1358 1652 καὶ

318 1678 435 1726 τιμαῖς
452 1673 517 1716 τὼς
535 1672 736 1725 γενέτορας,
754 1671 868 1722 ἀγαθὰ
887 1671 999 1719 τίθη-,ι
1019 1673 1101 1715 Οεός·
1125 1671 1184 1709 καὶ
1205 1671 1272 1724 γὰρ
1293 1672 1363 1710 οὐδ’

320 1733 362 1772 ἂν
379 1732 523 1775 ἐπάκοος
540 1731 659 1770 ἔπελεν
673 1733 800 1769 αὐτῶν.
819 1729 951 1779 Σεμνὸν
972 1729 1039 1782 γάρ
1056 1746 1089 1768 τι
1109 1730 1168 1768 καὶ
1189 1730 1279 1774 Οείας
1302 1731 1365 1783 φύ-

321 1808 392 1836 σιος
414 1790 614 1842 πεπαμένον
631 1791 713 1841 ἁμῖν
739 1789 779 1827 τὸ
798 1792 864 1827 τῶν
881 1790 1096 1841 φιτυσάντων
1125 1787 1254 1840 ἵδρυμά
1279 1790 1362 1840 ἐντι,

322 1851 380 1890 καὶ
397 1850 553 1895 ζωόντων
572 1848 660 1888 πολὺ
680 1847 811 1899 μᾶλλον
823 1852 837 1869 ⁰
851 1846 873 1893 ἢ
891 1849 957 1884 τῶν
972 1848 1115 1900 ἀψύχων
1131 1845 1362 1899 Ιἱδρυμάτων.

321 1909 379 1950 Τὰ
394 1909 455 1960 μὲν
477 1908 542 1960 γὰρ
560 1907 799 1957 καλλυνόμενα
817 1905 876 1944 καὶ
893 1905 1164 1958 λαμπριζόμενα
1177 1908 1231 1958 ὑφ’
1246 1906 1363 1956 ἁμέων

323 1967 487 2006 ἑκάστοτε
510 1965 716 2019 συνεύχεται
738 1965 820 2014 ἁμῖν
853 1964 997 2008 δωτίνας
1030 1964 1173 2016 ἀγαθάς·
1194 1964 1367 2003 σκυὸαλι-

324 2028 450 2078 ζόμενοι
468 2027 502 2065 δὲ
521 2025 729 2064 τούναντίον·
752 2024 795 2062 τὰ
822 2024 857 2062 δὲ
875 2024 943 2063 οὐδ’
968 2025 1113 2077 ὁκότερα
1134 2025 1239 2061 τῶνδε
1259 2025 1363 2076 ἔρδει.

322 2085 439 2125 “stote
458 2085 540 2123 αἴκα
563 2084 706 2127 δεόντως
721 2099 772 2127 τις
791 2086 921 2135 χρῆται
945 2084 1068 2135 πατέρι
1084 2082 1143 2120 καὶ
1159 2083 1285 2136 ματέρι
1305 2084 1364 2122 καὶ

324 2144 518 2197 προπάτορι
540 2144 600 2182 καὶ
617 2144 725 2187 οὔλως
743 2148 813 2186 τοῖς
832 2142 1076 2195 ὁμοιορύσμοις
1091 2172 1100 2189 ,
1126 2142 1266 2180 πάντων
1287 2144 1366 2181 ποτὶ

1421 334 1561 386 θεοφιλῆ
1595 338 1720 385 μοῖραν
1758 332 1954 370 πεπάσεται
1986 332 2202 382 ἀγαλμάτων
2246 330 2446 383 κυριώτατα

1425 393 1500 436 Πᾶς
1526 391 1568 439 δὴ
1589 390 1663 430 νόον
1683 389 1775 444 ἔχων
1807 391 1946 441 τιμήτω
1976 390 2035 428 καὶ
2067 389 2201 429 σεὸέτω
2227 390 2286 429 καὶ
2321 389 2464 429 δεδιέτω

1420 449 1545 502 γονέων
1566 450 1670 502 εὐχὰς
1698 450 1720 496 ἢ
1755 449 1928 502 κατάρας,
1959 448 2057 492 εἰδὼς
2079 448 2264 488 πλεόνεσσι
2295 448 2465 492 πολλάκις

1422 507 1600 553 ἐπιτελέας
1625 507 1903 558 συμίῗεὸακυίας.
1979 506 2121 547 Τούτων
2139 500 2187 545 ὦν
2217 506 2325 551 οὕτως
2355 506 2466 559 φύσιῑ

1422 566 1755 618 διακεκοσμαμένων
1768 596 1777 614 ,
1797 573 1867 611 τοῖς
1885 566 1946 617 μὲν
1969 566 2117 619 ἔμφροσι
2145 566 2203 604 καὶ
2223 566 2379 617 κοσμίοις
2397 567 2464 604 τῶν

1424 628 1555 678 βροτῶν
1581 625 1724 677 ἕρμαιον
1746 625 1989 677 προγενέτορες
2013 625 2181 677 γηραλέοι
2207 626 2330 669 ζῶντες
2354 623 2464 678 μέχρι

1423 691 1482 728 τᾶς
1519 685 1671 736 ἐσχάτας
1699 687 1835 736 βιοτᾶς,
1861 683 1921 722 καὶ
1953 684 2163 735 ἀφέρποντες
2193 682 2340 731 azmoth
2379 684 2468 736 σφό-

1423 742 1702 795 δραῐποθεινοί,
1728 742 1904 796 ῥωμαλέοι
1929 745 2026 796 ψυχᾷ
2054 743 2165 787 ἐόντες
2193 742 2250 781 διὰ
2285 742 2325 781 τὸ
2353 740 2468 782 πολλὰ

1423 801 1570 854 εἰδέμεν,
1590 807 1660 846 τοῖς
1680 801 1715 839 δὲ
1746 800 1910 853 φλαύροις
1939 803 1997 840 καὶ
2027 802 2200 846 ἀσυνέτοις
2230 796 2268 840 εὖ
2300 801 2395 852 μάλα
2415 804 2468 847 ζο-

1423 859 1571 914 φοειδέες
1603 860 1661 898 καὶ
1700 858 1884 912 φοὸεροίι.
1918 861 1963 899 Εἰ
1996 859 2032 898 δέ
2065 859 2142 899 τινα
2176 859 2278 914 φάμα
2313 859 2468 911 ἀμύητος

1423 919 1520 958 ὤτων
1542 920 1626 957 ποτὶ
1661 919 1821 971 κώφωσιν
1850 917 2011 971 κατίσχει
2030 920 2173 957 τοιῶνδε
2197 918 2308 969 λόγων
2323 949 2340 969 2
2354 919 2478 959 εἷδύλ·.

1424 981 1521 1016 λεται
1540 980 1585 1021 ὥς
1605 977 1663 1015 καὶ
1680 976 1840 1026 δαίμοσιν
1862 976 1984 1029 ἐχθρὸς
2012 976 2110 1016 πέλει
2131 977 2190 1015 καὶ
2211 975 2377 1029 ἀνδράσιν
2397 983 2468 1022 τοῖς

1424 1035 1503 1075 ποτὶ
1521 1035 1674 1078 συνέσιος
1695 1035 1880 1085 ἑρπύξασιν
1902 1033 2072 1084 ἀτραπόν.

1482 1088 1682 1140 (Stobaeus
1704 1088 1805 1126 Flor.
1830 1086 1998 1134 LXXIX,
2030 1087 2092 1127 52.
2123 1087 2317 1125 Convenit
2343 1096 2469 1126 autem

1426 1148 1489 1186 hic
1509 1148 1617 1185 locus
1640 1160 1779 1197 magna
1800 1159 1849 1191 ex
1871 1155 1978 1198 parte
1998 1160 2085 1184 cum
2107 1146 2284 1184 Platonis
2299 1146 2470 1199 disputa·

1427 1207 1532 1244 tione
1561 1206 1607 1244 de
1626 1206 1740 1256 Legg.
1770 1206 1843 1247 lib.
1871 1205 1924 1243 XI
1945 1219 2027 1258 cap.
2051 1206 2117 1254 xl,
2137 1220 2175 1258 p.
2197 1207 2274 1256 930
2294 1204 2324 1244 Ε
2339 1215 2376 1245 et
2393 1209 2465 1257 931

1427 1266 1473 1313 D,
1499 1265 1602 1303 unde
1641 1265 1816 1316 quaedam
1854 1264 1976 1304 verba
2016 1265 2064 1303 ad
2101 1265 2177 1304 hoc
2213 1266 2468 1316 fragmentum

1428 1325 1709 1362 emendandum
1733 1325 1852 1375 petita
1880 1333 1983 1364 sunt.
2005 1324 2149 1374 Scripsi
2170 1328 2206 1363 :⁸
2234 1324 2314 1363 ποτὶ
2337 1325 2470 1379 [πρὸς]

1427 1386 1511 1422 Οεῶν
1534 1398 1555 1422 e
1575 1385 1751 1430 i‘latone3
1774 1383 1886 1421 codd.
1914 1385 1994 1420 θεῶ.
2018 1385 2034 1409 ¹³
2051 1381 2280 1435 τιμιώτερον;
2307 1385 2428 1434 vulgo
2447 1385 2471 1433 ἢ

1427 1442 1560 1495 ἱερὸν.ο
1582 1442 1707 1492 κτῆσις
1729 1443 1847 1491 vulgo
1873 1441 2008 1489 κτήσει.
2025 1440 2042 1464 ‘¹
2069 1441 2196 1490 αὖτὰν;
2228 1442 2340 1482 codd.
2367 1443 2471 1485 ἰδίαν.

1428 1505 1442 1522 ⁴³
1456 1502 1610 1550 μᾶλλον;
1632 1501 1744 1540 codd.
1760 1500 1987 1552 μαλλότερον.
2009 1501 2206 1552 ’ἀψύχωη
2230 1500 2323 1540 libri
2353 1502 2472 1556 ἀνεφί-

1428 1575 1530 1597 κτων.
1545 1565 1561 1588 g
1583 1559 1688 1613 φύσις
1723 1559 1815 1597 libri
1850 1559 1964 1611 φύσει.
1981 1557 1997 1581 ¹¹
2020 1559 2230 1611 ἀφέρποντες
2251 1560 2363 1607 αἰζηοὶ
2384 1575 2471 1599 cum

1431 1618 1572 1655 Koenio
1593 1619 1641 1656 ad
1667 1618 1784 1668 Greg.
1806 1618 1979 1658 Corinth.
2005 1631 2092 1669 pag.
2127 1619 2201 1663 243
2229 1618 2291 1658 ed.
2318 1618 2472 1668 scheer„

1430 1677 1507 1715 nisi
1525 1677 1631 1727 quod
1653 1678 1782 1724 αἰζηοῒς
1803 1678 1843 1715 in
1871 1676 1983 1723 αἰζηοὶ
2003 1677 2176 1715 converti
2194 1692 2204 1724 ;
2229 1678 2347 1728 vulgo
2367 1677 2471 1730 ἐφέρ-

1429 1751 1550 1779 ποντες
1570 1737 1699 1782 αἷζηοῒς
1729 1737 1854 1780 νέοις.ἰ
1880 1736 2013 1789 σφόδρα
2039 1735 2215 1782 ποθεινοί,
2248 1737 2353 1787 quod
2386 1746 2473 1788 post

1429 1796 1526 1848 ψυχᾷ
1551 1795 1764 1844 legebatur,
1789 1809 1876 1847 cum
1895 1794 2080 1832 Jacobsio
2113 1794 2383 1846 transposui.¹¹
2415 1797 2471 1840 ζο·
2524 1830 2526 1833 ,

1431 1853 1578 1907 φοειδέες
1594 1854 1652 1891 καὶ
1670 1853 1826 1906 φοὸεροίς
1848 1853 1962 1892 codd.
1987 1852 2180 1906 φοὸοειδέες
2208 1853 2268 1891 καὶ
2299 1853 2473 1908 ζοφεροί.)

1926 1937 1986 1970 13.

1462 2008 1813 2046 ΠΕΡΙΚΤΙΟΝΗΣ
1842 2008 1947 2046 ΤΗΣ
1977 2007 2342 2047 ΠΥΘΑΓΟΡΕΙΑΣ
2380 2009 2448 2048 ΕΚ

1713 2067 1814 2106 ΤΟΥ
1842 2069 1964 2106 ΠΕΡΙ
1998 2068 2207 2107 ΣΟΦΙΑΣ.

1487 2142 1533 2183 α’.
1557 2143 1682 2195 Γέγονε
1699 2143 1734 2182 δὲ
1751 2143 1810 2182 καὶ
1828 2143 1976 2182 συνέστα
1993 2146 2010 2181 ὁ
2027 2143 2203 2196 ἄνθρωπος
2218 2144 2326 2183 ποττὸ
2345 2146 2476 2196 θεωρῆ-

333 2220 2474 2232 ..-—-————--—-—--——-———-.—-——.

325 2267 463 2290 uxorum
480 2257 669 2298 appendices
686 2257 735 2288 vel
753 2256 933 2288 adulatores
956 2266 964 2287 ε
984 2256 1039 2296 qui
1062 2265 1139 2288 vero
1154 2257 1252 2297 civili,
1268 2265 1324 2288 eos
1339 2261 1369 2289 et

324 2317 522 2349 admirantur
544 2316 694 2349 mulieres
711 2320 742 2348 et
759 2316 907 2356 diligunt.
964 2317 1090 2347 Horum
1108 2317 1218 2347 autem
1240 2319 1369 2348 utrum-

326 2385 388 2417 que
417 2376 596 2416 continget,
624 2375 650 2407 si
672 2375 744 2416 quis
771 2368 941 2416 imperium
968 2376 1057 2416 gerat
1081 2375 1247 2416 voluptate
1273 2375 1370 2407 simul

326 2437 543 2477 gravitateque
566 2438 799 2476 temperatum,
823 2435 1022 2476 voluptatem
1051 2435 1180 2476 quidem
1212 2435 1370 2475 amando,

325 2495 511 2534 gravitatem
538 2503 611 2526 vero
629 2494 706 2526 nihil
726 2494 786 2527 vile
807 2497 863 2526 aut
887 2493 1006 2525 humile
1028 2493 1172 2526 faciendo
1198 2502 1371 2534 repraesen-

328 2556 408 2585 tans.

820 2619 881 2652 12.

730 2684 952 2722 PEMPELI

480 2743 542 2780 EX
573 2743 726 2781 LlssRo
760 2744 827 2781 DE
858 2742 1208 2781 PARENTIBUS.

374 2819 520 2849 Parentes
537 2818 692 2858 negligere
713 2827 770 2849 nee
792 2818 870 2850 deus
891 2827 994 2859 neque
1019 2818 1115 2850 bomo
1140 2818 1191 2849 vel
1220 2815 1372 2849 mediocri

330 2877 483 2917 supientia
509 2876 661 2916 praeditus
680 2886 819 2916 unquam
839 2877 987 2917 cuiquam
1010 2877 1158 2909 suaserit.
1224 2878 1371 2917 Quapro-

332 2938 400 2976 pter
422 2945 475 2975 per
491 2935 568 2967 deos
585 2935 710 2966 nullum
728 2935 935 2966 simulacrum
965 2935 1063 2975 magis
1089 2935 1310 2966 honorandum
1338 2934 1372 2966 in

333 2994 587 3035 possessionibus
612 2993 730 3025 nostris
747 2993 864 3025 habere
892 2994 1049 3034 possimus
1077 3003 1173 3034 quam
1194 2995 1299 3034 patres
1318 2994 1373 3025 aut

331 3060 407 3084 avos
425 3052 513 3083 senio
539 3052 700 3083 confectos
719 3053 774 3084 aut
791 3054 907 3083 matres
924 3051 1035 3084 eadem
1062 3051 1217 3092 dignitate
1238 3052 1372 3093 praecel-

334 3112 448 3142 lentes.
510 3110 636 3142 Etenim
653 3119 754 3151 quum
773 3110 843 3150 quis
860 3110 1049 3142 muneribus
1068 3112 1099 3142 et
1120 3110 1297 3142 honoribus
1316 3119 1372 3151 pu-

336 3172 439 3201 reutes
452 3168 599 3208 ornavit,
613 3168 751 3200 vicissim
770 3168 848 3200 deus
865 3168 948 3200 bona
962 3168 1106 3208 rependit
1126 3177 1136 3199 τ
1158 3169 1300 3209 alioquin
1320 3178 1375 3201 eos

337 3240 399 3262 non
415 3230 590 3262 exaudiret.
609 3229 833 3262 venerandum
854 3229 939 3260 enim
960 3230 991 3260 et
1005 3228 1124 3260 divinae
1141 3230 1265 3260 naturae
1278 3229 1374 3270 parti-

336 3299 409 3330 ceps
431 3290 521 3321 nobis
546 3292 594 3321 est
620 3274 885 3321 considerandum
907 3289 1072 3327 parentum
1099 3287 1303 3319 simulacrum
1317 3312 1326 3327 ‚
1344 3293 1375 3320 et

337 3348 483 3379 vivorum
506 3347 636 3388 quidem
658 3347 758 3387 magis
781 3355 877 3388 qnam
897 3347 962 3377 vita
980 3346 1171 3377 carentium.
1219 3346 1274 3377 illa
1290 3346 1375 3378 enim

338 3407 363 3437 si
391 3409 544 3438 ornentur
575 3415 591 3437 a
621 3405 714 3437 nobis
741 3406 773 3437 et
805 3404 950 3435 colantur
975 3403 1119 3442 assidue,
1144 3404 1264 3444 optima
1293 3403 1375 3435 dona

340 3464 429 3496 nobis
460 3467 650 3505 precantum
686 3463 712 3496 si
751 3472 828 3496 vero
857 3463 1113 3503 contemnantur,
1136 3465 1245 3494 contra
1277 3472 1283 3493 :
1309 3463 1377 3494 boec

1433 2259 1541 2290 autem
1559 2261 1709 2290 neutrum
1727 2258 1840 2289 borum
1871 2258 2002 2289 faciunt.
2047 2258 2159 2298 ltaque
2183 2257 2208 2288 si
2235 2257 2307 2298 quis
2326 2257 2477 2289 decenter

1434 2325 1468 2348 se
1488 2316 1642 2348 adversus
1660 2318 1804 2357 parentes
1821 2318 1851 2348 et
1873 2325 1952 2348 avos
1966 2318 2166 2357 caeterosque
2194 2315 2339 2356 eiusdem
2353 2315 2478 2356 generis

1434 2376 1586 2415 gesserit,
1603 2375 1628 2407 is
1640 2375 1678 2407 ad
1689 2375 1765 2407 deos
1775 2375 1834 2407 sibi
1844 2375 2059 2407 conciliandos
2067 2374 2315 2406 simulacrorum
2328 2374 2476 2407 omnium

1436 2434 1664 2476 pretiosissima
1683 2425 1867 2474 possidebit.
1913 2434 2063 2475 Quisquis
2085 2434 2182 2474 igitur
2201 2443 2279 2466 sana
2299 2436 2409 2467 mente
2429 2437 2478 2466 est

1436 2494 1610 2535 praeditus,
1643 2494 1726 2526 colat
1761 2495 1792 2526 et
1818 2495 2001 2526 revereatur
2031 2502 2068 2526 ac
2103 2493 2288 2526 reformidet
2309 2497 2496 2534 pareutum*

1435 2562 1546 2593 preces
1567 2553 1616 2585 vel
1642 2551 1891 2592 exsecrationes,
1914 2552 2018 2585 sciens
2046 2552 2156 2584 multis
2177 2561 2263 2593 soepe
2282 2560 2336 2584 eas
2353 2554 2474 2585 eventu

1435 2612 1657 2653 comprobatas
1689 2614 1758 2644 tum
1784 2612 1941 2652 profuisse
1965 2613 2036 2643 tum
2067 2610 2225 2643 obfuisse.
2270 2613 2352 2650 Quae
2374 2619 2476 2652 quum

1436 2674 1548 2703 natura
1567 2671 1610 2702 ita
1628 2672 1814 2711 comparata
1831 2670 1913 2709 sint,
1930 2670 2143 2710 prudentibus
2161 2672 2194 2702 et
2212 2669 2363 2703 modestis
2387 2678 2477 2703 mor·

1434 2732 1545 2764 talium
1561 2731 1700 2763 seniores
1717 2732 1862 2771 parentes
1878 2732 1910 2761 et
1927 2730 1979 2762 avi
1993 2729 2033 2761 ad
2051 2730 2197 2762 ultimum
2212 2731 2289 2762 vitoe
2303 2731 2476 2762 terminum

1436 2791 1580 2823 viventes
1603 2789 1763 2822 utilissimi
1789 2789 1838 2820 vel
1861 2789 1984 2820 tlorenti
2012 2790 2107 2820 oetate
2136 2788 2278 2821 ‹lesuncti
2300 2789 2475 2821 admodum

1436 2850 1661 2882 desiderabiles
1690 2849 1851 2887 videntur,
1881 2848 1956 2888 quia
1994 2848 2167 2879 multarum
2207 2857 2314 2881 rerum
2344 2848 2477 2880 scientia

1438 2909 1578 2950 pollent,
1596 2908 1747 2949 improbis
1767 2915 1844 2939 vero
1866 2909 1898 2938 et
1925 2906 2147 2947 insipientibus
2171 2907 2264 2938 valde
2287 2906 2476 2938 tenebricosi

1437 2969 1469 3000 et
1487 2967 1664 2999 horribiles.
1721 2967 1882 2999 Caeterum
1909 2966 1935 2997 si
1964 2967 2037 3006 quis
2069 2968 2175 2997 mente
2199 2965 2329 3006 protana
2348 2964 2388 2996 ad
2417 2965 2476 2996 bos

1437 3036 1602 3060 sermones
1625 3026 1742 3059 surdus
1754 3034 1824 3059 esse
1843 3025 1973 3065 dicitur,
1993 3025 2096 3065 liquet
2111 3033 2186 3056 eum
2199 3024 2295 3060 simul
2314 3023 2376 3056 diis
2395 3023 2476 3055 invi-

1437 3094 1510 3117 sum
1533 3094 1604 3118 esse
1629 3084 1724 3118 simul
1747 3084 1931 3117 bominibus
1958 3083 2138 3124 prudentiae
2165 3091 2202 3114 ac
2234 3082 2366 3114 virtutis
2393 3082 2476 3113 viam

1438 3144 1597 3184 ingressis.

1894 3255 1896 3257 -
1934 3230 1997 3264 13.

1441 3316 1785 3355 PERICTIONES
1820 3313 2189 3354 PYTHAGOREAE
2230 3313 2296 3351 EX
2324 3311 2478 3351 LlBRO

1767 3376 1833 3414 DE
1865 3374 2156 3412 SA-PlENTIA.

1487 3465 1511 3494 1.
1532 3465 1631 3495 Natus
1656 3461 1913 3503 compositusque
1940 3462 1987 3492 est
2011 3460 2107 3492 bomo
2134 3458 2173 3490 ad
2201 3456 2477 3499 contemplandam
