2606 3828
286 275 364 310 426

287 348 491 402 ὁλοκλήροις
509 347 571 386 καὶ
595 344 643 396 μὴ
670 341 892 396 τετρημένοις
925 335 1073 388 ἀγγείοις
1102 332 1325 386 ὑδροφόρουν.

342 410 559 461 (Diogenes
589 403 764 443 Laertius
796 400 863 437 lib.
898 397 961 444 IV,
996 396 1060 433 50.
1093 392 1329 441 Intelligitur

286 480 404 521 poena
436 464 650 504 Danaidum
688 461 735 498 de
772 457 915 509 quibus
947 454 1038 492 vide
1076 452 1215 502 Hygin.
1248 451 1285 487 fa
1314 494 1318 501 Ι

291 529 364 566 168
386 535 424 564 et
443 537 536 573 17o;
560 521 676 560 Ovid.
703 517 859 556 Ilei-oid.
887 513 994 561 X1v3
1021 510 1251 563 Apollodor.
1274 508 1327 557 II,

292 601 326 637 1,
349 592 367 631 l.
392 597 499 634 seqq.
529 581 640 619 Ridet
659 579 755 616 Bion
772 576 881 625 vulgi
901 572 1232 624 superstitionem,
1254 582 1330 620 qua

287 658 413 697 poenae
446 645 486 681 in
524 654 615 679 orco
662 649 817 688 quoque
854 633 1019 687 per-ferri
1054 630 1326 670 credebantur.

287 707 425 744 Totam
446 710 571 740 autem
603 698 707 736 hanc
731 695 900 734 fabulam
935 691 1135 742 ingeniose
1163 688 1332 740 explicat

287 763 398 800 Plato
419 760 538 809 Gorg.
563 771 601 808 p.
623 756 698 805 [⁸93
722 754 787 806 B.)

340 835 384 860 29.
415 818 509 870 Πρὸς
532 816 590 855 τὸν
613 812 809 866 ἀδολέσχην
824 842 834 859 ,
852 813 1069 863 λιπαροῦντα
1092 806 1331 847 συλλαὸέσθαι

288 880 381 930 αὐτῷ
392 906 402 924 ,
420 876 459 915 τὸ
475 874 592 914 ἱκανόν
610 888 664 911 σοι
680 871 818 919 ποιήσω
830 901 840 920 ,
860 868 962 922 φησίν
974 897 984 917 ,
1007 867 1066 907 ἐὰν
1085 865 1334 920 παρακλήτους

286 937 453 988 πέμψῃς,
477 932 538 973 καὶ
557 931 657 976 αὐτὸς
678 930 726 983 μὴ
746 929 861 983 ἔλθῃς,

343 996 548 1046 (Diogenes
566 991 740 1031 Laertius
761 990 829 1029 lib.
851 988 920 1036 lv,
942 988 1023 1039 50.)

341 1068 392 1093 30.
416 1051 542 1092 Πλέων
561 1050 652 1103 μετὰ
680 1051 862 1101 πονηρῶν,
884 1048 1030 1101 λῃσταῖς
1048 1045 1244 1099 περιέπεσε·
1264 1045 1333 1082 τῶν

288 1113 344 1160 δέ,
360 1111 612 1162 Ἀπολώλαμεν
635 1108 818 1158 εἰπόντων,
836 1108 895 1148 ἐὰν
915 1108 1142 1158 γνωσθῶμεν,
1162 1102 1260 1156 Ἐγὼ
1283 1102 1332 1151 δέ,

288 1171 408 1225 φησίν,
431 1170 489 1209 ἐὰν
512 1169 560 1221 μὴ
583 1170 809 1220 γνωσθῶμεν.

342 1230 548 1280 (Diogenes
562 1225 825 1266 Laertiuslib.
841 1224 908 1272 lv,
928 1224 1012 1274 50.)

342 1302 391 1328 31.
413 1287 489 1335 Τὴν
509 1287 621 1334 οἴησιν
642 1284 740 1335 ἔλεγε
756 1286 936 1336 προκοπῆς
956 1280 1122 1333 ἐγκοπήν.

343 1347 553 1399 (Diogenes
569 1343 744 1383 Laertius
764 1341 834 1381 lib.
858 1341 923 1391 IV,
954 1341 1042 1391 50.)

343 1419 394 1445 32.
415 1405 509 1457 Πρὸς
523 1403 688 1443 πλούσιον
704 1400 923 1454 μικρολόγον,
943 1401 1026 1452 Οὐχ
1044 1393 1155 1446 οὗτος,
1173 1396 1253 1451 ἔφη,
1273 1396 1336 1446 τὴν

289 1466 408 1503 οὐσίαν
428 1463 613 1510 κέκτηται,
631 1463 708 1500 ἀλλ’
730 1463 751 1507 ἡ
773 1460 872 1499 οὖσία
890 1463 1021 1498 τοῦτον.

346 1524 564 1574 (Diogenes
591 1521 767 1559 Laertius
786 1519 854 1558 lib.
876 1519 942 1567 lv,
968 1519 1031 1558 50.
1056 1518 1247 1556 Similiter
1267 1517 1338 1556 Se-

290 1594 385 1620 neca
397 1581 519 1631 Epist.
534 1595 548 1618 1
561 1594 607 1630 19
623 1579 736 1617 :Nam
754 1578 858 1629 quod
870 1577 917 1615 ad
930 1577 1020 1615 illos
1034 1577 1216 1628 pertinet,
1234 1571 1336 1628 apud

293 1654 390 1691 quos
412 1641 508 1678 falso
541 1639 768 1677 divitiarum
798 1650 941 1675 nomen
972 1636 1119 1674 invasit
1150 1643 1338 1686 occupata

294 1708 513 1751 paupertas,
534 1699 590 1736 sic
607 1698 766 1735 divitias
782 1695 949 1748 habent,
973 1694 1169 1745 quomodo
1194 1693 1337 1731 habere

292 1759 461 1797 dicimur
494 1757 655 1803 febrim,
678 1769 797 1806 quum
830 1755 899 1792 illa
919 1767 991 1791 nos
1015 1753 1166 1791 habeat.
1189 1752 1218 1789 E
1239 1767 1336 1790 con—

293 1817 416 1855 trario
429 1816 559 1854 dicere
575 1814 772 1852 debemus:
798 1813 917 1850 febris
932 1813 1042 1851 illum
1062 1821 1175 1850 tenet.
1191 1812 1335 1852 Eodem

292 1876 406 1913 modo
427 1874 632 1913 dicendum
652 1882 709 1911 est
731 1887 739 1910 :
762 1872 911 1910 ‹livitiae
931 1869 1042 1909 illum
1064 1870 1231 1923 tenent.)

345 1947 394 1972 33.
425 1931 555 1982 Ἔλεγε
568 1960 578 1978 ,
603 1929 679 1973 τοὺς
700 1930 927 1981 μικρολόγους
939 1932 1008 1968 τῶν
1029 1928 1090 1971 μὲν
1108 1929 1337 1981 ὑπαρχόντων

291 1993 338 2036 ὡς
369 1989 462 2029 ἷδίων
496 1989 759 2041 ἐπιμελεῖσθαι,
791 1992 837 2033 ὡς
868 1990 903 2027 δὲ
941 1988 975 2034 ἐξ
1006 1987 1199 2041 ἀλλοτρίων
1230 1987 1337 2041 μηδὲν

292 2051 517 2101 ὠφελεῖσθαι.

347 2109 560 2162 (Diogenes
579 2107 759 2146 Laertius
781 2107 851 2147 lib.
874 2106 941 2156 lv,
971 2106 1053 2157 50.)

345 2181 394 2208 ³4.
424 2169 478 2218 Τῇ
501 2166 563 2218 μὲν
581 2166 721 2220 ἀνδρείᾳ
744 2165 839 2210 νέους
858 2165 923 2219 ἔφη
945 2168 1118 2219 χρῆσθαι,
1139 2167 1183 2218 τῇ
1201 2164 1337 2219 δὲ.”φρο-

292 2226 391 2274 νήσει
416 2225 656 2279 γηροίσκοντας
676 2225 857 2275 ἀκμάζειν.
1240 2215 1250 2218 -

346 2284 566 2336 (Diogenes
592 2283 768 2321 Laertius
786 2283 855 2323 lib.
883 2282 945 2328 lv,
971 2283 1060 2334 50.)

354 2356 403 2382 35.
433 2344 607 2382 Τοσοῦτον
643 2342 778 2394 (ἔλεγε)
801 2341 972 2394 διαφέρειν
995 2341 1057 2388 τὴν
1081 2340 1248 2395 φρόνησιν
1268 2343 1337 2379 τῶν

295 2401 409 2440 ἄλλων
439 2403 593 2454 ἀρετῶν,
622 2400 702 2439 ὅσον
733 2400 795 2448 τὴν
818 2400 938 2453 ὅρασιν
963 2402 1033 2439 τῶν
1062 2400 1178 2439 ἄλλων
1211 2399 1338 2448 αἰσθή-

296 2476 396 2498 6Ξο)ν.

296 2600 369 2623 nam
386 2592 569 2632 habituros,
588 2591 615 2623 si
634 2592 763 2632 integris
783 2600 879 2632 quam
895 2590 922 2623 si
936 2589 1104 2632 perforatis
1114 2591 1201 2623 vasis
1218 2599 1340 2633 aquam

296 2650 424 2683 ferrent.

338 2711 390 2740 29.
414 2708 573 2748 Nugatore
597 2706 738 2748 quodam
759 2716 833 2740 eum
852 2708 984 2747 orante,
1012 2710 1049 2740 ut
1073 2708 1133 2741 sibi
1157 2718 1253 2750 opem
1275 2709 1341 2742 ser-

297 2765 369 2804 ret,
394 2764 612 2805 satisfaciam
632 2764 714 2805 tibi,
734 2765 858 2806 inquit,
875 2766 907 2797 si
929 2773 995 2806 per
1013 2767 1254 2800 intercessores
1274 2775 1342 2800 me-

298 2830 378 2854 cum
395 2830 507 2862 were,
532 2831 715 2864 nunquam
734 2825 806 2864 ipse
829 2824 952 2856 venire
972 2824 1077 2857 voles.

342 2885 393 2915 30.
417 2883 577 2923 Navigans
607 2892 682 2915 cum
717 2883 901 2916 hominibus
932 2885 1086 2926 improbis
1118 2886 1151 2918 in
1174 2886 1342 2927 praedones

300 2941 410 2973 incidit
431 2953 440 2973 ε
458 2941 634 2973 dicentibus
659 2942 866 2982 autemillis,
895 2945 1014 2976 actum
1043 2946 1094 2977 est
1118 2944 1160 2977 cle
1180 2945 1298 2986 nobis,
1312 2947 1342 2978 si

300 3008 544 3040 aynoscamur,
562 3001 608 3032 De
626 3008 690 3040 me,
707 3000 823 3041 inquit,
842 3002 912 3033 nisi
928 3010 1171 3042 aqnoscamur.

342 3061 395 3091 31.
418 3059 555 3091 Nimiam
576 3059 625 3090 sui
645 3058 886 3091 admirationem
908 3068 1095 3100 progressus
1125 3062 1342 3103 impedimen-

300 3116 370 3148 tum
389 3116 578 3157 appellabat.

343 3178 395 3208 32.
414 3177 449 3208 ln
469 3175 631 3208 hominem
651 3176 859 3217 opulentum,
878 3176 932 3208 sed
958 3177 1120 3210 sordidum
1133 3203 1142 3219 ,
1168 3181 1247 3212 Non
1267 3180 1341 3222 hic,

302 3233 425 3274 inquit,
443 3234 547 3267 habet
570 3243 662 3276 opes,
679 3243 799 3267 verum
819 3244 898 3276 opes
918 3235 1014 3268 hunc
1031 3236 1167 3271 habent.

345 3294 397 3324 33.
420 3293 574 3325 sordidos
589 3294 693 3334 aiebat
712 3294 870 3326 bonorum
893 3296 929 3326 ut
951 3303 1083 3326 suorum
1100 3305 1212 3330 curam
1237 3307 1343 3340 agere,

303 3349 357 3380 sed
376 3358 412 3381 ex
432 3350 469 3382 iis
482 3352 633 3392 tanquam
651 3361 689 3384 ex
707 3353 817 3385 alienis
830 3352 909 3384 niliil
927 3352 1073 3385 utilitatis
1092 3363 1216 3395 capere.

346 3409 396 3440 34.
417 3409 615 3442 Fortitudine-
630 3419 688 3443 nos
705 3411 752 3443 uti
775 3420 876 3452 quum
893 3411 1027 3451 juvenes
1042 3420 1173 3454 summ,
1188 3414 1248 3456 ait,
1269 3424 1346 3456 pru-

306 3464 411 3497 dentia
430 3469 536 3499 autem
551 3469 691 3501 seniores
709 3470 827 3502 valere.
1216 3471 1229 3476 “

969 248 1381 294 CYRENAICORUM
1413 245 1745 287 FRAGMENTA.

1445 329 1658 381 (Diogenes
1671 326 1847 366 Laertius
1868 324 1938 364 lib.
1962 324 2027 372 IV,
2050 324 2141 375 51.)

1444 401 1494 429 36.
1525 386 1590 434 Μὴ
1625 387 1694 426 δεῖν
1725 385 1875 439 ἔφασκεν
1902 384 2079 429 ὀνειδίζειν
2109 381 2149 421 τὸ
2177 380 2305 435 γῆρας,
2327 380 2376 425 εἷς
2393 377 2436 428 8,

1393 446 1460 500 ἔφη
1476 475 1486 494 ,
1510 446 1637 489 πάντες
1658 444 1832 497 εὐχόμεθα
1853 444 1979 483 ἐλθεῖν.
2271 477 2280 484 ,

1449 506 1664 557 (Diogenes
1683 503 1861 542 Laertius
1883 502 1955 540 lib.
1975 500 2041 548 IV,
2065 500 2129 540 51.
2155 499 2217 540 Cf.
2241 497 2438 550 Antipha-

1394 577 1463 603 nes
1497 563 1599 616 apud
1633 562 1827 601 Stobaeum
1864 561 1966 599 Flor.
1995 558 2134 605 cxvi,
2173 557 2222 596 23
2244 565 2283 596 et
2301 556 2442 595 Cicero

1394 623 1464 662 Cat
1484 622 1575 674 maj.
1596 634 1680 673 cap.
1703 620 1760 672 2.)

1448 695 1494 723 37.
1523 680 1619 735 Πρὸς
1639 679 1698 719 τὸν
1721 679 1895 732 βάσκανον
1929 675 2247 730 ἐσκυθρωπακότα,
2266 676 2329 715 οὐκ
2346 666 2441 724 οἶδα,

1395 742 1460 797 ἔφη
1473 772 1484 790 ,
1503 740 1648 794 πότερον
1670 740 1724 779 σοὶ
1740 739 1848 779 κακὸν
1863 737 2020 792 γέγονεν,
2041 736 2064 784 ἢ
2082 736 2180 789 ἄλλῳ
2196 733 2338 788 ἀγαθόν.

1452 801 1665 853 (Diogenes
1695 798 1872 837 Laertius
1905 797 1976 838 lib.
2022 796 2093 844 lv,
2135 795 2200 835 51.
2252 793 2446 833 Similiter

1396 860 1573 899 Stobaeus
1587 859 1692 899 Flor.
1711 856 1927 907 XXXVIII,
1951 856 2023 895 50:
2037 854 2131 895 Βίων
2147 856 2166 893 ὁ
2181 851 2348 907 σοφιστὴς
2358 852 2443 892 ἰδών

1403 935 1480 958 τινα
1503 917 1666 973 φθονερὸν
1694 916 1827 970 σφόδρα
1852 913 2029 969 κεκυφότα
2048 908 2156 953 εἶπεν·
2177 913 2200 961 ἢ
2221 911 2336 966 τούτῳ
2353 910 2447 964 μέγα

1397 977 1505 1016 κακὸν
1526 974 1749 1026 συμὸέὸηκεν
1777 973 1801 1021 ἢ
1825 973 1923 1026 ἄλλῳ
1948 972 2039 1025 μέγα
2061 971 2204 1023 ἀγαθόν.
2220 970 2446 1010 Macrobius

1397 1037 1476 1077 Sat.
1493 1037 1563 1076 lib.
1583 1035 1619 1073 II
1632 1048 1716 1087 cap.
1732 1048 1753 1072 2
1769 1049 1778 1072 :
1798 1033 1964 1073 Publius
1980 1031 2152 1070 Mucium
2161 1030 2345 1082 inprimis
2361 1041 2448 1068 ma-

1399 1096 1571 1135 levolum
1605 1107 1724 1145 quum
1761 1092 1931 1131 vidisset
1963 1091 2080 1130 solito
2108 1090 2337 1136 tristiorem,
2369 1087 2448 1127 Aut

1399 1156 1548 1202 Mucio,
1570 1154 1713 1205 inquit,
1733 1152 1867 1191 nescio
1887 1151 1984 1202 quid
2003 1148 2243 1190 incommodi
2259 1147 2446 1196 accessit,

1402 1224 1468 1254 aut
1488 1213 1621 1253 nescio
1638 1212 1701 1251 cui
1722 1211 1873 1263 aliquid
1892 1210 2002 1249 boni.
2018 1210 2030 1262 )

1454 1286 1504 1313 38.
1535 1271 1613 1320 Τὴν
1634 1270 1834 1323 δυσγένειαν
1857 1268 2008 1323 πονηρὸν
2036 1268 2152 1322 ἔλεγεν
2185 1261 2274 1307 εἶναι
2292 1266 2448 1308 σύνοικον

1400 1335 1443 1385 τῇ
1463 1329 1659 1385 παῤῥησίᾳ·
2333 1335 2342 1344 ·
2451 1323 2455 1326 ’

1456 1428 1587 1466 Δουλοῗ
1600 1425 1667 1479 γὰρ
1689 1425 1819 1479 ἄνδρα,
1840 1424 1908 1464 κᾶν
1928 1422 2168 1477 θρασύστομός
2185 1438 2237 1467 τις
2254 1416 2292 1476 ᾗ.

1455 1521 1672 1571 (Diogenes
1697 1519 1871 1558 Laertius
1902 1518 1971 1557 lib.
1996 1518 2065 1567 IV,
2102 1518 2166 1559 51.
2188 1517 2336 1568 Scripsi
2364 1517 2451 1555 δυσ-

1401 1577 1536 1629 γένειαν
1563 1593 1650 1617 cum
1673 1579 1853 1628 Menagio
1872 1591 1947 1629 pro
1970 1576 2192 1616 δυσσέὸειαν.
2221 1575 2452 1615 Plutarchus

1402 1637 1448 1675 de
1469 1636 1585 1677 liber.
1608 1637 1716 1675 educ.
1738 1650 1820 1687 cap.
1849 1650 1887 1683 2,
1908 1637 1987 1674 vol.
2006 1635 2073 1675 VII
2088 1650 2127 1688 p.
2150 1649 2172 1672 2
2192 1634 2253 1674 ed.
2268 1634 2448 1685 fiunem:

1403 1695 1508 1739 καλὸς
1525 1690 1591 1734 οὖν
1612 1694 1813 1748 παῤῥησίας
1835 1694 2009 1747 θησαυρὸς
2029 1693 2182 1743 εὐγένεια
2195 1723 2207 1743 ,
2222 1687 2264 1741 ἧς
2283 1691 2326 1740 δὴ
2347 1694 2450 1732 πλεῖ-

1404 1769 1484 1792 στον
1500 1753 1601 1805 λόγον
1626 1753 1790 1805 ποιητέον
1810 1759 1882 1796 τοῖς
1908 1753 2060 1804 νομίμου
2081 1751 2308 1796 παιδοποιίας
2325 1752 2449 1804 γλιχο-

1404 1811 1530 1862 μένοις.
1551 1812 1623 1852 Καὶ
1643 1812 1708 1864 μὲν
1729 1812 1771 1860 δὴ
1791 1811 1853 1851 καὶ
1870 1811 1915 1850 τὰ
1932 1811 2141 1865 φρονήματα
2155 1813 2224 1850 τῶν
2247 1809 2450 1864 ὗπόχαλκον

1403 1870 1463 1908 καὶ
1482 1870 1649 1918 κίὸδηλον
1669 1871 1822 1924 ἐχόντων
1834 1870 1874 1909 τὸ
1887 1870 1993 1922 γένος,
2009 1871 2226 1924 σφάλλεσθαι
2244 1869 2306 1909 καὶ
2327 1884 2454 1909 ταπει-

1403 1933 1544 1968 νοῦσθαι
1572 1930 1716 1984 πέφυκε·
1749 1930 1810 1969 καὶ
1845 1930 1943 1981 μάλα
1981 1931 2089 1982 ὀρθῶς
2114 1933 2133 1970 ὃ
2163 1929 2275 1982 λέγων
2303 1928 2452 1978 ποιητής

1404 1988 1500 2040 φησί’
1523 1990 1649 2029 Δουλοῖ
1667 1990 1735 2043 γὰρ
1755 1990 1888 2043 ἄνδρα,
1909 1984 1976 2028 κᾶν
2003 1988 2317 2044 θρασύσπλαγχνός
2341 2005 2393 2034 τις
2413 1982 2451 2041 ᾗ,

1404 2046 1520 2086 ''Oa-w
1553 2049 1692 2101 συνειδῇ
1727 2048 1859 2101 πατρὸς
1882 2047 1905 2095 ἢ
1929 2049 2058 2101 μητρὸς
2089 2049 2199 2090 κακά.
2220 2049 2368 2088 Versus
2395 2058 2454 2089 est

1404 2119 1452 2144 ex
1475 2106 1677 2159 Euripidis
1700 2108 1915 2160 Hippolyto
1933 2113 2025 2156 424,
2045 2108 2114 2147 ubi
2132 2108 2223 2147 vide
2239 2107 2451 2148 Valckena-

1403 2162 1542 2215 rium.)
2332 2207 2343 2212 ,

1457 2237 1505 2263 39.
1531 2222 1621 2268 Τοὺς
1635 2224 1775 2277 φίλους,
1797 2228 1910 2264 ὁποῖοι
1932 2224 1972 2263 ἂν
1992 2218 2082 2277 ὦσι,
2100 2229 2295 2277 συντηρεῖν,
2321 2222 2380 2264 ἵνα
2398 2228 2450 2277 μὴ

1405 2281 1588 2333 δοκοίημεν
1611 2290 1774 2336 πονηροῖς
1796 2286 2014 2336 κεχρῆσθαι,
2045 2283 2068 2331 ἢ
2092 2282 2268 2336 χρηστοὺς
2287 2286 2450 2338 παρῃτ-ῆ·

1405 2345 1497 2381 σθαι.

1460 2402 1675 2453 (Diogenes
1695 2401 1873 2441 Laertius
1891 2401 1962 2441 lib.
1979 2401 2042 2450 lv,
2067 2401 2154 2454 51.)

1457 2472 1494 2498 40
1531 2459 1573 2499 'E
1673 2463 1690 2498 θ
1714 2459 1722 2473 ’
1795 2460 1806 2474 ’
1825 2463 1844 2499 θ
1887 2459 1897 2474 ’
1935 2460 1945 2474 ’
2046 2453 2068 2498 ’ἶ
2134 2471 2144 2481 ·
2164 2478 2166 2480 >

1497 2491 1505 2500 .
1577 2475 1670 2512 ρωτη
1694 2476 1759 2509 εις,
1776 2475 1806 2498 ει
1847 2475 1896 2499 εοι
1916 2475 2014 2508 εισιν,
2035 2475 2050 2497 ε
2067 2475 2129 2498 πεν

1445 2594 1496 2624 35.
1537 2593 1677 2624 Tantum
1708 2591 1836 2624 dicebat
1869 2591 2072 2633 prudentiam
2091 2591 2232 2627 ⁴caeteris
2272 2590 2451 2628 virtutibus

1404 2653 1575 2693 praestare,
1593 2654 1751 2692 quantum
1770 2650 1862 2683 visus
1877 2651 2003 2684 caeteris
2022 2650 2170 2684 sensibus
2189 2651 2369 2691 praestaret.

1445 2713 1495 2743 36.
1520 2709 1662 2751 Negabat
1686 2709 1931 2750 vituperandam
1950 2718 2021 2743 esse
2047 2710 2269 2750 senectutem,
2289 2708 2331 2741 ad
2350 2717 2452 2751 quam

1402 2778 1514 2802 omnes
1525 2794 1534 2810 ‚
1551 2769 1667 2810 inquit,
1689 2769 1799 2801 venire
1815 2767 1977 2809 cupimus.

1444 2832 1496 2862 37.
1514 2828 1726 2862 obtrectatori
1740 2829 1869 2869 moesto,
1883 2827 2018 2868 Nescio,
2035 2827 2160 2869 inquit,
2180 2827 2291 2860 utrum
2309 2826 2367 2860 tibi
2379 2835 2452 2860 ma-

1402 2888 1468 2920 lum
1481 2911 1491 2927 ,
1505 2896 1546 2920 an
1564 2888 1656 2920 alteri
1675 2887 1795 2920 bonum
1815 2887 1996 2928 contigerit.

1446 2950 1495 2980 38.
1520 2947 1653 2981 Generis
1669 2947 1899 2989 ignobilitatem
1913 2956 2048 2989 pravam
2060 2956 2132 2980 esse
2148 2947 2276 2980 dicebat
2295 2945 2452 2980 liberioris

1404 3007 1563 3039 sermonis
1581 3007 1702 3039 sociam
1718 3020 1727 3040 :

1440 3101 1514 3129 Nam
1526 3080 1671 3130 servitute
1683 3099 1777 3130 afficit
1792 3100 1892 3129 virum
1903 3121 1911 3135 ‚
1924 3099 2040 3129 etiamsi
2054 3099 2122 3137 quis
2139 3098 2286 3130 audacter
2297 3100 2451 3138 loquatur.

1446 3192 1496 3223 39.
1522 3190 1651 3223 Amicos
1661 3214 1670 3230 ‚
1688 3189 1925 3231 qualescunque
1939 3190 2061 3229 essent,
2077 3189 2202 3230 ajebat,
2217 3190 2366 3231 oportere
2381 3197 2451 3222 ser·

1406 3248 1491 3288 vari,
1508 3256 1550 3280 ne
1569 3247 1619 3280 vel
1642 3248 1745 3280 malos
1765 3247 1934 3287 habuisse,
1964 3248 2016 3280 vel
2039 3247 2142 3280 bonos
2159 3247 2344 3289 repudiasse
2360 3247 2451 3281 vide-

1405 3314 1527 3338 remur.

1447 3367 1499 3398 40.
1522 3366 1755 3407 Interrogatus,
1769 3374 1848 3398 num
1867 3365 1911 3398 dii
1923 3367 2052 3406 essent,
2073 3365 2237 3407 respondit
2250 3377 2263 3400 a
