2606 3828
331 234 406 268 288

329 315 361 347 et
376 315 464 356 item,

399 387 536 424 -Juror
545 389 636 425 iqnca
650 388 773 430 longina
785 387 890 416 volvit.

329 456 532 489 Moerentium
553 465 628 490 vero
649 455 742 488 infert
763 457 856 496 poeta
873 453 912 487 de
932 461 987 493 eo,
1004 452 1059 494 qui
1074 452 1141 494 jugi
1164 452 1238 486 netu
1254 453 1366 486 oculos

329 515 490 556 amiserat,

404 603 438 610 --
451 596 608 617 ntoerorem
629 587 750 618 lumina
770 586 932 623 linquunt.

329 663 408 695 Item
435 662 519 702 apud
545 662 729 695 ciceronem
752 662 823 693 :ln
846 659 952 699 lucius
986 660 1219 693 amantissimi
1240 659 1366 698 fratris

328 722 383 752 sui
398 721 525 759 qremio
540 726 699 757 nimi-ore,
724 720 757 750 et
777 718 945 758 lacrimis,
960 718 1231 752 consenescebat.

370 780 517 811 CCLXV.
541 778 665 810 Transit
685 775 799 809 deinde
814 775 855 808 ad
868 775 1000 809 alterius
1017 785 1132 809 sensus
1151 776 1364 810 examinatio-

330 847 414 869 nem.
460 837 509 869 Ait
525 836 632 868 enim:

369 900 478 933 Φωνῆς
495 906 527 927 τε
546 895 583 933 δὴ
609 894 662 926 καὶ
688 894 783 932 ἀκοῆς
807 893 874 935 πέρι
899 894 991 927 πάλιν
1013 895 1032 927 ὁ
1059 895 1152 933 αὐτὸς
1176 894 1287 937 λόγος,
1314 895 1364 928 ἐπὶ

326 955 423 986 ταύτὰ
438 957 499 985 τῶν
517 953 617 984 αὐτῶν
637 952 726 984 ἕνεκα
747 952 832 994 παρὰ
846 953 922 985 θεῶν
938 953 1143 996 δεδωρῆσθαι.

369 1011 495 1045 Eadem
518 1012 605 1044 vocis
617 1019 752 1052 quoquc
764 1012 798 1043 et
812 1010 958 1045 auditus
980 1014 1072 1046 ratio
1085 1014 1155 1053 est,
1170 1012 1217 1046 ad
1231 1013 1366 1047 eosdem

329 1080 408 1104 usus
426 1073 530 1112 atque
553 1069 601 1103 ad
615 1069 760 1111 plenam
783 1070 864 1104 vitae
892 1069 1074 1121 hominum
1094 1073 1366 1106 instructionem

327 1132 496 1166 datorum.

326 1190 405 1222 Sunt
432 1189 525 1230 igitur
556 1189 748 1231 principales
780 1189 845 1223 duo
881 1198 1010 1232 sensus,
1032 1191 1122 1224 visus
1153 1193 1186 1225 et
1217 1192 1363 1235 auditus,

325 1250 452 1291 utrique
476 1250 709 1291 philosophiam
730 1250 928 1292 adjuvantes.
973 1254 1120 1291 Quorum
1140 1254 1218 1287 alter
1236 1254 1364 1295 quidem

323 1309 510 1349 evidentior,
530 1311 640 1351 utpote
660 1310 714 1351 qui
741 1319 793 1343 res
812 1311 899 1352 ipsas
916 1311 987 1344 acie
1011 1321 1070 1345 sua
1088 1313 1337 1355 comprehendat
1356 1327 1364 1347 ;

322 1368 401 1400 alter
415 1367 521 1407 latior,
538 1367 610 1400 ideo
626 1367 712 1410 quod
729 1368 827 1401 etiam
840 1369 880 1402 de
899 1369 993 1402 rebus
1010 1370 1196 1404 absentibus
1214 1371 1363 1406 instruat.

321 1426 503 1459 Modulatus
523 1427 682 1468 siquidem
704 1435 757 1459 aer
775 1428 954 1460 articulatae
973 1430 1042 1461 voci
1061 1429 1229 1471 factusque
1254 1439 1318 1463 vox
1334 1431 1366 1463 et

323 1484 528 1526 intelligibilis
548 1486 669 1528 oratio,
693 1486 797 1527 pergit
824 1486 865 1519 ad
893 1487 1022 1520 intimos
1047 1496 1183 1530 sensus,
1205 1488 1364 1522 audientis

321 1544 492 1577 intellectui
514 1545 663 1578 nuntians
688 1546 753 1578 tam
771 1546 938 1588 praesentia
955 1555 1052 1588 quam
1072 1547 1227 1581 absentia.
1271 1549 1362 1582 Idem

321 1603 447 1635 auditus
458 1628 468 1643 ‚
488 1604 573 1644 quod
590 1604 782 1637 intellectum
801 1614 927 1646 quoque
943 1605 1085 1646 adjuvet,
1102 1606 1148 1639 sic
1167 1607 1292 1648 probat.

362 1662 463 1694 Ὅσον
488 1662 514 1694 τ’
532 1662 571 1694 αὖ
590 1667 738 1703 μουσικῆς
755 1667 855 1705 φωνῆς
876 1664 1028 1705 χρήσιμον
1046 1665 1121 1706 πρὸς
1137 1665 1253 1708 ἀκοήν,
1274 1667 1366 1700 ἕνεκα

321 1720 467 1762 ἁρμονίας
487 1721 552 1753 ἐστὶ
576 1721 674 1754 δοθέν.

363 1781 609 1822 Quantumque
621 1788 684 1822 per
699 1789 811 1814 vocem
822 1781 995 1814 utilitatis
1008 1783 1150 1824 capitur
1162 1791 1206 1816 ex
1215 1785 1365 1825 musica,

322 1839 433 1871 totum
454 1837 517 1871 hoc
544 1840 683 1871 constat
712 1838 894 1871 hominum
918 1841 1036 1880 ,ceneri
1056 1843 1206 1883 propter
1228 1841 1364 1875 harmo-

322 1899 417 1930 niam
436 1897 636 1930 tributum:
761 1892 766 1898 '

363 1956 444 1994 Quia
461 1954 554 1996 juxta
583 1956 737 1989 rationem
755 1956 975 1990 harmonicam
996 1957 1137 1991 animam
1152 1958 1185 1991 in
1201 1960 1366 2001 superiori-

321 2014 383 2046 bus
401 2014 635 2056 aedificaverat,
656 2016 881 2057 naturalesque
900 2016 968 2057 ejus
993 2018 1085 2050 actus
1110 2018 1272 2059 rhythmis
1293 2027 1364 2051 mo-

321 2072 433 2115 disque
454 2074 603 2106 constare
618 2074 745 2107 dixerat
769 2084 778 2107 :
796 2075 851 2107 sed
877 2075 948 2108 haec
964 2077 1146 2110 exolescere
1161 2077 1297 2118 animae,
1324 2078 1367 2111 ob

322 2132 516 2164 consortium
531 2134 673 2174 corporis
693 2134 875 2166 necessario
891 2133 1056 2168 obtinente
1087 2136 1267 2179 oblivione,
1295 2147 1366 2179 pro-

322 2192 494 2232 ptereaque
512 2191 738 2226 immodulatas
761 2201 831 2226 esse
850 2194 972 2226 animas
990 2194 1212 2236 plurimorum.
1257 2198 1368 2231 Mede-

323 2249 385 2282 lam
407 2249 500 2290 hujus
515 2249 585 2282 vitii
608 2250 689 2283 dicit
704 2259 774 2284 esse
795 2251 828 2284 in
847 2252 971 2285 musica
989 2253 1126 2294 positam
1151 2266 1159 2287 :
1180 2255 1293 2288 nonin
1312 2265 1366 2297 ea,

323 2317 387 2349 qua
409 2309 525 2350 vulgus
540 2309 728 2351 delectatur,
743 2319 881 2353 quaeque
897 2311 939 2344 ad
958 2312 1153 2354 voluptatem
1179 2314 1262 2347 sacta
1279 2316 1368 2348 exci-

325 2369 372 2401 tat
390 2368 470 2401 vitia
489 2377 723 2410 nonnunquam
735 2394 744 2410 ,
765 2371 820 2404 sed
839 2371 939 2404 inilia
960 2371 1088 2413 divina,
1110 2383 1184 2415 quae
1200 2383 1367 2416 nunquam

325 2435 344 2458 a
365 2427 485 2460 ratione
497 2429 592 2469 atque
607 2428 813 2470 intelligentia
829 2431 1006 2472 separatur.
1049 2434 1139 2465 Hanc
1155 2434 1241 2466 enim
1259 2439 1367 2468 censet

325 2488 539 2521 exorbitantes
555 2489 679 2523 animas
697 2499 715 2522 a
728 2490 780 2522 via
803 2492 892 2524 recta
906 2501 1059 2526 revocare
1070 2493 1201 2528 demum
1218 2495 1259 2528 ad
1277 2505 1366 2538 sym-

328 2547 479 2587 phoniam
496 2552 645 2581 veterem.
664 2550 792 2590 Optima
813 2552 906 2591 porro
921 2553 1111 2594 symphonia
1123 2554 1215 2596 estjn
1228 2556 1370 2590 moribus

327 2606 443 2637 nostris
459 2608 478 2639 J
483 2607 607 2647 ustitia,
623 2608 779 2641 virtutum
793 2609 938 2642 omnium
959 2612 1141 2654 principalis
1153 2638 1162 2654 ‚
1193 2624 1249 2656 per
1271 2625 1369 2657 quam

329 2664 452 2696 caeterae
473 2673 601 2706 quoque
628 2666 763 2699 virtutes
789 2676 884 2700 suum
914 2677 1032 2703 munus
1059 2673 1158 2713 atque
1181 2682 1263 2715 opus
1281 2683 1370 2708 exse-

331 2723 483 2762 quuntur.
527 2724 571 2755 Ut
589 2725 670 2756 ratio
689 2725 819 2766 quidem
839 2726 907 2759 dux
925 2728 987 2770 sit,
1006 2730 1096 2771 vigor
1118 2741 1196 2765 vero
1215 2733 1369 2775 intimus,

332 2780 386 2821 qui
403 2781 645 2815 estiracundiae
663 2783 797 2826 similis,
817 2786 1036 2821 auxiliatorem
1066 2790 1176 2824 volens
1198 2800 1233 2826 se
1256 2794 1370 2827 rationi

332 2839 492 2881 praebeat3
515 2850 610 2882 porro
628 2842 698 2875 hacc
712 2843 780 2876 sine
796 2845 1010 2879 modulatione
1029 2851 1197 2889 provenire
1218 2861 1282 2885 non
1300 2863 1371 2894 pos—

335 2897 418 2937 sint3
437 2898 610 2931 modulatio
636 2900 765 2934 demum
791 2903 860 2936 sine
883 2905 1074 2946 symphonia
1096 2909 1182 2941 nulla
1200 2910 1252 2943 sit.
1296 2913 1371 2953 Ipsa

333 2957 523 2997 symphonia
536 2958 676 2998 sequitur
693 2960 857 2994 musicam,
902 2964 1020 2996 Procul
1037 2965 1133 2999 dubio
1147 2968 1268 3001 musica
1281 2979 1372 3003 exor-
1404 2975 1408 2978 ’

333 3016 388 3047 nat
413 3015 573 3055 animam,
602 3017 830 3052 rationabiliter
849 3020 890 3053 ad
918 3023 1083 3064 antiquam
1103 3028 1251 3060 naturam
1277 3039 1372 3063 revo-

334 3081 410 3104 cans
423 3097 431 3112 ‚
447 3074 479 3106 et
493 3073 635 3107 efficiens
650 3075 744 3108 talem
764 3077 896 3112 demum
912 3081 1040 3121 qualem
1056 3082 1147 3116 initio
1163 3087 1249 3119 Deus
1267 3088 1372 3129 opifex

334 3141 403 3165 eam
421 3133 550 3168 fecerat.
592 3136 671 3168 Tota
688 3145 782 3177 porro
798 3139 919 3172 musica
929 3139 962 3172 in
971 3149 1050 3175 voce
1065 3143 1097 3175 et
1111 3144 1220 3177 auditu
1234 3148 1266 3179 et
1283 3138 1373 3181 sonis

337 3192 439 3233 posita
465 3195 526 3227 est.
570 3195 666 3228 Utilis
688 3205 763 3239 ergo
786 3198 882 3231 etiam
902 3199 960 3233 iste
978 3210 1089 3235 sensus
1111 3205 1161 3237 est
1184 3208 1372 3242 assecutioni

335 3250 433 3284 totius
446 3252 656 3294 philosophiae
671 3255 713 3288 ad
726 3257 924 3291 notationem
944 3260 1147 3302 intelligibilis
1163 3264 1223 3298 rei.

375 3310 424 3342 Τὰ
445 3310 500 3351 μὲν
516 3310 569 3344 οὖν
584 3314 816 3354 παρεληλυθότα
832 3319 895 3349 τῶν
913 3318 1098 3360 εἰρημένων.
1117 3322 1195 3361 πλὴν
1214 3325 1372 3366 βραχέων,

338 3368 538 3404 ἐπιδέδεικται
558 3371 599 3404 τὰ
616 3373 668 3406 διὰ
683 3377 739 3407 νοῦ
756 3375 1059 3420 δεδημιουργημένα·
1073 3380 1120 3413 δεῖ
1147 3381 1180 3414 δὲ
1199 3383 1252 3415 καὶ
1274 3384 1312 3416 τὰ
1332 3385 1371 3417 δι’

340 3425 473 3469 ἀνάγκης
485 3430 652 3472 γιγνόμενα
662 3435 708 3475 τῷ
719 3431 804 3477 λόγῳ
815 3435 1017 3478 παραθέσθαι.

1045 224 1307 265 CHALCIDII
1337 225 1749 267 COMMENTARIUS

1468 316 1635 350 ccnxvt.
1660 315 1780 349 Deinde
1805 315 1850 347 ait
1881 324 1890 347 ε
1919 316 2026 349 Nune
2049 317 2216 359 quoniam
2235 321 2383 362 cuncta,
2407 328 2466 355 σε·

1425 376 1531 415 ceptis
1548 374 1735 407 admodum
1747 374 1887 415 paucis,
1900 375 2058 408 exsecuti
2069 383 2213 420 sumus,
2227 386 2304 421 σιω
2313 377 2470 421 moulan

1425 435 1553 466 mentis
1579 434 1781 467 intellectus
1800 434 1960 467 instituit
1975 443 1987 467 :
2011 437 2147 477 oportet
2170 437 2282 471 ettam
2306 436 2350 471 de
2371 437 2468 481 illis,

1426 500 1504 534 quo:
1519 495 1706 526 necessitas
1722 491 1871 533 invehit,
1888 491 2014 526 dicere.

1469 551 1580 584 Mundi
1606 551 1732 585 sensilis
1751 551 1983 593 explanaturus
1999 560 2129 586 omnem
2146 553 2376 599 substantiam,
2399 554 2471 599 iure

1425 612 1656 644 commemorat
1678 619 1779 652 prope
1803 610 1912 644 omnia
1933 619 1969 645 sc
1991 613 2228 657 pertractasse,
2241 622 2318 656 quae
2337 614 2471 659 provida

1426 677 1517 702 mens
1536 670 1595 702 Dei
1610 670 1781 703 contulerit
1793 694 1804 711 ‚
1819 670 1961 704 efficiens
1979 679 2055 705 eum
2073 672 2114 706 ad
2134 672 2318 715 exemplum
2337 673 2467 708 etsimt·

1426 729 1592 762 litndinem
1613 729 1818 771 intelligibilis
1835 729 1971 773 muudi,
1993 731 2162 774 solumque
2181 731 2344 767 residuum
2356 741 2471 777 super·

1426 798 1496 823 esse
1512 790 1684 823 tractatum
1695 814 1706 831 ,
1726 798 1768 823 ex
1784 798 1852 832 quo
1870 799 1909 824 ea
1920 814 1931 832 ,
1949 800 2024 834 quoe
2040 792 2216 827 necessitas
2235 792 2380 836 invexit,
2394 802 2471 830 cou-

1426 835 1616 890 siderentur,
1651 847 1783 890 quando
1823 849 1964 891 providis
1995 851 2250 895 necessariisque
2295 851 2472 887 rationibus

1426 906 1535 938 mundi
1551 907 1745 940 universitas
1759 909 1906 942 constare
1917 908 2075 944 videatur.
2118 910 2367 946 Necessitatem
2374 920 2472 955 porro

1425 972 1512 997 nunc
1537 965 1675 1006 appellat
1698 966 1792 1007 ὕλην,
1819 975 1917 1008 quam
1936 976 1998 1000 nos
2024 966 2125 1002 latine
2145 969 2275 1003 silvam
2301 977 2473 1012 possumm

1426 1025 1593 1058 nominare
1613 1039 1621 1059 ι
1651 1035 1693 1059 ex
1721 1035 1786 1068 qua
1804 1029 1855 1061 est
1874 1036 1982 1061 rerum
2002 1028 2200 1063 universitas
2217 1028 2396 1072 eademque
2412 1037 2470 1072 pa·

1425 1083 1522 1116 tibilis
1546 1086 1661 1118 natura
1682 1098 1690 1118 z
1721 1086 1843 1128 quippe
1869 1086 2015 1128 subjecta
2035 1088 2164 1131 corpori
2187 1087 2414 1131 principaliter,
2438 1088 2473 1122 in

1426 1149 1489 1181 qua
1510 1141 1679 1182 qualitates
1694 1144 1728 1176 et
1745 1144 1941 1185 quantitates
1958 1145 1991 1178 et
2011 1144 2122 1179 omnia
2137 1153 2214 1188 quai
2225 1144 2378 1179 accidunt
2393 1154 2470 1189 pro·

1425 1200 1570 1234 veniunt.
1616 1203 1697 1240 Quae
1713 1211 1788 1235 cum
1803 1211 1823 1236 a
1841 1206 1958 1236 natura
1974 1203 2101 1246 propria
2121 1212 2186 1238 non
2202 1204 2354 1246 recedat3
2366 1203 2472 1238 diver·

1425 1260 1469 1292 sis
1490 1261 1599 1293 tamen
1617 1262 1649 1294 et
1664 1262 1831 1295 contrariis
1849 1263 2015 1305 speciebus
2031 1271 2162 1306 eorum,
2179 1262 2350 1306 quoei'ntra
2364 1270 2401 1299 se
2419 1271 2471 1298 ω-

1426 1318 1522 1361 cipit,
1544 1320 1718 1363 formisque
1748 1321 1904 1355 variatur.
1949 1323 2042 1356 Hanc
2063 1331 2141 1364 ergo
2163 1320 2336 1366 explanare
2356 1331 2474 1367 propo·

1425 1380 1507 1420 suit,
1527 1379 1673 1413 dicturus
1691 1381 1840 1423 deinceps
1855 1381 2012 1415 rationem
2022 1406 2033 1423 ,
2049 1382 2092 1415 ob
2106 1391 2205 1425 quam
2219 1390 2350 1417 measse
2363 1380 2473 1424 tuerit,

1411 1439 1597 1472 tractatum
1609 1439 1697 1473 hunc
1718 1441 1849 1474 minime
1865 1441 2035 1483 praeteriri.

1466 1498 1648 1540 Μεμιγμένη
1665 1498 1724 1543 γὰρ
1746 1497 1800 1531 οὖν
1818 1501 1839 1538 ἡ
1854 1499 1945 1532 τοῦδε
1965 1502 2022 1532 τοῦ
2043 1501 2165 1542 κόσμου
2180 1500 2299 1543 γένεσις
2318 1500 2351 1538 ἐξ
2374 1498 2472 1542 ἀνάγ·

1423 1567 1480 1595 κης
1493 1568 1527 1589 τε
1545 1558 1599 1589 καὶ
1618 1559 1673 1590 νοῦ
1696 1556 1879 1594 συστάσεως
1892 1557 2049 1598 ἐγεννήθη.

1467 1617 1648 1650 CCLXVII.
1672 1616 1817 1658 Denique
1842 1615 1991 1649 addidit:
2013 1618 2131 1650 Mixto
2156 1616 2327 1660 siquidem
2347 1615 2475 1651 mundi

1425 1675 1567 1708 sensitis
1579 1684 1625 1708 ex
1646 1677 1865 1710 necessitatis
1878 1676 2190 1719 intelliqentiaeque
2201 1678 2296 1711 coetu
2314 1677 2475 1711 constitit

1425 1739 1617 1779 generatio.

1467 1795 1550 1833 Quia
1568 1795 1666 1837 igitur
1681 1794 1722 1829 de
1737 1795 1849 1828 mundi
1866 1795 2070 1838 generatione
2083 1796 2255 1838 tractatur,
2271 1795 2475 1839 perfecteque

1425 1854 1459 1888 id
1480 1854 1547 1888 fieri
1568 1855 1736 1895 convenit,
1755 1856 1885 1897 oportet
1909 1854 1951 1887 de
1971 1855 2109 1895 utroque
2127 1862 2242 1895 genere
2265 1852 2378 1888 disseri
2398 1865 2408 1886 ε
2429 1861 2473 1887 ex

1427 1923 1492 1955 quo
1509 1913 1550 1946 de
1567 1916 1682 1946 natura
1696 1913 1787 1946 silvae
1804 1912 2007 1946 necessarius
2026 1920 2097 1945 esse
2112 1912 2268 1945 tractatus
2281 1909 2472 1946 ostenditur.

1429 1974 1581 2006 Mixtam
1606 1981 1684 2004 vero
1711 1972 1971 2013 qeneraiionem
1997 1969 2077 2003 dicit
2102 1978 2174 2003 esse
2199 1969 2295 2011 ideo,
2317 1967 2404 2012 quod
2432 1976 2475 2002 ex

1426 2031 1561 2064 diversis
1581 2030 1748 2064 elementis
1765 2030 1949 2083 promiscue
1975 2029 2112 2063 constet.
2155 2029 2340 2071 Rectaque,
2357 2035 2398 2062 ex
2420 2034 2475 2060 ne·

1427 2091 1574 2124 cessitate
1601 2092 1635 2124 et
1665 2089 1880 2132 providentia.
1923 2089 1997 2122 Non
2021 2088 2108 2122 enim
2139 2097 2181 2122 ex
2208 2086 2258 2121 his
2285 2086 2406 2120 mixtus
2425 2087 2476 2120 est

1427 2149 1594 2189 mundus,
1619 2147 1676 2183 sed
1701 2148 1862 2182 consultis
1892 2147 2038 2190 providae
2067 2146 2187 2180 mentis
2213 2147 2247 2180 et
2275 2144 2475 2180 necessitatis

1427 2209 1605 2242 rationibus
1645 2208 1807 2248 constitit,
1850 2208 2005 2249 operante
2039 2206 2170 2248 quidem
2207 2203 2408 2247 providentia
2441 2204 2476 2238 et

1428 2269 1566 2310 agente,
1588 2267 1668 2300 silva
1688 2276 1766 2300 vero
1787 2266 1982 2308 perpetiente
2008 2264 2273 2306 exomationique
2291 2273 2328 2298 se
2348 2262 2474 2296 facilem

1429 2326 1605 2369 praebente.
1649 2328 1854 2360 Penetratam
1864 2325 2024 2368 siquidem
2036 2333 2108 2359 eam
2125 2332 2358 2367 usquequaque
2367 2322 2476 2358 divina
2532 2353 2539 2359 .
2575 2333 2577 2335 ·

1428 2395 1519 2420 mens
1536 2386 1653 2419 format
1666 2385 1776 2428 plene,
1789 2394 1856 2418 non
1868 2386 1905 2419 ut
1917 2385 2002 2418 artes
2018 2385 2155 2418 sormam
2169 2384 2347 2418 tribuentes
2357 2383 2392 2417 in
2407 2382 2476 2416 suin

1428 2445 1597 2487 superficie
1617 2455 1626 2478 ε
1648 2444 1703 2478 sed
1726 2443 1858 2487 perinde
1893 2445 1930 2478 ut
1956 2445 2072 2478 natura
2096 2445 2193 2486 atque
2222 2437 2352 2487 anima,
2371 2440 2477 2476 solida
2510 2461 2514 2465 -

1428 2513 1563 2547 corpora
1583 2502 1800 2546 permeantes,
1819 2504 1972 2537 universa
1989 2503 2174 2538 vivificant.

1470 2563 1674 2598 CCLXVIII.
1698 2563 1826 2596 Dehinc
1844 2563 2080 2605 consequenter
2094 2560 2312 2604 intelligentiae
2334 2560 2476 2597 necessi-

1427 2624 1567 2666 tatisque
1589 2622 1793 2656 demonstrat
1811 2622 2032 2664 consortium,
2056 2630 2133 2655 cum
2160 2620 2208 2654 ita
2225 2619 2303 2654 dicit
2317 2633 2328 2654 ι
2355 2621 2476 2654 Domi·

1430 2685 1540 2717 nante
1568 2682 1768 2716 intellectu.
1812 2680 1940 2723 Duplex
1965 2690 2062 2724 porro
2080 2680 2130 2714 est
2153 2678 2349 2722 dominatio3
2373 2677 2476 2713 altera

1429 2741 1611 2783 violentior,
1630 2741 1806 2783 tyrannicae
1825 2740 1974 2782 potentiae
1997 2739 2109 2774 similis
2125 2752 2134 2773 ι
2158 2740 2236 2773 item
2252 2739 2336 2783 alis,
2361 2739 2478 2774 sancti-

1430 2802 1507 2834 tatis
1527 2800 1755 2842 imperatorioe.
1799 2801 1905 2834 omne
1922 2808 2017 2842 porro
2039 2798 2216 2833 violentum
2230 2807 2296 2833 nou
2313 2797 2371 2832 diu
2397 2797 2477 2832 suh-

1426 2862 1550 2901 jectum
1573 2860 1763 2900 conservat,
1777 2859 1834 2892 sed
1851 2858 1945 2892 facile
1957 2858 2073 2900 perdit.
2119 2857 2370 2900 Omne‚-inquit‚
2384 2856 2478 2901 quod

1429 2918 1691 2952 rationabiliter
1705 2919 1816 2951 etiam
1829 2919 1921 2958 reqit
1934 2919 1967 2950 et
1981 2919 2114 2959 tuetur,
2124 2915 2290 2959 prodest,
2302 2918 2338 2950 et
2347 2915 2473 2951 miras

1430 2978 1536 3020 efficit
1561 2977 1654 3020 quod
1690 2978 1791 3019 reqit.
1834 2978 1878 3010 Ut
1909 2976 2006 3017 igitur
2031 2976 2174 3009 muudus
2207 2976 2349 3010 aeternus
2371 2975 2477 3016 esset,

1430 3037 1572 3079 oportuit
1597 3037 1712 3070 silvam
1739 3036 1770 3069 ei
1796 3035 1986 3077 morigeram
2018 3037 2248 3078 parentemque
2273 3033 2389 3076 subdi,
2415 3042 2477 3067 nec

1430 3096 1602 3129 adversum
1630 3095 1870 3130 exornationem
1902 3103 1992 3127 suam
2019 3095 2220 3128 resistentem
2243 3105 2253 3127 ι
2277 3092 2341 3127 ‘sed
2359 3091 2406 3125 ita
2426 3091 2475 3125 vi-

1432 3157 1536 3196 ctam,
1556 3157 1592 3188 ut
1617 3155 1775 3197 majestati
1793 3154 1917 3197 opificis
1946 3154 2051 3188 libens
2074 3153 2187 3196 cedat,
2212 3153 2388 3196 parentque
2405 3151 2477 3194 eius

1431 3215 1604 3256 sapientiae.
1649 3216 1819 3256 Propterea
1835 3214 1914 3247 dixit
1930 3223 1940 3248 z

1473 3275 1527 3315 Τῷ
1545 3273 1659 3306 πείθειν
1683 3274 1780 3312 αὐτὴν
1797 3276 1860 3306 τῶν
1879 3273 2070 3315 γιγνομένων
2090 3272 2130 3306 τὰ
2145 3273 2277 3305 πλεῖστα
2288 3270 2339 3303 ἐπὶ
2351 3269 2388 3303 τὸ
2409 3269 2476 3311 βέλ-

1432 3342 1535 3363 τιστον
1554 3329 1660 3374 ἄγειν,
1685 3332 1781 3374 ταύτῃ
1801 3332 1883 3364 κατὰ
1902 3332 1999 3365 ταῦτά
2013 3343 2047 3365 τε
2076 3330 2116 3364 δι’
2142 3331 2278 3370 ἀνάγκης
2297 3323 2477 3370 ἡττωμένηζ

1432 3390 1493 3421 ὑπὸ
1526 3391 1651 3429 πειθοῦς
1683 3391 1850 3434 ἔμφρονος,
1883 3392 1967 3425 οὕτω
1997 3390 2066 3424 κατ’
2102 3389 2199 3433 ἀρχὰς
2225 3389 2386 3428 ξυνίστατο
2405 3388 2475 3423 τόδῐ

1434 3447 1545 3481 τὸπᾶν.
2463 3455 2467 3459 ’
