2638 3840
306 252 356 286 60

302 333 362 371 καὶ
380 335 454 386 βίος
474 339 578 380 καλὸς
596 337 656 375 καὶ
675 337 803 381 τέλειος
825 338 1105 411 προηγούμενος,
1131 341 1191 377 καὶ
1211 341 1250 378 τὸ
1267 340 1354 379 πάν·

301 408 368 431 των
390 393 609 448 σαφέστατον
630 396 679 445 ⁴⁹,
701 401 827 451 χρῆσις
846 399 972 449 ἀρετῆς
996 397 1163 442 τελείας’
1150 414 1186 436 εν
1209 399 1274 452 βίῳ
1293 416 1354 439 τε-

300 450 382 504 λείῳ
400 450 433 475 ⁵⁰
451 453 712 504 προηγουμένη.
771 454 843 493 Βίω
864 453 899 492 δὲ
924 453 1016 492 τελε’
987 469 1045 505 ειῳ
1060 452 1154 503 λέγει
1168 453 1253 507 πρὸς
1282 455 1345 501 τὴν

300 511 480 549 διάστασιν
497 514 558 557 τῆς
576 511 734 564 χρήσεως
753 515 821 550 τῶν
836 514 975 563 ἀγαθῶν
986 527 994 536 ·
1010 511 1274 565 προηγουμένην
1292 512 1345 564 δέ,

298 570 402 622 χάριν
421 575 482 610 τοῦ
503 570 565 618 τὴν
584 575 710 644 χρῆσιν
731 573 764 609 ἐν
786 573 926 622 ἀγαθοῖς
941 571 1139 622 γίγνεσθαι,
1160 570 1209 621 μὴ
1227 567 1264 610 ’ἐν
1283 586 1348 609 κα-

299 631 382 674 κοῒς.
441 632 554 670 Τουτο
579 631 641 680 μὲν
674 624 732 668 οὖν
758 632 875 674 τέλος·
903 630 942 668 τὸ
973 630 1001 669 δ’
1022 631 1105 670 αὐτὸ
1137 629 1347 680 συνωνύμως

300 689 499 740 εὐδαιμονία
511 689 609 740 παρὰ
627 689 816 732 Πλάτωνος
833 688 1126 741 μετενηνεγμένον
1143 688 1191 729 5“.
1249 690 1345 728 Σκο-

298 747 382 792 πους
414 749 444 786 δ’
472 747 671 786 ὑποτίθεται
696 745 728 769 ⁵²
756 750 819 793 τῆς
843 745 990 799 ἐφέσεως
1017 749 1087 785 τῶν
1119 744 1346 799 ἀνθρωπίνων

299 805 444 858 ὀρέξεων
462 812 575 860 τρεῖς,
604 805 660 844 τὸν
689 809 751 844 τοῦ
772 787 906 852 καλού,
930 810 988 845 τοῦ
1009 806 1263 860 συμφέροντος,
1283 823 1345 846 του

297 865 411 912 ἡδέος.
471 865 588 904 Καλὸν
606 862 638 887 ⁵³
667 864 729 914 μὲν
762 869 820 903 οὖν
841 866 934 903 ἐστιν
967 865 1094 918 ἀρετή,
1119 881 1178 904 και
1205 866 1246 905 τὸ
1277 866 1347 917 μέ-

298 940 402 976 τοχον
421 926 483 970 της
516 925 659 976 ἀρετῆς,
688 923 807 976 ὥσπερ
832 924 934 968 αὐτὸς
954 927 971 962 ὃ
995 926 1199 972 σπουδαῖος,
1219 925 1279 964 καὶ
1307 926 1346 965 τὸ

298 985 358 1022 ἀπ’
390 985 513 1036 ἀρετῆς
542 982 664 1062 ἔργον,
685 982 776 1022 ὥστε
804 984 953 1034 ἀγαθόν,
991 984 1030 1023 τὸ
1060 985 1186 1024 καλόν·
1214 986 1274 1024 καὶ
1305 986 1345 1024 τὸ

297 1046 498 1093 ἐπαινετόν,
514 1047 573 1085 καὶ
590 1047 628 1086 τὸ
648 1047 802 1100 παρέχον
820 1048 1032 1092 ἐπαινετούς.
1093 1050 1310 1103 Συμφέρον“
1291 1065 1342 1100 οε,

295 1106 335 1145 τὸ
348 1105 432 1158 πρὸς
448 1106 487 1144 τὸ
504 1108 565 1153 ζην
568 1105 785 1181 εὔχρηστον·
798 1107 1072 1160 συμπαρατείνοι
1086 1107 1149 1146 δ’Ιλ
1132 1125 1174 1147 αν
1191 1112 1213 1156 ἡ
1231 1109 1344 1148 ἔννοια

296 1165 356 1203 καὶ
377 1165 462 1217 πρὸς
489 1164 527 1203 τὸ
550 1159 588 1203 ευ
616 1167 689 1212 ζῆν.
745 1167 871 1205 Ταῦτα
896 1167 925 1204 δ’
958 1166 1030 1205 ἐστὶ
1060 1167 1104 1205 τὰ
1131 1166 1224 1206 κατὰ
1243 1168 1343 1219 φύσιν

297 1225 411 1276 ψυχης
452 1222 512 1261 καὶ
546 1222 707 1273 σώματος
721 1254 732 1274 ,
773 1225 855 1276 περὶ
893 1218 942 1262 ὧν
977 1226 1197 1279 προείρηται.
1255 1226 1342 1265 Ἡδὺ

296 1283 326 1320 δ’
350 1281 442 1321 ἐστὶν
460 1283 583 1321 οἰκεῖον
601 1285 716 1336 ψυχῆς
729 1282 788 1322 καὶ
803 1283 967 1334 σώματος
982 1283 1113 1332 πάθος,
1134 1287 1180 1328 εἷς
1196 1284 1234 1323 τὸ
1253 1285 1344 1324 κατὰ

299 1341 401 1394 φύσιν
431 1343 470 1379 ἐκ
500 1345 563 1380 τοῦ
581 1341 679 1394 παρὰ
699 1341 799 1395 φύσιν
826 1342 978 1393 ἀγωγόν,
997 1342 1116 1395 ὥσπερ
1144 1346 1161 1382 ὁ
1194 1343 1343 1383 Πλάτων

294 1401 330 1438 ἐν
361 1402 410 1452 τῷ
430 1400 574 1454 Τιμαίῳ
604 1399 636 1428 ⁵⁴5
669 1401 832 1455 ὡρίσατο.
889 1401 1129 1453 Ἀριστοτέλης
1159 1403 1193 1439 ἐν
1214 1405 1264 1455 τῷ
1287 1403 1343 1441 δε-

295 1459 393 1513 κάτῳ
413 1462 482 1497 τῶν
506 1461 539 1498 Ν
544 1459 755 1512 ικομαχείων
774 1459 806 1483 ⁵⁵
830 1460 980 1505 Εὔδοξον
1003 1460 1036 1483 ⁵⁵
1055 1461 1112 1499 τὸν
1134 1461 1342 1513 ἀστρολόγον

296 1517 404 1556 οἴεται
421 1518 516 1562 τέλος
533 1519 750 1570 δογματίζειν
768 1518 831 1566 τὴν
849 1519 993 1566 ἡδονήν.

348 1576 566 1629 Δημόκριτος
580 1578 640 1616 καὶ
662 1577 818 1619 Πλάτων
837 1580 960 1621 κοινῶς
974 1580 1007 1616 ἐν
1025 1581 1067 1630 τῇ
1092 1579 1189 1631 ψυχῇ
1208 1577 1270 1624 τὴν
1285 1579 1342 1616 εὗ-

295 1634 476 1689 δαιμονίαν
496 1635 661 1674 τίθενται.
719 1635 880 1689 Γέγραφε
902 1635 933 1668 ⁵7
954 1636 982 1674 δ’
1004 1639 1022 1675 ὁ
1040 1635 1101 1684 μὲν
1119 1636 1243 1679 οὕτως·
1266 1638 1343 1676 Εὗ-

295 1694 458 1743 δαιμονίη
493 1696 608 1747 ψυχῆς
633 1694 691 1733 καὶ
712 1695 964 1746 κακοδαιμονίη
985 1697 1046 1734 οὐκ
1070 1697 1105 1733 ἐν
1139 1695 1342 1747 βοσκήμασι

294 1752 420 1798 οἰκέει,
441 1753 514 1790 οὐδ’
540 1754 575 1790 ἐν
603 1755 725 1805 χρυσῷ
739 1783 750 1802 ,
778 1753 874 1806 ψυχὴ
896 1753 925 1792 δ’
943 1753 1140 1806 οἰκητήριον
1161 1754 1340 1803 δαίμονος·

293 1811 354 1858 τὴν
370 1810 405 1849 δὲ
427 1811 592 1862 εὐθυμίην
610 1811 670 1851 καὶ
687 1811 815 1851 εὐεστὼ
835 1812 896 1851 καὶ
914 1813 1083 1865 ἁρμονίην
1097 1842 1107 1858 ,
1125 1811 1338 1865 ξυμμετρίην

293 1887 331 1910 τε
352 1871 412 1910 καὶ
434 1870 623 1923 ἀταραξίην
645 1872 766 1910 καλεῖ·
787 1871 1013 1911 συνίστασθαι
1039 1873 1069 1910 δ’
1088 1871 1197 1919 atie-hv
1222 1874 1260 1910 ἐκ
1279 1874 1339 1910 τοῦ

291 2028 331 2060 de
349 2027 465 2069 quibus
487 2028 568 2060 infra
592 2036 733 2068 agemus.
778 2029 890 2061 Multis
920 2037 998 2061 vero
1026 2029 1128 2061 modis
1154 2029 1337 2061 felicitatem

291 2085 466 2117 secundum
487 2095 560 2118 eum
580 2085 713 2118 definire
734 2087 827 2127 licet,
856 2090 893 2119 ut
920 2087 1185 2120 exercitationem
1207 2086 1337 2119 virtutis

292 2143 443 2185 perfectae
459 2143 491 2175 in
507 2143 572 2176 vita
585 2144 724 2185 perfecta
738 2153 810 2176 cum
827 2153 974 2177 successu
986 2169 994 2184 ,
1008 2147 1044 2178 ut
1059 2146 1156 2177 vitam
1171 2145 1338 2179 honestam

291 2204 324 2234 et
344 2203 513 2244 perfectam
530 2211 639 2235 rerum
657 2212 803 2236 successu
818 2203 1001 2245 florentem,
1020 2207 1070 2245 et,
1095 2204 1179 2245 quod
1195 2203 1338 2236 omnium

291 2263 340 2294 est
359 2261 578 2302 planissimum
591 2286 601 2302 ,
620 2271 719 2294 >usum
739 2263 870 2295 virtutis
889 2263 1041 2304 perfectae
1059 2263 1092 2295 in
1113 2264 1180 2295 vita
1199 2263 1338 2303 perfecta

411 2329 571 2353 successu.
617 2321 774 2353 Nimirum
815 2322 856 2353 ad
888 2322 1135 2354 discernendum
1178 2322 1336 2354 honorum

293 2388 388 2411 usum
419 2381 486 2412 vita
516 2380 655 2421 perfecta
676 2381 818 2422 ponitur,
843 2390 1008 2414 successus
1038 2370 1164 2422 autem,
1188 2381 1336 2423 quoniam

292 2447 370 2470 usus
387 2440 417 2470 in
438 2439 542 2478 bonis,
563 2448 626 2471 non
652 2439 687 2471 in
706 2439 798 2471 malis
818 2440 971 2471 cernitur.
1016 2441 1120 2480 Atque
1140 2440 1191 2472 hic
1209 2439 1336 2480 quidem

293 2489 363 2527 linis
387 2500 451 2536 est;
474 2497 558 2528 idem
576 2505 654 2528 vero
675 2497 838 2529 Platonica
857 2497 1064 2529 translatione
1086 2497 1219 2529 felicitas
1234 2496 1337 2538 appel-

292 2555 384 2587 latur.
430 2557 501 2587 Jam
534 2564 646 2596 scopos
665 2555 813 2587 desiderii
841 2565 947 2587 rerum
979 2555 1164 2587 hominibus
1188 2557 1338 2596 expeten-

291 2613 403 2645 darum
419 2616 482 2645 tres
500 2614 588 2654 ponit
605 2624 612 2645 :
632 2614 802 2646 honestum
814 2639 823 2654 ‚
841 2615 920 2646 utile
935 2615 967 2646 et
987 2614 1180 2654 jucundum.
1226 2616 1336 2646 Hone-

291 2673 376 2702 stum
404 2671 535 2711 quidem
562 2680 635 2703 cum
663 2672 766 2704 virtus
791 2673 840 2704 est
864 2675 932 2704 tum
965 2672 1121 2713 quidquid
1145 2672 1263 2704 virtute
1290 2673 1338 2704 est

292 2729 480 2770 praeditum,
511 2731 546 2761 ut
570 2730 618 2761 vir
638 2729 742 2762 bonus
762 2732 795 2763 et
812 2733 898 2763 recte
921 2731 1059 2771 factum,
1082 2731 1126 2764 ita
1156 2734 1191 2762 ut
1214 2731 1334 2762 bonum

291 2789 333 2819 sit
353 2789 436 2829 quod
456 2789 628 2820 honestum
646 2790 695 2821 est
711 2813 720 2828 ,
750 2789 885 2830 ideoque
903 2790 998 2822 etiam
1020 2790 1179 2822 laudabile
1200 2793 1232 2822 et
1250 2790 1335 2832 quod

292 2847 384 2879 laude
414 2846 525 2886 dignos
554 2846 669 2878 reddit.
714 2847 800 2879 Utile
824 2851 932 2880 autem
967 2853 1015 2881 est
1048 2849 1133 2890 quod
1165 2849 1205 2880 ad
1236 2849 1335 2881 vitam

292 2905 439 2946 prodest,
466 2914 529 2945 quo
562 2896 846 2946 simul'indicatur,
870 2908 955 2947 quod
981 2908 1020 2939 ad
1048 2908 1127 2940 bene
1160 2909 1334 2940 vivendum

292 2965 387 2997 valet.
431 2964 518 2996 Talia
538 2968 612 2996 sunt
630 2965 727 2996 animi
744 2966 950 3006 corporisque
969 2967 1050 2998 hona
1063 2991 1071 3007 ,
1087 2967 1126 2998 de
1146 2968 1261 3009 quibus
1281 2977 1335 3000 an-

292 3026 341 3056 tea
357 3023 507 3055 diximus.

292 3083 332 3114 ris
353 3082 500 3120 affectio,
517 3081 556 3112 ad
575 3081 719 3113 naturale
742 3082 781 3113 ab
798 3091 836 3113 eo
852 3083 937 3123 quod
957 3086 1079 3115 naturae
1097 3089 1252 3125 repugnat
1273 3085 1334 3116 du-

291 3150 388 3181 cens,
410 3125 685 3181 quemadmodum
707 3140 739 3171 in
763 3141 884 3173 Timaeo
903 3141 1047 3173 definivit
1068 3142 1167 3174 Plato.
1211 3144 1335 3176 Aristo-

291 3199 369 3231 teles
390 3199 423 3230 in
462 3197 587 3229 decimo
621 3197 776 3229 librorum
804 3197 843 3228 ad
882 3198 1130 3238 Nicomachum,
1166 3191 1333 3233 Eudoxum

292 3257 486 3296 astrologum
505 3257 669 3288 existimat
691 3255 890 3297 voluptatem
912 3266 967 3297 pro
989 3257 1049 3288 fine
1071 3257 1229 3293 habuisse.

331 3317 533 3348 Democritus
556 3318 589 3348 et
618 3316 707 3348 Plato
729 3316 940 3347 communiter
965 3316 997 3347 in
1018 3316 1124 3347 animo
1152 3317 1334 3349 felicitatem

292 3379 425 3417 ponunt.
470 3379 509 3409 Et
529 3377 582 3408 ille
604 3377 732 3417 quidem
752 3377 798 3407 sic
815 3376 924 3407 scribit
942 3376 1070 3407 :Animi
1089 3376 1219 3408 felicitas
1239 3380 1270 3408 et
1286 3378 1331 3409 in-

293 3436 422 3467 felicitas
442 3445 504 3467 non
524 3436 553 3467 in
582 3435 826 3477 (possidendis)
852 3435 1000 3474 gregibus
1019 3436 1049 3466 et
1067 3444 1144 3466 auro
1167 3437 1332 3476 consistit3

292 2329 366 2351 cum

553 3023 738 3055 Jucundum
759 3032 834 3055 vero
851 3026 898 3056 est
919 3026 1043 3065 propria
1062 3026 1158 3057 animi
1174 3028 1205 3058 et
1222 3035 1333 3067 corpo-

292 3495 414 3525 animus
431 3496 477 3526 est
496 3494 690 3525 domicilium
711 3493 850 3525 numinis
867 3506 873 3526 ε
892 3495 1044 3525 caeterum
1061 3493 1158 3526 animi
1178 3495 1333 3535 tranquil·
1351 3483 1353 3485 ’

1130 246 1595 287 PYTHAGOREOBUM

1406 335 1586 390 διορισμοῦ
1610 335 1670 375 καὶ
1691 339 1752 384 τῆς
1772 335 1977 388 διακρίσεως
2001 338 2071 376 τῶν
2095 339 2246 386 ἡδονῶν·
2273 337 2334 379 καὶ
2353 342 2450 380 τουτ’

1405 388 1551 434 εἶναιτὸ
1577 395 1761 434 κάλλιστον
1784 411 1844 434 και
1878 395 1916 433 τὸ
1941 396 2213 450 συμφορώτατον
2241 398 2448 452 ἀνθρώποις.

1405 452 1450 493 Ὁ
1471 453 1508 492 δὲ
1528 454 1682 493 Πλάτων
1707 470 1759 508 τῳ
1792 454 2007 507 Δημοκρίτῳ
2033 454 2124 494 κατὰ
2137 458 2243 496 ταύτὸ
2274 458 2450 511 συνάδων,

1405 511 1529 566 γράφει
1547 512 1627 565 περὶ
1647 518 1709 552 τοῦ
1729 513 1947 565 κυριωτάτου
1969 517 2030 552 τοῦ
2061 516 2095 552 ἐν
2115 518 2199 566 ἡμῖν
2222 516 2295 554 δεῖν
2316 518 2451 556 ὑπολα-

1406 571 1477 610 &etv
1494 573 1541 616 ὡς
1559 570 1614 623 ἄρ’
1633 572 1717 611 αὐτὸ
1735 571 1886 623 δαίμονα
1905 575 1993 623 ἡμῖν
2010 573 2158 613 δέδωκεν
2182 572 2223 627 [ὃ
2239 574 2359 627 occid,
2375 575 2450 616 ὅθεν

1405 645 1465 668 και
1483 631 1516 668 ἐν
1540 631 1634 668 αὖτω
1650 629 1689 669 τὸ
1705 629 1888 681 εὔδαιμον·
1904 629 1999 684 λέγει
2020 632 2056 670 δὲ
2075 633 2170 670 τοῦτ’
2193 635 2229 672 ἐν
2249 635 2299 672 τῶ
2318 637 2448 686 ἡγεμο·

1405 690 1492 741 νικῶ
1515 705 1577 735 της
1603 690 1719 742 ψυχῆς
1741 688 1809 733 ἕξιν
1837 690 1914 728 τινὰ
1935 690 2038 729 ποιὰν
2058 690 2119 729 καὶ
2139 691 2311 730 διάθεσιν·
2331 690 2451 732 τούτου

1406 746 1442 785 δὲ
1458 749 1610 799 τάγαθοῦ
1631 747 1675 785 τὰ
1689 747 1754 798 μὲν
1770 738 1886 796 πάθη
1885 749 2097 802 κατάρχειν,
2113 749 2229 802 ὅρον
2211 749 2248 789 οὲ
2266 749 2326 789 καὶ
2344 749 2454 804 πέρας

1406 809 1493 845 εἶναι
1518 806 1576 844 τὸν
1607 806 1787 857 λογισμόν.
1847 807 2002 847 Ἀκούειν
2030 824 2111 860 γουν
2141 809 2311 862 πάρεστι·
2336 809 2397 848 δύο
2419 808 2452 833 ⁵⁸

1405 864 1473 918 γὰρ
1503 859 1605 903 αυται
1636 865 1737 919 φύσει
1772 867 1886 917 πηγαὶ
1927 870 2103 917 μεθεῖνται
2129 871 2214 920 ῥεῖν,
2251 868 2359 917 ἡδονὴ
2393 869 2450 908 καὶ

1405 918 1569 973 λύπη,ῗ
1543 941 1591 963 ων
1619 927 1636 962 ὁ
1657 923 1719 975 μὲν
1739 924 1814 963 ὅθεν
1827 940 1864 963 τε
1883 925 1955 976 δεῖ,
1977 926 2036 964 καὶ
2052 926 2143 976 ὅπη,
2164 927 2224 965 καὶ
2243 927 2338 972 ὅπως
2363 930 2448 981 ἀρυ-

1405 984 1547 1034 τόμενος
1567 986 1787 1036 εὐδαιμονεῖ,
1809 983 1883 1024 ὅδὲ
1913 985 1988 1036 μή,
2026 987 2241 1028 τούναντίον.
2298 980 2360 1028 Ἐν
2389 987 2452 1039 μὲν

1404 1043 1515 1082 τοίνυν
1536 1047 1586 1096 τῷ
1605 1042 1667 1089 τὴν
1699 1043 1826 1090 ἡδονὴν
1858 1043 1919 1082 καὶ
1937 1044 2002 1092 τὴν
2027 1044 2140 1093 λύπην
2166 1045 2361 1096 ὀνομάσαι,
2388 1046 2454 1094 τὴν

1406 1101 1475 1140 ἀπὸ
1494 1104 1562 1140 τῶν
1584 1103 1706 1139 παθῶν
1736 1101 1918 1149 συνίστησι
1935 1106 1999 1150 τῆς
2018 1103 2239 1154 εὖδαιμονίας
2267 1105 2399 1158 ἀρχήν·
2418 1108 2454 1145 ἰν

1406 1160 1442 1199 δὲ
1462 1162 1511 1198 τῦ
1529 1159 1586 1199 τὸν
1607 1160 1815 1213 ἀρυτόμενον
1834 1161 1911 1200 ὅθεν
1925 1178 1963 1200 τε
1985 1163 2056 1210 δεῖ,
2076 1163 2137 1202 καὶ
2153 1163 2222 1212 ὅπη
2237 1193 2248 1212 ,
2266 1165 2328 1203 καὶ
2343 1163 2452 1213 ὅπως,

1406 1220 1643 1270 εὐδαιμονεῖν,
1672 1220 1713 1259 τὸ
1751 1236 1803 1272 τῳ
1832 1222 1961 1275 λογικῶ
1994 1222 2199 1296 διοριστικὸν
2246 1223 2365 1277 εἴρηκε
2393 1227 2455 1272 τῆς

1406 1279 1641 1329 εὐδαιμονίας,
1698 1279 1805 1318 Κατὰ
1822 1284 1925 1319 τοῦτο
1958 1279 2021 1331 μὲν
2049 1297 2107 1319 ουν
2133 1281 2297 1330 ἀλλήλοις
2324 1283 2456 1337 συμφέ-

1408 1352 1542 1390 ρονται·
1565 1336 1656 1376 καθὰ
1677 1336 1713 1376 δὲ
1734 1337 1888 1377 Πλάτων
1903 1338 1966 1389 μὲν
1988 1340 2023 1377 ἐν
2039 1342 2083 1391 τῇ
2103 1340 2300 1393 εὖλογιστία
2320 1341 2455 1381 τίθεται

1404 1397 1443 1435 τὸ
1464 1396 1726 1450 προηγούμενον
1745 1398 1894 1448 ἀγαθόν,
1917 1414 1980 1436 και
2006 1399 2051 1437 δι’
2076 1399 2160 1438 αὑτὸ
2183 1399 2341 1452 αἱρετόν,
2361 1401 2396 1439 ἐν
2417 1401 2454 1440 δὲ

1404 1458 1448 1508 τῇ
1467 1457 1575 1507 ἡδονῇ
1592 1456 1634 1494 τὸ
1647 1456 1979 1507 ἐπιγεννηματικόν,
1994 1455 2080 1508 ὅπερ
2100 1457 2210 1495 οἴεται
2225 1458 2351 1503 καύτὸς
2362 1473 2454 1498 ειναι

1403 1514 1541 1571 χαράν
1538 1530 1575 1553 τε
1597 1514 1656 1552 καὶ
1677 1514 1867 1567 ἀταραξίαν
1898 1514 2128 1565 συνωνύμως,
2152 1514 2188 1561 ἐξ
2210 1516 2454 1566 ,ἐπακολουθή-

1406 1587 1513 1623 ματος
1533 1572 1751 1624 διαφέρουσιν
1773 1572 1821 1612 ⁵9.

1453 1629 1658 1705 Ἀγαθόν60
1679 1634 1771 1670 ἐστιν
1802 1631 1860 1684 ἀφ’
1879 1636 1918 1670 οὖ
1946 1631 2133 1682 συμὸαίνει
2160 1633 2200 1672 τὸ
2225 1634 2452 1684 ὠφελεῖσθαι·

1405 1689 1466 1728 καὶ
1482 1693 1520 1728 οὓ
1538 1689 1641 1728 πάντ’
1663 1690 1797 1742 ἐφίεται
1816 1691 1860 1728 τὰ
1889 1690 2031 1742 λόγον’
2012 1708 2027 1730 ε
2030 1707 2139 1744 χοντα
2160 1694 2453 1745 προηγουμένως·
2481 1709 2483 1711 ·

1404 1766 1465 1789 και
1491 1749 1509 1788 ὃ
1539 1749 1616 1797 ἤτοι
1649 1750 1741 1789 κατὰ
1760 1750 1861 1802 φύσιν
1881 1750 1991 1798 ἐστίν,
2012 1750 2034 1797 ἢ
2057 1750 2239 1799 ποιητικὸν
2268 1767 2332 1791 του
2360 1753 2453 1792 κατὰ

1406 1808 1507 1862 φύσιν
1521 1821 1529 1832 ·
1545 1808 1607 1846 καὶ
1623 1807 1662 1846 τὸ
1681 1810 1858 1860 ὀρεκτικὸν
1885 1807 1978 1846 κατὰ
2001 1808 2102 1862 φύσιν
2115 1825 2124 1834 ·
2139 1808 2198 1848 καὶ
2217 1809 2258 1849 τὸ
2276 1812 2451 1859 κινητικὸν

1405 1871 1468 1915 τ’ῆς
1493 1866 1584 1906 κατὰ
1611 1867 1711 1919 φύσιν
1734 1866 1881 1919 ἐχούσης
1902 1866 2062 1919 ὀρέξεως,
2081 1868 2142 1907 καὶ
2166 1871 2246 1908 καθ’
2266 1867 2287 1908 ὃ
2305 1869 2452 1910 ἕκαστον

1402 2025 1524 2057 litatem
1545 2024 1640 2057 etiam
1660 2024 1781 2056 bonum
1798 2024 1868 2064 ejus
1890 2026 2032 2065 statum,
2051 2027 2262 2069 concentum,
2285 2029 2451 2075 aequabili·-

1402 2086 1499 2117 tatem
1540 2087 1573 2116 et
1610 2083 1892 2125 perturbationum
1923 2085 2118 2117 vacuitatem
2155 2086 2312 2120 nominat.
2355 2085 2449 2121 Navi

1401 2145 1508 2175 autem
1529 2151 1598 2175 earn
1620 2143 1664 2174 ait
1686 2151 1727 2175 ex
1745 2143 1948 2184 voluptatum
1967 2144 2167 2184 separatione
2183 2153 2224 2177 ac
2235 2145 2449 2189 distinctione,

1399 2212 1495 2244 quam
1513 2211 1580 2235 rem
1597 2202 1689 2242 longe
1701 2202 1994 2243 praestantissimam
2008 2204 2041 2235 et
2053 2202 2237 2236 hominibus
2250 2204 2450 2240 utilissimam

1400 2270 1466 2294 esse
1482 2264 1600 2294 censet.
1644 2261 1739 2293 Plato
1754 2262 1863 2293 autem
1877 2261 1910 2293 in
1927 2261 1990 2294 hoc
2013 2262 2219 2294 consentiens
2239 2271 2316 2296 cum
2331 2265 2450 2297 Demom

1401 2322 1498 2361 crim,
1518 2321 1558 2353 de
1575 2329 1613 2352 eo
1629 2320 1716 2361 quod
1740 2320 1937 2361 praecipuum
1960 2320 1992 2352 in
2006 2321 2100 2352 nobis
2118 2322 2167 2353 est
2185 2321 2317 2362 scribit,
2338 2326 2448 2364 putan-

1399 2379 1476 2412 dum
1493 2388 1574 2420 esse,
1592 2381 1695 2411 Deum
1709 2378 1802 2410 nobis
1820 2378 1899 2411 illud
1914 2387 1971 2419 pro
1987 2378 2135 2411 daemone
2149 2378 2298 2421 dedisse,
2309 2380 2447 2423 ideoque

1399 2440 1495 2471 etiam
1522 2439 1555 2470 in
1574 2447 1612 2470 eo
1631 2438 1813 2470 felicitatem
1839 2437 1945 2470 inesse
1968 2446 1976 2465 ε
2007 2438 2127 2479 quippe
2146 2438 2178 2470 in
2205 2438 2302 2471 animi
2326 2439 2448 2480 princi-

1400 2498 1474 2539 patu
1491 2497 1611 2529 bonum
1630 2497 1692 2528 hoc
1709 2496 1853 2528 habitum
1868 2496 2028 2537 quendam
2044 2499 2076 2528 et
2103 2497 2306 2530 affectionem
2331 2499 2446 2539 vocat,

1397 2554 1491 2594 cujus
1506 2555 1634 2587 initium
1651 2554 1781 2594 quidem
1801 2554 1842 2586 ab
1859 2554 2029 2587 alfectibus
2044 2557 2203 2597 sumatur,
2224 2555 2297 2588 finis
2313 2565 2392 2589 vero
2408 2565 2447 2589 ac

1397 2614 1554 2645 terminus
1581 2613 1780 2645 ratiocinatio
1798 2613 1849 2646 sit.
1895 2614 2022 2654 Quippe
2043 2614 2113 2645 haec
2129 2614 2197 2654 ejus
2214 2614 2313 2647 verba
2333 2617 2412 2648 sunt
2429 2626 2445 2648 A:

1397 2671 1461 2703 duo
1484 2672 1588 2704 fontes
1607 2673 1721 2703 natura
1738 2672 1844 2703 emissi
1867 2671 1994 2712 fluunt,
2013 2673 2165 2714 voluptas
2176 2674 2209 2705 et
2226 2673 2329 2713 dolor,
2342 2683 2361 2707 e
2373 2675 2447 2715 qui-

1399 2730 1458 2762 bus
1477 2731 1532 2771 qui
1549 2730 1635 2763 unde
1657 2732 1689 2763 et
1706 2730 1759 2762 ubi
1775 2732 1808 2762 et
1824 2731 1988 2772 quomodo
2011 2731 2058 2763 fas
2075 2733 2139 2771 sit,
2158 2731 2302 2773 hauriat,
2319 2733 2445 2772 beatus,

1396 2789 1452 2830 qui
1468 2789 1572 2821 minus
1583 2813 1592 2828 ‚
1608 2788 1701 2821 miser
1714 2790 1774 2821 est.
1821 2791 1932 2830 ltaque
1945 2798 2019 2821 cum
2034 2791 2234 2833 voluptatem
2247 2799 2286 2823 ac
2301 2791 2444 2824 dolorem

1397 2848 1608 2887 memoravit,
1631 2848 1671 2879 ab
1692 2848 1862 2880 affectibus
1879 2848 2004 2880 initium
2024 2849 2234 2882 beatitudinis
2246 2850 2354 2891 cepit;
2368 2859 2443 2884 cum

1396 2915 1470 2938 eum
1497 2906 1553 2948 qui
1573 2906 1656 2939 unde
1678 2908 1710 2939 et
1728 2906 1782 2938 ubi
1801 2909 1833 2938 et
1852 2907 2017 2950 quomodo
2044 2907 2091 2939 fas
2109 2908 2172 2946 sit,
2195 2908 2340 2949 hauriat,
2366 2908 2443 2941 hea-

1396 2969 1464 2998 tum
1484 2966 1585 3005 dixit,
1603 2966 1734 2998 rationis
1749 2965 1920 2998 discrimen
1939 2966 2131 2998 beatitudini
2152 2966 2312 3007 adjunxit.
2335 2969 2443 3009 Atque

1396 3024 1427 3056 in
1445 3024 1506 3056 hoc
1519 3024 1648 3065 quidem
1666 3024 1747 3056 inter
1759 3033 1793 3056 se
1805 3025 2011 3056 consentiunt
2028 3034 2035 3053 =
2051 3028 2209 3066 quatenus
2224 3029 2333 3058 autem
2350 3026 2443 3060 Plato

1396 3083 1427 3114 in
1448 3083 1568 3115 ratione
1585 3083 1666 3115 bene
1688 3082 1849 3115 subducta
1871 3083 1960 3123 ponit
1983 3083 2103 3115 honum
2121 3084 2313 3117 antecedens
2331 3087 2364 3117 et
2386 3094 2441 3127 per

1395 3150 1430 3174 se
1455 3142 1656 3183 eligendum,
1676 3142 1708 3174 in
1738 3142 1902 3182 voluptate
1924 3150 2003 3174 vero
2029 3151 2251 3184 consequens,
2268 3145 2354 3185 quod
2374 3145 2441 3185 ipse

1395 3208 1524 3241 quoque
1555 3200 1707 3241 gaudium
1735 3203 1768 3232 et
1799 3200 2075 3241 perturbationum
2104 3202 2299 3234 vacuitatem
2336 3189 2441 3234 verbis

1396 3259 1480 3291 idem
1496 3260 1733 3292 declarantibus
1756 3261 2064 3298 vocat,·necessario
2087 3260 2280 3301 discrepant.

1438 3320 1558 3350 Bonum
1577 3323 1643 3359 est,
1665 3319 1748 3350 unde
1770 3319 1891 3351 utilitas
1907 3319 2090 3360 percipitur,
2113 3321 2145 3351 et
2163 3319 2248 3360 quod
2267 3320 2373 3352 omnia
2390 3329 2438 3352 ra·

1395 3376 1484 3408 tione
1501 3378 1635 3418 praedita
1659 3377 1821 3419 praecipue
1840 3379 2011 3418 appetunt;
2030 3379 2061 3409 et
2080 3377 2165 3418 quod
2190 3378 2241 3409 vel
2263 3378 2439 3411 secundum

1397 3441 1546 3470 naturam
1577 3441 1625 3470 est
1652 3439 1702 3470 vel
1723 3439 1792 3479 ejus
1811 3439 1975 3478 efficiens;
2000 3438 2075 3470 item
2104 3438 2259 3470 naturalis
2279 3439 2438 3479 appetitus

1396 3497 1427 3527 et
1443 3496 1527 3536 quod
1550 3498 1727 3529 naturalem
1744 3497 1920 3530 annetitum
1948 3498 2078 3536 movet,
2098 3500 2129 3529 et
2148 3497 2199 3528 cui
2216 3498 2438 3530 convenienter
