2606 3828
264 250 284 282 2
297 250 306 281 t
319 248 341 281 6
963 235 1232 275 CHALClDII
1263 234 1681 283 COMMENTARIUS

255 341 316 363 sas.
362 329 577 362 Adversantur
602 336 696 370 porro
723 325 962 367 frequentibus,
988 333 1060 362 quae
1083 322 1211 363 quidem
1236 322 1297 355 rari

254 389 391 431 exempli
410 390 485 421 sunt
505 401 512 421 ι
538 388 586 420 nis
605 396 696 428 porro
709 411 717 425 ,
742 395 814 427 quae
831 392 979 426 peraeque
999 382 1210 424 proveniunt,
1225 390 1298 423 qum

253 459 316 482 non
335 451 412 481 sunt
429 456 589 489 peroeque.
635 447 702 478 Erit
723 454 797 485 ergo
817 452 947 483 eorum,
971 450 1045 483 quae
1063 450 1214 483 peraeque
1235 441 1297 473 du-

253 508 305 541 bia
323 509 417 548 sunt,
440 507 528 548 optio
550 514 645 547 penes
665 504 831 536 hominum
855 514 863 534 :
888 501 964 542 qui,
980 501 1092 542 utpote
1112 498 1300 531 rationabile

252 566 391 607 animal,
427 567 541 598 cuncta
572 565 698 596 revocat
724 562 762 594 ad
794 561 949 593 rationem
987 560 1084 600 atque
1116 558 1298 591 consilium.

252 627 345 659 Ratio
362 634 474 667 porr0,
492 628 524 657 et
543 623 709 656 eonsilium
723 646 732 662 ‚
751 622 860 653 motus
873 621 923 652 cst
945 619 1080 651 intimus
1102 618 1173 659 ejus
1185 642 1194 658 ‚
1209 617 1296 660 quod

251 688 302 718 est
319 686 350 717 in
370 685 476 717 anima
492 683 686 726 principale;
708 681 769 712 boc
788 689 863 712 vero
878 687 918 711 ex
934 687 969 711 se
985 679 1148 718 movetur,
1173 679 1295 710 motus-

252 754 315 786 que
332 744 400 785 ejus
417 751 568 776 assensus
586 743 634 773 est
647 766 656 781 ,
674 740 722 772 vel
744 738 917 780 appetitus.
962 737 1066 778 Igitur
1083 745 1246 775 assensus,
1265 738 1299 768 et

252 805 414 846 appetitus
432 812 472 835 ex
493 811 527 833 se
552 800 722 832 moventur
739 811 746 830 :
765 807 823 830 nec
844 799 951 830 tamen
969 797 1040 829 sine
1062 795 1299 836 imaginatione,

251 870 349 903 quam
369 859 539 902 φαντασίαν
557 857 659 890 Graeci
682 858 809 888 vocant.
851 858 896 887 Ex
914 864 978 896 quo
1001 855 1058 895 tit,
1084 856 1120 887 ut
1134 863 1299 896 persaepe,

252 919 383 951 fallente
409 916 542 957 imagine
555 938 564 955 ,
582 916 688 947 motus
705 913 756 945 ille
777 913 960 955 principalis
977 913 1095 945 animae
1115 912 1299 954 potestatis,

251 981 302 1014 vel
320 986 513 1018 consensus,
533 977 736 1017 depravetur,
763 978 796 1006 et
818 974 914 1015 eligat
937 974 1052 1007 vitiosa
1071 983 1129 1015 pro
1156 973 1299 1015 optimis.

250 1040 349 1080 Cujus
370 1038 415 1070 rei
432 1036 602 1076 multiplex
618 1043 715 1066 causa
735 1037 782 1066 est
801 1046 808 1066 z
829 1034 878 1066 vel
893 1033 1027 1074 agrestis
1042 1034 1074 1065 in
1087 1032 1301 1065 consultando

250 1097 459 1138 inelegantis,
487 1094 540 1128 vel
561 1093 740 1136 ignoratio,
761 1093 810 1126 vel
834 1092 971 1125 nimium
991 1092 1100 1124 dedita
1122 1100 1212 1124 mens
1239 1092 1299 1123 im-

250 1159 389 1199 portuno
408 1155 522 1195 favori,
540 1153 590 1186 vel
610 1153 698 1185 salsae
711 1152 868 1194 opinionis
885 1151 1082 1193 anticipatio,
1096 1152 1147 1183 vel
1165 1159 1300 1183 consue·

249 1216 328 1249 tudo
341 1224 441 1259 prava
454 1239 462 1255 ,
476 1214 526 1246 vel
545 1214 630 1246 certe
648 1212 783 1252 alicuius
806 1210 875 1243 vitii
891 1210 1058 1252 tyrannica
1074 1210 1224 1250 quaedam
1240 1210 1299 1242 do-

251 1275 384 1307 minatio
416 1285 424 1306 :
460 1274 695 1315 proptereaque
720 1259 772 1310 vi,
800 1274 855 1302 aut
888 1270 1036 1303 violentis
1065 1268 1302 1307 delinimentis,

252 1334 360 1376 potius
378 1342 476 1374 quarn
499 1332 664 1364 voluntate
691 1338 822 1371 peccare
841 1329 990 1362 dicimur.

291 1395 385 1427 CLV.
409 1395 490 1431 Quae
506 1400 581 1423 cum
598 1390 642 1423 ita
657 1390 739 1431 sint,
758 1389 845 1422 salva
859 1390 919 1429 est,
942 1388 1068 1430 opinor,
1082 1387 1247 1428 divinatio,
1265 1395 1303 1419 ne

250 1453 407 1496 proesagio
429 1451 601 1490 derogetur
625 1449 810 1481 auctoritas.
856 1450 966 1480 Potest
983 1446 1101 1488 quippe
1124 1446 1277 1487 praescius
1291 1469 1301 1485 ,

250 1515 307 1548 tali
333 1514 415 1546 sacta
444 1511 669 1544 informatione
688 1509 764 1550 fati,
791 1508 960 1540 consilium
979 1507 1055 1539 dare
1074 1505 1302 1546 aggrediendi,

258 1574 312 1606 vel
331 1582 395 1605 non
423 1570 637 1612 aggrediendi.
681 1570 845 1608 Recteque
863 1568 896 1600 et
917 1566 1160 1604 rationabiliter,
1178 1565 1305 1597 matbe-

257 1633 395 1666 maticus
416 1631 569 1671 originem
596 1627 738 1670 captabit
758 1626 946 1660 instituendi
971 1627 1061 1658 actus
1084 1634 1122 1657 ex
1143 1624 1304 1665 prosperi-

253 1695 322 1726 tate
349 1691 512 1731 siderum,
543 1691 640 1732 atque
662 1688 829 1728 signorum
851 1699 859 1719 :
886 1690 922 1718 ut
951 1685 978 1717 si
998 1685 1059 1717 hoc
1081 1685 1200 1717 sactum
1223 1684 1305 1724 erit,

254 1751 423 1795 proveniat
441 1749 533 1782 illud.
579 1749 658 1781 Haec
674 1756 788 1788 porro,
807 1747 839 1778 et
863 1744 1063 1785 hujusmodi,
1079 1744 1219 1777 remedia
1233 1745 1307 1776 sunt

255 1812 430 1844 dubiorum
451 1811 684 1851 proventuum;
704 1806 736 1838 in
756 1805 878 1847 quibus
900 1803 1025 1836 consilii
1045 1803 1214 1836 salubritas
1242 1812 1306 1835 me-

254 1871 359 1904 dicina
390 1870 457 1910 est,
482 1867 604 1900 babent
624 1866 721 1899 etiam
752 1863 928 1905 disciplinae
952 1863 1078 1903 locum,
1101 1863 1308 1903 maximeque

256 1932 361 1971 legum
374 1929 464 1961 latio.
479 1926 564 1965 Quid
575 1926 623 1958 est
630 1925 716 1958 enirn
724 1926 787 1965 tex,
797 1924 989 1964 nisijussum
1005 1923 1147 1955 sciscens
1161 1923 1307 1962 honesta,

257 1989 430 2032 prohibens
450 1987 635 2020 contraria?
657 1985 801 2024 Idcirco,
827 1983 903 2024 quia
922 1983 1038 2015 horum
1055 1982 1168 2015 electio
1195 1983 1227 2014 in
1249 1991 1307 2013 no-

258 2050 326 2081 stra
341 2049 499 2090 potestate
517 2049 581 2087 est,
598 2045 767 2085 laudisque
781 2043 896 2084 honor,
910 2044 942 2075 et
958 2041 1204 2083 vituperationis
1222 2042 1308 2081 nota,

258 2106 449 2149 proemiique
469 2104 589 2145 gratia,
608 2105 640 2136 et
665 2102 895 2144 suppliciorum
914 2090 1164 2143 animadversio,
1193 2102 1309 2134 caetera

257 2166 334 2199 item
353 2166 597 2198 exhortamenta
622 2162 773 2202 virtutis,
795 2162 990 2203 malitiaeque
1013 2161 1207 2202 retinacula,
1236 2161 1310 2193 vitae

259 2227 427 2268 prospecta
442 2226 528 2257 sunt.

302 2287 412 2318 CLVI.
450 2286 545 2317 Nunc
576 2283 727 2324 quoniam
759 2281 839 2323 quid
870 2289 978 2314 rerum
1012 2280 1054 2313 sit
1092 2280 1310 2322 providentia,

261 2345 381 2387 quidve
402 2345 524 2383 ratum,
545 2343 578 2375 in
601 2341 779 2375 substantia
805 2341 969 2383 positum;
994 2341 1027 2373 et
1053 2340 1149 2379 item,
1172 2339 1253 2381 quid
1278 2340 1311 2372 in

267 2413 404 2438 munere
423 2405 523 2445 atque
539 2404 610 2435 actu
630 2402 820 2441 inveniatur,
841 2400 959 2442 quidve
975 2400 1007 2432 in
1020 2401 1187 2441 potestate
1204 2399 1309 2431 homi·

264 2464 315 2496 nis
331 2464 391 2503 sit;
407 2463 484 2504 quid
496 2463 585 2502 item,
604 2461 689 2503 quod
704 2462 796 2502 juxta
813 2461 868 2493 sati
885 2460 1051 2493 decretum
1068 2459 1228 2501 provenit,
1242 2468 1312 2500 pro-

266 2523 369 2556 secuti
391 2530 521 2561 sumus;
545 2521 586 2554 de
618 2521 745 2552 fortuna
773 2519 878 2560 deque
903 2520 961 2560 iis,
987 2528 1061 2560 quae
1095 2527 1171 2551 casu
1197 2527 1312 2559 prove—

265 2576 369 2614 niunt,
387 2574 594 2607 disseremus.
615 2575 781 2606 1‹'0rtunae
803 2574 998 2613 potestatem
1018 2581 1146 2605 omnem
1166 2572 1197 2604 in
1219 2572 1315 2604 rebus

266 2634 436 2675 hominnm
445 2632 522 2665 dicit
537 2641 626 2672 esse3
645 2640 746 2664 casus
759 2631 855 2664 aliam
871 2631 1032 2672 quandam
1047 2632 1314 2672 jurisdictionem.

268 2694 350 2730 Quae
379 2691 465 2723 enim
488 2691 538 2723 vel
568 2690 664 2723 rebus
694 2691 759 2723 vita
784 2690 984 2731 carentibus,
1008 2691 1060 2723 vel
1088 2691 1159 2724 sine
1191 2691 1337 2728 ratione..

268 2750 452 2783 viventibus
469 2749 664 2782 animalibus
688 2748 854 2789 accidunt,
875 2758 939 2781 non
957 2758 995 2782 ex
1014 2751 1144 2789 natura,
1164 2750 1214 2783 vel
1235 2751 1315 2793 arte,

270 2811 341 2843 liaec
355 2808 462 2842 omnia
481 2816 564 2841 casu
582 2809 663 2840 sacta
686 2808 838 2840 dicuntur
857 2820 864 2841 :
882 2817 955 2850 quae
970 2817 1045 2841 vero
1065 2809 1251 2841 hominibus
1264 2794 1316 2842 acss

271 2869 383 2902 cidunt
395 2893 404 2910 ,
418 2867 470 2901 vel
489 2867 627 2900 faventia
643 2867 775 2908 negotiis
795 2876 925 2908 eorum,
943 2869 994 2901 vel
1014 2868 1231 2909 adversantia,
1257 2869 1316 2901 sor-

272 2928 374 2969 tuita,
392 2928 424 2960 et
441 2935 481 2959 ex
506 2926 644 2959 fortunae
668 2925 799 2958 arbitrio
828 2928 993 2967 putantur.
1038 2929 1216 2960 Causarum
1243 2938 1318 2961 vero
1341 2918 1344 2922 ⁴

280 2987 380 3019 altera
397 2972 578 3026 principalis
600 2986 649 3016 est
661 3009 670 3024 ,
693 2985 791 3016 altera
807 2983 970 3019 accidens,
1020 2986 1206 3028 Principalis
1222 2996 1319 3019 causa

276 3046 326 3079 :st
356 3044 479 3078 itineris
503 3043 657 3082 faciendi,
690 3043 739 3074 vel
759 3043 948 3084 negotiatio,
979 3046 1032 3077 vel
1057 3046 1141 3077 ruris
1166 3047 1320 3087 inspecta·

275 3101 343 3142 tio,
375 3100 426 3133 vel
454 3099 562 3139 aliqua
594 3098 718 3138 generis
746 3099 854 3140 liuius.
899 3100 1074 3142 Accidens,
1099 3105 1136 3133 ut
1157 3111 1231 3134 cnm
1260 3102 1321 3141 iter

276 3162 455 3202 ingressos,
486 3158 532 3191 sol
557 3160 654 3198 atque
676 3160 775 3191 aestus
800 3159 959 3200 adurunt;
995 3169 1069 3205 qnae
1098 3161 1243 3201 sequitur
1271 3163 1319 3193 in·

277 3220 374 3253 tectio
393 3219 522 3258 vultus,
538 3220 569 3249 et
586 3217 740 3249 coloratio
761 3229 769 3250 :
788 3217 909 3259 quippe
933 3226 998 3249 non
1025 3217 1205 3251 infectionis
1225 3227 1322 3251 causa

277 3280 340 3312 iter
383 3279 485 3311 tuerat
517 3277 710 3309 institutum.
771 3277 993 3309 communiter
1023 3287 1097 3318 ergo
1122 3281 1186 3310 tam
1223 3280 1323 3312 t'ortu·

283 3347 376 3377 nam,
399 3347 500 3379 quam
523 3346 653 3377 casum,
681 3337 848 3378 principali
866 3345 972 3369 causae
1003 3338 1183 3370 accidentes
1209 3348 1325 3372 causas

283 3403 354 3428 esse
375 3396 519 3428 dicemus
538 3410 547 3429 ι
567 3398 603 3429 ut
620 3397 661 3429 sit
679 3404 776 3428 causa
793 3395 922 3437 quidem
940 3396 1122 3438 principalis
1138 3397 1171 3429 in
1189 3397 1275 3438 sato,
1293 3399 1324 3431 in

286 3454 413 3487 fortuna
441 3463 535 3494 vero,
556 3458 586 3487 ct
603 3455 729 3487 casibus
741 3478 752 3496 ,
769 3463 865 3487 causa
882 3455 1039 3488 accidens.
1084 3458 1125 3488 Et
1144 3457 1235 3497 qnia,
1254 3466 1327 3495 quae

1357 323 1456 363 fiunt,
1475 324 1590 365 partim
1613 333 1654 356 ex
1674 322 1865 357 necessitate
1883 323 2001 357 babent
2019 323 2263 364 auctoritatem;
2283 323 2399 365 partim

1359 383 1482 422 usitati,
1514 385 1546 416 et
1579 383 1772 425 frequentis,
1789 384 1928 426 exempli
1948 386 2023 417 sunt
2035 409 2045 425 ,
2081 384 2196 425 partim
2227 393 2300 416 raro
2317 384 2398 417 acci·

1359 440 1462 475 dunt=
1481 443 1513 476 et
1533 443 1676 484 fortuna,
1704 445 1736 476 et
1758 452 1870 483 casus,
1885 443 1917 475 in
1941 443 1980 481 iis
2000 443 2226 483 inveniuntur,
2239 451 2398 484 ωερε-ιω)

1359 501 1522 543 accidunt.
1560 503 1600 535 Et
1617 503 1753 535 sortunoe
1770 503 1900 544 quidem
1923 502 2148 535 irrationabilis
2166 503 2199 535 et
2216 510 2289 535 curn
2305 501 2403 534 admi-

1361 560 1485 593 ratione
1501 563 1675 603 proveutus
1698 561 1849 602 inopinus
1869 569 1909 593 ex
1929 559 2098 592 bominum
2116 559 2278 600 proposito
2301 559 2402 592 sumit

1359 619 1527 665 originem,
1545 629 1637 653 casus
1655 629 1730 653 vero
1746 620 1824 653 citra
1840 619 2038 661 propositum
2054 618 2193 651 bominis
2210 618 2261 651 iit.
2294 618 2402 659 Siqui-

1360 678 1453 720 dem,
1467 679 1554 720 quod
1568 687 1644 712 casu
1661 679 1793 720 accidit,
1813 680 1864 712 vel
1884 679 1918 711 in
1937 678 2035 710 rebus
2048 678 2115 710 vita
2141 676 2341 718 carentibus,
2353 675 2404 709 vel
2420 713 2428 727 ἱ

1363 739 1394 771 in
1412 738 1510 771 mutis
1529 739 1740 780 animalibus,
1757 739 1928 772 invenitur.

1403 799 1532 831 CLVII.
1557 799 1703 831 Breviter
1729 807 1821 839 ergo,
1850 807 1925 831 cum
1954 797 2027 830 dure
2049 805 2173 838 causae,
2194 795 2320 829 initium
2345 795 2404 828 iis·

1363 857 1473 890 bentes
1487 866 1527 890 ex
1545 857 1710 899 proposito
1727 861 1838 890 nostro
1850 882 1858 898 ,
1880 858 1924 890 ita
1939 858 2155 896 concurrunt,
2172 858 2207 888 ut
2222 864 2285 888 non
2296 879 2306 895 ,
2319 854 2406 897 quod

1363 917 1562 958 propositum
1589 919 1657 957 est,
1686 918 1718 950 at
1753 918 1846 958 longe
1875 925 1968 950 secus
1998 920 2180 957 praeterque
2200 914 2405 956 opinionem,

1361 976 1503 1014 accidat,
1529 978 1665 1009 toi-tunae
1684 976 1779 1008 ludus
1793 978 1854 1017 est,
1869 977 1905 1008 ut
1924 986 1931 1007 :
1946 976 1973 1008 si
1989 975 2064 1017 quis
2078 974 2206 1007 occulte
2219 975 2406 1007 thesaurum

1361 1036 1457 1067 terrae
1479 1035 1631 1075 mandet,
1658 1034 1779 1067 dehinc
1814 1034 1970 1075 agricola,
1996 1034 2192 1075 propositum
2219 1032 2339 1065 liabens
2358 1031 2407 1065 vi·

1365 1096 1449 1132 tem,
1467 1094 1604 1126 aliamve
1623 1102 1721 1134 quarn
1741 1093 1818 1125 libet
1839 1093 1990 1135 stirpem,
2010 1100 2203 1134 propagare,
2221 1091 2408 1124 thesaurum

1362 1153 1471 1192 illum,
1497 1153 1576 1185 dum
1598 1152 1744 1186 scrobem
1762 1152 1907 1193 molitur,
1930 1152 2072 1185 inveniat
2093 1164 2101 1184 ε
2119 1152 2205 1184 certe
2222 1158 2328 1192 neque
2349 1148 2407 1191 qni

1362 1211 1523 1252 condidit,
1545 1214 1584 1245 ut
1614 1212 1696 1244 alius
1725 1212 1900 1249 inveniret;
1927 1210 1985 1244 sed
2012 1213 2049 1244 ut
2070 1212 2159 1253 ipse,
2187 1219 2263 1243 cum
2282 1209 2408 1252 prolato

1363 1281 1444 1314 opus
1461 1274 1567 1312 esset,
1588 1274 1767 1314 reportaret
1788 1284 1796 1304 ε
1818 1279 1877 1304 nec
1895 1270 2032 1313 agricola
2045 1295 2054 1311 ,
2073 1271 2109 1303 ut
2124 1271 2310 1303 tnesaurum
2325 1269 2411 1302 inve-

1363 1333 1466 1371 niret,
1490 1332 1543 1364 sed
1567 1333 1604 1364 ut
1631 1332 1778 1364 scrobem
1801 1331 1942 1370 faceret,
1972 1329 2175 1363 laboraverat
2199 1343 2207 1362 z
2236 1330 2269 1362 et
2302 1330 2410 1362 tamen

1367 1394 1503 1432 uterque
1521 1400 1602 1424 usus
1623 1391 1754 1423 fortuna
1779 1393 1829 1422 est
1845 1389 1987 1430 inopina.
2032 1392 2139 1429 Quare
2157 1388 2205 1421 sic
2223 1387 2322 1422 etiam
2343 1388 2409 1420 tor·
2444 1390 2449 1393 “

1363 1451 1442 1483 tuna
1459 1452 1545 1483 recte
1566 1450 1688 1483 definiri
1710 1450 1816 1491 potest
1838 1461 1846 1482 z
1862 1451 2022 1482 Fortuna
2038 1451 2090 1482 esc
2103 1455 2290 1481 concursus
2307 1447 2412 1480 sirrtul

1365 1509 1568 1542 cadentium
1595 1517 1786 1542 causarum
1804 1507 1959 1541 duarum
1980 1509 2150 1548 oriqinem
2169 1515 2214 1540 ex
2233 1508 2410 1548 proposito

1367 1568 1583 1601 trahentium
1590 1579 1602 1609 ,·
1618 1576 1663 1601 ea:
1679 1577 1748 1610 quo
1767 1576 1938 1601 concursu
1952 1570 2112 1610 provenit
2128 1567 2267 1610 aliquid
2282 1572 2414 1609 prater

1365 1636 1459 1669 spem
1477 1636 1555 1660 cum
1578 1627 1823 1660 admiratione.
1870 1629 1911 1660 Ut
1934 1627 1960 1658 si
1987 1626 2136 1666 creditor,
2156 1626 2199 1658 ob
2221 1626 2276 1658 diu
2297 1625 2414 1658 t'rustra

1368 1688 1541 1729 repetitum
1565 1687 1731 1728 debitum,
1759 1687 1913 1729 procedat
1939 1686 1979 1719 ad
2004 1687 2127 1724 torum,
2154 1684 2414 1718 instruendorum

1367 1748 1468 1787 gratia
1501 1749 1707 1788 patronorum
1742 1759 1749 1778 :
1787 1745 1901 1778 eodem
1941 1745 2040 1777 etiam
2074 1744 2210 1784 debitor,
2252 1741 2414 1776 mercandi

1370 1815 1467 1839 causa
1493 1819 1501 1839 :
1524 1806 1639 1838 dehinc
1665 1801 1844 1838 conventus
1870 1804 2008 1845 debitor,
2029 1804 2160 1836 arbitris
2179 1803 2344 1845 patronis,
2359 1801 2415 1834 diu

1370 1868 1509 1899 tran-tum
1542 1865 1690 1898 debitum
1729 1865 1947 1905 repraesentet.
1993 1864 2126 1896 Diversa
2159 1862 2278 1904 quippe
2317 1869 2414 1894 causa

1370 1926 1515 1967 utrisque
1534 1924 1726 1967 procedendi
1748 1924 1806 1956 tuit
1826 1934 1834 1955 :
1852 1924 1884 1956 et
1903 1924 1953 1955 est
1969 1922 2046 1955 illud
2063 1921 2170 1963 potius
2191 1922 2313 1961 actum,
2330 1919 2416 1962 quod

1372 1985 1572 2026 propositum
1604 1993 1667 2016 non
1690 1985 1777 2022 erat,
1808 1991 1904 2023 quam
1932 1981 2020 2023 quod
2040 1980 2107 2022 jam
2137 1988 2229 2022 paene
2249 1979 2415 2022 agebatur.

1370 2044 1439 2075 Erit
1457 2052 1533 2084 ergo
1551 2042 1648 2075 etiam
1665 2050 1779 2080 casus,
1794 2049 1984 2073 concursus
2003 2040 2112 2073 simul
2126 2041 2232 2081 atque
2244 2047 2317 2072 una
2332 2040 2419 2071 acci-

1371 2105 1532 2137 dentium
1557 2105 1631 2136 sine
1649 2104 1788 2136 ratione
1809 2111 1980 2134 causarum
2001 2102 2034 2134 in
2057 2102 2125 2134 vita
2144 2100 2350 2141 carentibus,
2367 2099 2418 2132 vel

1372 2164 1488 2204 mutis,
1510 2163 1699 2195 animalibus
1722 2176 1729 2195 ι
1749 2165 1784 2194 ut
1805 2171 1880 2194 cum
1902 2162 2022 2194 clausae
2043 2160 2135 2202 serae,
2152 2159 2285 2192 stabulis
2302 2159 2419 2200 evasis,

1373 2233 1500 2255 rursum
1532 2223 1573 2255 ad
1603 2223 1716 2255 eadem
1746 2221 1872 2253 stabula
1902 2221 2109 2253 revertuntur
2130 2219 2251 2252 ultro:
2279 2227 2420 2259 cumque

1374 2284 1460 2315 ultro
1479 2283 1616 2314 dicimus
1632 2291 1745 2314 saxum
1765 2280 1955 2313 concidisse.
2001 2282 2046 2312 Ac
2072 2279 2112 2312 de
2130 2278 2195 2312 tato
2213 2279 2342 2320 quidem
2361 2277 2419 2310 de-

1374 2352 1436 2384 que
1462 2342 1521 2383 iiS,
1548 2351 1621 2382 quae
1653 2341 1684 2373 in
1706 2340 1845 2373 hominis
1878 2340 2036 2381 potestate
2058 2340 2152 2380 sunt,
2182 2338 2309 2371 fortuna
2336 2345 2420 2379 quo-

1374 2409 1453 2441 que,
1470 2401 1502 2432 et
1519 2400 1666 2440 casibus,
1687 2399 1764 2431 satis
1783 2398 1922 2430 dictum.

1416 2460 1559 2492 CLVIII.
1581 2458 1645 2491 Sed
1659 2458 1735 2499 quia
1747 2459 1824 2489 sunt
1837 2458 1943 2498 aliqua
1959 2466 2032 2497 quae
2047 2457 2159 2489 contra
2179 2456 2250 2489 liaec
2265 2465 2284 2489 e
2295 2455 2423 2488 diverso

1376 2518 1542 2558 dicuntur,
1566 2515 1774 2558 proponenda
1792 2516 1886 2556 sunt,
1914 2516 1949 2548 et
1970 2515 2131 2548 diluenda.
2175 2517 2267 2547 Tunc
2291 2514 2423 2547 demum
2484 2501 2488 2504 ’

1375 2578 1461 2610 enim
1485 2576 1586 2609 firmis
1613 2575 1672 2608 erit
1709 2574 1925 2606 fundamentis
1954 2574 2054 2606 locata
2084 2574 2227 2606 Platonis
2251 2573 2421 2606 sententia.

1378 2637 1475 2677 Ajunt
1484 2645 1576 2677 ergo,
1595 2635 1621 2667 si
1638 2637 1725 2667 Deus
1740 2636 1856 2666 cuncta
1876 2643 1914 2665 ex
1933 2633 2024 2665 initio
2042 2633 2115 2673 scit,
2135 2634 2306 2674 antequam
2323 2631 2421 2674 fiant;

1377 2704 1436 2728 nec
1456 2695 1524 2727 sola
1547 2693 1709 2733 coelestia,
1729 2701 1803 2733 qnae
1822 2692 1903 2724 felici
1921 2692 2118 2724 necessitate
2138 2692 2304 2732 perpetuae
2320 2690 2423 2723 beati·

1378 2755 1519 2795 tudinis,
1538 2752 1630 2795 quasi
1649 2751 1788 2794 quodam
1815 2751 1898 2791 sato,
1917 2752 2077 2789 tenentur,
2099 2749 2238 2782 sedilias
2255 2736 2350 2782 etiam
2368 2758 2424 2781 no·

1378 2817 1460 2847 stras
1480 2813 1700 2854 cogitationes,
1713 2812 1745 2844 et
1764 2810 1945 2842 voluntates
1966 2810 2026 2841 scit
2042 2822 2049 2842 :
2063 2809 2122 2841 scit
2138 2817 2267 2850 quoque
2285 2808 2421 2841 dubiam

1379 2874 1465 2906 illam
1484 2874 1652 2911 naturam,
1673 2872 1823 2910 tenetque
1848 2870 1880 2901 et
1910 2868 2093 2909 praeterita,
2115 2868 2302 2909 praesentia,
2322 2869 2355 2901 et
2371 2867 2423 2900 su-

1380 2935 1477 2973 tura,
1508 2934 1540 2964 ct
1569 2931 1630 2963 hoc
1653 2939 1694 2962 ex
1722 2929 1814 2961 initio
1845 2936 1932 2959 :nec
1959 2929 2063 2967 potest
2085 2926 2149 2959 salli
2170 2928 2259 2959 Deus
2286 2937 2294 2958 :
2317 2925 2426 2959 omnia

1382 2995 1467 3024 certe
1486 3000 1526 3024 ex
1547 2989 1637 3022 initio
1652 2988 1806 3029 disposita
1823 2987 1919 3028 atque
1936 2986 2062 3018 decreta
2081 2987 2174 3025 sunt,
2191 2987 2258 3018 tam
2274 2994 2331 3026 ea,
2351 2994 2426 3028 qum

1381 3052 1411 3084 in
1432 3052 1543 3083 nostra
1562 3049 1717 3090 potestate
1733 3046 1836 3088 posita
1861 3054 1931 3078 esse
1955 3045 2118 3085 dicuntur,
2140 3053 2238 3086 quam
2266 3045 2421 3079 fortuita:

1383 3120 1440 3143 nec
1459 3119 1523 3142 non
1551 3107 1696 3149 subjecta
1715 3105 1856 3138 casibus.
1902 3106 2002 3136 Porro
2031 3113 2106 3135 cum
2128 3104 2198 3136 liaec
2216 3100 2323 3136 omnia
2342 3103 2427 3144 jam·

1383 3167 1507 3199 dudum
1538 3166 1668 3199 decreta
1695 3164 1777 3204 sint,
1799 3166 1918 3196 cuncta
1947 3171 2020 3203 quae
2051 3162 2260 3202 proveniunt,
2288 3171 2330 3194 ex
2360 3163 2426 3196 t'ato

1385 3225 1556 3266 provenire
1586 3223 1794 3256 concludunt.
1838 3224 1935 3262 Leges
1957 3221 2072 3260 etiam,
2100 3223 2132 3253 et
2165 3220 2424 3262 exhortationes,-

1385 3285 1416 3314 et
1436 3282 1692 3322 obJurgationes,
1708 3284 1740 3314 et
1755 3280 1958 3321 disciplinas,
1978 3287 2115 3320 quoeque
2137 3277 2321 3319 hujusmodi
2336 3281 2424 3321 sunt,

1385 3342 1492 3373 omnia
1513 3340 1610 3373 teneri
1631 3340 1780 3372 tatalibus
1799 3339 2045 3372 conditionibus.
2072 3338 2209 3377 Quando
2231 3337 2259 3370 si
2277 3338 2331 3370 cui
2349 3338 2427 3379 quid
2452 3325 2457 3335 ¹

1386 3400 1532 3431 accidere
1543 3399 1709 3431 decretum
1725 3400 1787 3438 est,
1809 3408 1872 3431 una
1882 3398 1978 3432 etiam
1995 3397 2074 3430 illud
2085 3397 2249 3429 decretum
2261 3397 2315 3438 sit,
2334 3397 2427 3437 cujus

1386 3467 1464 3498 ope,
1487 3458 1535 3490 vel
1555 3458 1730 3498 beneficio,
1751 3458 1866 3491 debeat
1879 3457 2070 3499 provenire:
2090 3459 2124 3488 ut
2140 3457 2165 3487 si
2186 3457 2235 3488 cni
2253 3444 2338 3488 salus
2355 3466 2426 3497 pro·
