2638 3840
969 277 1290 320 FRAGMENTA
1330 277 1505 320 vAmA.

163 371 355 424 gur-bunt
368 370 472 411 enim
489 370 626 418 Stoici,
646 369 816 410 maxime
832 367 1079 421 Chrysippus
1093 396 1105 416 ,
1123 381 1209 407 cor·

162 431 274 483 poris
291 433 333 471 et
352 430 472 470 animi
493 438 633 468 statum
663 436 780 480 atquc
805 427 1012 479 utriusque
1031 425 1206 466 morbos.

169 488 260 528 vide
273 488 400 529 Cicer.
427 488 588 528 Tuscul.
614 487 679 536 w,
701 499 762 528 ιο.
794 485 907 525 Hunc
930 493 1058 525 autem
1082 485 1209 538 philo-

168 547 316 600 sophiae
338 547 464 587 locum
497 547 660 586 fortasse
682 544 937 598 pertractavit
963 543 1211 595 Chrysippus

162 607 205 647 in
225 615 394 659 quatuor
425 605 539 646 libris
559 604 609 644 de
623 603 846 644 differentia
871 603 1062 643 virtutum
1084 602 1146 640 vel
1169 603 1210 640 in

160 665 250 705 aliis
262 665 419 718 scriptis
434 663 579 717 quibus
604 662 763 703 virtutis
777 691 790 713 ,
810 661 933 701 officii
965 670 1004 700 et
1029 660 1130 700 bene
1148 661 1212 699 vi-

2229 263 2314 318 'ios

1271 366 1402 421 πρώτῳ
1419 367 1501 422 περὶ
1525 366 1626 420 βίων,
1649 366 1710 406 καὶ
1724 364 1985 418 Ἀπολλόδωρος
2004 364 2039 403 ἕν
2058 367 2104 418 τῇ
2121 366 2248 422 ἠθικῇ..
2261 368 2320 404 De

1272 440 1315 466 re
1333 428 1417 479 ipsa
1437 427 1518 467 vid.
1538 426 1715 479 Lipsium
1744 423 1905 464 Manud.
1927 423 2055 463 Stoic.
2084 423 2158 472 111,
2188 426 2247 464 16.
2266 446 2321 455 -—

1240 474 1244 531 Ξ
1271 485 1306 508 ⁹⁸
1326 487 1512 525 Similiter
1534 486 1729 536 Diogenes
1745 483 1840 533 vn,
1867 484 1939 523 113
1969 491 2009 522 et
2044 483 2132 531 130,
2153 482 2223 522 ubi
2245 497 2319 536 pro

1271 545 1468 596 φιλευποιία
1487 545 1688 595 Menagius
1712 557 1761 584 ex
1779 542 1934 583 Stobaeo
1951 542 2093 596 reponi
2113 542 2240 581 voluit
2257 557 2316 590 φι·

1271 603 1426 643 λοποιία.
1451 604 1644 656 Compara
1659 603 1775 642 ctiam
1795 602 1998 654 sequentia
2016 602 2058 640 in
2076 600 2221 653 quibus
2240 601 2322 641 haec

1271 664 1418 702 amoris
1459 664 1670 715 explicatio
1704 662 1907 715 repetitur.
1933 682 1990 692 -
2017 659 2053 683 ⁹⁹
2087 659 2257 710 vulgavi
2298 661 2321 699 ἃ

158 723 277 764 vendi
296 723 544 776 disciplinam
575 722 800 775 complexus
830 730 901 761 est.
929 720 990 762 cf.
1019 720 1211 770 Diogenes
1240 731 1243 751 ¹
1272 724 1366 762 ποιεῖ
1405 722 1584 770 δηλονότι;
1617 722 1711 761 libri
1746 721 1770 761 ἃ
1808 720 1903 760 ποιεῖ
1934 720 2054 768 δῆλον.
2084 741 2139 749 -
2171 718 2222 742 ‘⁰⁰
2261 720 2319 759 Cr.

160 780 336 821 Laertius
366 780 438 822 lib.
463 780 548 829 Vll,
571 794 665 820 aoa.
685 801 742 811 —
771 778 806 803 ⁸'¹
825 779 947 819 Posui
967 778 1208 817 καθιστάντων
1240 800 1244 842 Ι
1272 780 1389 830 Diog.
1412 778 1541 820 Laert.
1562 780 1649 830 vn,
1685 781 1776 820 125.
1796 801 1852 810 —
1883 779 1929 803 ’Μ
1953 778 2076 818 Posui
2097 780 2174 832 τῷ;
2199 779 2315 821 codd.

158 839 264 889 αὐτὸς
298 839 414 880 codd.
456 837 684 879 καθεστώτων
716 838 826 890 αὐτῷ.
853 860 908 868 -
945 835 979 861 ⁸⁸
1013 837 1207 890 Rescripsi
1239 843 1243 908 Ι
1270 838 1326 878 τὸ.
1359 860 1414 869 -
1441 838 1492 862 ¹⁰²
1523 839 1678 879 Retinui
1705 839 1861 880 Cantcri
1897 838 2103 877 lectionem
2128 837 2186 886 τὸς
2224 837 2318 878 libri

158 897 296 952 πρὸςτὸ
317 896 396 938 ὅλον
420 913 459 937 τε
478 898 606 946 αὗτοῧ;
624 896 858 936 membrana:
887 895 974 950 πρὸς
992 896 1072 935 ὅλον
1086 910 1125 935 τε
1147 897 1207 935 αὗ-

157 959 234 999 ff.
250 957 436 997 Davisius
453 957 502 996 ad
519 955 649 997 Cicer.
668 955 828 996 Tuscul.
851 954 916 1003 1V,
938 956 983 993 13
1005 954 1209 1005 legendum

161 1016 381 1068 coniecerat
407 1014 527 1063 αὐτὸν,
549 1018 643 1068 quia
663 1027 879 1068 pronomen
899 1013 947 1053 ad
974 1013 1076 1063 λόγον
1094 1013 1210 1052 reser-

160 1084 238 1116 tur.
255 1074 330 1114 Sed
349 1088 432 1114 eam
452 1076 706 1114 mutationem
734 1073 930 1117 sententia¹
958 1085 1036 1111 non
1056 1071 1210 1111 deside-

159 1144 232 1174 rat.
259 1155 317 1166 —
342 1132 376 1158 ⁸⁹
400 1133 570 1187 Reposui
598 1133 777 1181 τοξεῦσαι;
810 1132 926 1172 codd.
949 1130 1132 1176 ὑποτάξαι.
1156 1153 1211 1162 -

158 1192 195 1217 ’⁰
217 1193 296 1233 κατ’
315 1192 451 1242 ἄλλην,
475 1193 622 1233 scilicet
640 1191 732 1238 ὁδόν,
747 1205 770 1230 e
801 1189 1032 1230 melioribus
1062 1190 1210 1229 codici-

160 1253 234 1292 bus
262 1252 371 1292 edidi
392 1265 466 1305 pro
488 1252 644 1302 vulgata
671 1251 867 1303 scriptura
897 1248 975 1288 κατ’
1003 1248 1124 1287 ἄλλον.
1154 1269 1210 1279 -

159 1310 190 1334 ⁹¹
227 1312 441 1363 Diogenem
478 1310 664 1360 intelligit
713 1307 996 1359 Babylonium,
1046 1306 1209 1345 Panaetii

160 1378 453 1423 preceptorem.
476 1385 532 1399 ·—
563 1367 599 1392 ’²
630 1367 819 1407 Virtutem
851 1378 1079 1418 corpoream
1117 1377 1203 1404 esse

158 1429 279 1469 Stoici
298 1430 505 1468 censebant
518 1436 700 1478 negantes
713 1439 797 1467 eam
813 1425 975 1464 dit'l'erre
993 1437 1016 1462 a
1032 1425 1211 1477 principe

160 1487 282 1527 animi
298 1495 407 1540 parte
416 1495 551 1539 quzeet
570 1486 655 1538 ipsa
667 1497 858 1537 corporea
870 1491 977 1523 estet
993 1492 1097 1523 recta
1111 1485 1211 1523 ratio

159 1555 332 1587 vocatur.
376 1545 505 1593 Quum
538 1546 644 1584 enim
691 1545 864 1583 animum
902 1555 1133 1595 corporeum
1167 1556 1211 1582 ac

160 1604 400 1646 tractabilem
417 1605 709 1654 existimarent,
729 1603 846 1643 simul
867 1602 1035 1641 virtutes
1053 1602 1102 1641 ad
1121 1602 1208 1654 ejus

159 1664 414 1706 substantiam
429 1663 661 1704 referebant.
676 1662 766 1703 Vid.
777 1662 883 1715 Lips.
898 1662 1058 1701 Manud.
1075 1661 1148 1710 111,
1165 1676 1205 1704 α.

159 1745 215 1756 --
239 1722 277 1748 ⁰³
297 1723 384 1764 ruit
401 1723 484 1763 haec
498 1722 579 1776 jam
599 1722 771 1762 Zenonis
788 1721 837 1760 de
854 1722 985 1761 anima
998 1721 1203 1769 sententia,

160 1784 225 1823 cui
242 1791 379 1837 postea
396 1782 540 1822 assensi
559 1790 650 1821 sunt
671 1782 874 1834 Antipater
890 1788 929 1819 et
956 1779 1208 1821 Posidonius.

159 1842 279 1892 Diog.
312 1840 442 1881 Laert.
462 1839 550 1888 Vll,
577 1840 649 1889 157
676 1853 685 1878 ε
707 1838 828 1886 Ζήνων
856 1839 893 1878 tl
920 1840 940 1878 ὁ
966 1838 1125 1889 Κιτιεύς,
1150 1838 1212 1878 καὶ

161 1899 390 1953 Ἀντίπατρος
414 1899 450 1939 εν
478 1903 551 1942 τοῖς
580 1898 662 1951 περὶ
692 1900 833 1951 ψυχῆς,
864 1896 926 1936 καὶ
958 1896 1211 1946 Ποσειδώνιος,

160 1963 301 2010 πνεῦμα
327 1958 494 2012 ἔνθερμον
523 1950 611 1997 εἶναι
635 1956 699 2004 τὴν
725 1955 860 2011 ψυχήν.
878 1977 935 1987 -
952 1954 987 1983 ⁹⁴
1009 1955 1123 1995 Edidi
1150 1956 1211 1995 τὸν

160 2020 230 2058 τῖεν
246 2015 460 2070 ἡμιόμὸων;
483 2016 598 2056 codd.
619 2015 659 2055 τὸ
674 2017 744 2055 τῶν
772 2013 1049 2066 ήμιομὸειαίων.
1068 2014 1212 2054 Sensus

160 2071 218 2117 est
239 2077 486 2130 perspicuus.
512 2075 806 2127 Comparantur
825 2073 1002 2113 homines
1030 2087 1118 2112 cum
1146 2073 1212 2112 he·

161 2136 370 2177 mistichiis
399 2134 595 2175 iambicis.
624 2134 814 2181 Quamvis
835 2134 939 2173 enim
973 2132 1131 2172 iambici
1151 2132 1211 2173 illi

161 2207 298 2235 versus
315 2194 364 2233 ad
395 2206 516 2233 unum
539 2205 675 2232 omnes
694 2205 744 2231 ex
772 2201 854 2231 arte
882 2191 1121 2242 scribantur,
1154 2199 1212 2230 ta·

162 2266 251 2294 men
269 2253 459 2305 singulari
484 2252 652 2291 artificio
670 2251 831 2304 perfecti
855 2250 1040 2291 videntur
1055 2250 1212 2290 dimetri

161 2312 357 2353 acatalecti
374 2341 386 2359 ,
409 2320 447 2350 at
470 2311 644 2350 numeris
668 2310 750 2349 suis
770 2323 849 2349 non
881 2309 1050 2349 absoluti
1076 2309 1214 2348 catale-

162 2368 269 2409 ctici.
285 2370 475 2410 Similiter
495 2370 600 2409 inter
619 2369 798 2409 homines
816 2368 865 2407 ad
878 2368 1117 2408 honestatem
1143 2381 1214 2407 na-

164 2434 223 2466 tos
241 2428 478 2481 virtutisque
496 2428 668 2468 cultores
688 2428 851 2481 perfecti
872 2436 963 2467 sunt
984 2426 1120 2480 probi,
1139 2428 1212 2466 im·

164 2487 325 2539 perfecti
353 2487 548 2528 habentur
572 2487 762 2541 improbi.
784 2490 842 2527 De
867 2500 1052 2526 versuum
1072 2499 1214 2537 genere

164 2544 247 2596 tege
258 2545 391 2587 Schol.
406 2546 454 2586 ad
468 2546 651 2586 Nicandri
661 2546 782 2587 Ther.
798 2561 834 2588 v.
851 2548 927 2596 377
945 2554 983 2586 ct
994 2549 1208 2588 Hermann.

1271 899 1452 951 plerique
1484 901 1547 952 τῷ.
1573 921 1628 930 -
1648 898 1699 923 '⁰³
1731 899 1879 939 Mutavi
1905 897 2084 937 codicum
2110 897 2318 937 lectionem

1271 957 1524 998 καταλείπουσι
1557 959 1600 997 in
1621 961 1891 1012 καταριθμοῦσι.
1917 979 1972 988 --
2000 956 2051 985 ‘⁰⁴
2074 956 2191 996 Edidi
2211 972 2316 1010 περι-

1271 1017 1444 1070 γράφουσι
1463 1016 1609 1068 rejecta
1628 1017 1940 1056 membranarum
1962 1016 2157 1068 scriptura
2176 1014 2324 1069 ἐπιγρά-

1271 1090 1387 1129 φουσι.
1412 1097 1468 1106 —-
1498 1075 1549 1099 ⁴⁰⁵
1581 1076 1730 1127 Scripsi
1768 1077 1822 1115 ἐπ’
1844 1073 1992 1127 ἄρετήν;
2014 1073 2131 1113 codd.
2156 1074 2215 1112 ἐπὶ
2240 1075 2321 1112 κατ’

1271 1136 1415 1188 ἀρετήν.
1445 1157 1501 1166 —-
1521 1133 1571 1158 ¹⁰⁶
1594 1135 1686 1174 Vid.
1720 1135 1834 1185 Diog.
1863 1138 1993 1175 Laert.
2017 1132 2111 1181 Vll,
2147 1146 2237 1184 1¹9·
2270 1155 2323 1164 —

1273 1194 1322 1218 '⁰¹
1342 1194 1493 1247 Scripsi
1513 1193 1801 1248 συγκαταὸἧναι;
1834 1193 1927 1232 libri
1961 1192 2222 1244 συγκαθηκέναι
2258 1193 2320 1232 vel

1271 1255 1592 1307 συγκεκαθεικέναι.
1642 1276 1695 1285 -
1737 1252 1786 1276 ‘⁰⁸
1819 1253 1916 1299 Quae
1950 1251 2125 1291 Stobaeus
2158 1251 2202 1290 δι’
2232 1251 2323 1291 αὑτὰ

1272 1312 1394 1366 αἱρετὰ
1412 1323 1451 1353 et
1469 1313 1638 1362 ποιητικὰ
1662 1322 1798 1362 vocat,
1819 1325 1865 1351 ea
1892 1310 1996 1364 apud
2021 1311 2236 1361 Diogenem
2256 1326 2319 1351 τε-

1270 1372 1354 1411 λικὰ
1371 1381 1411 1412 et
1427 1373 1595 1421 ποιητικὰ
1612 1372 1874 1426 appellantur.
1911 1371 1978 1411 Sic
1996 1370 2101 1409 enim
2129 1370 2325 1420 Diogenes

1270 1430 1359 1479 Vll,
1381 1433 1432 1481 96
1450 1430 1527 1471 εέτι
1541 1434 1611 1470 τῶν
1633 1433 1772 1482 ἀγαθῶν
1790 1428 1836 1468 τὰ
1863 1428 1927 1479 μὲν
1942 1423 2030 1467 εἶναι
2050 1427 2193 1475 τελικά,
2221 1428 2265 1467 τὰ
2288 1430 2324 1468 δὲ

1270 1490 1451 1538 ποιητικά.
1464 1490 1583 1530 Addit
1597 1491 1754 1530 tertium
1766 1501 1888 1540 genus
1902 1501 1923 1526 a
1936 1486 2090 1526 Stobaeo
2104 1488 2319 1537 neglectum

1272 1547 1318 1587 τὰ
1335 1548 1372 1587 δὲ
1398 1548 1520 1588 τελικὰ
1542 1549 1603 1588 καὶ
1619 1547 1790 1595 ποιητικά
1815 1559 1938 1599 eaque
1966 1546 2100 1584 omnia
2130 1547 2321 1598 exemplis

1272 1607 1454 1649 illustrat.
1484 1630 1540 1637 --
1570 1605 1621 1630 ⁴⁰⁹
1644 1606 1858 1646 Dicendum
1893 1606 2010 1644 etiam
2048 1614 2150 1655 erat,
2185 1615 2321 1658 quate-

1273 1678 1346 1705 nus
1366 1665 1515 1705 bonum
1534 1674 1638 1704 esset
1657 1663 1881 1716 δοκιμαστόν.
1909 1663 2171 1711 Quamobrem
2202 1677 2325 1717 pauca

1272 1724 1336 1764 hic
1354 1725 1548 1764 excidisse
1572 1723 1820 1776 conjicimus.
1853 1745 1908 1755 —
1937 1720 1987 1746 ⁴⁸⁰
2005 1723 2126 1762 Posui
2158 1725 2321 1775 ὑπολαμ-

1274 1781 1385 1836 Εαίνῃς
1416 1783 1532 1823 codd.
1566 1782 1894 1835 καθυπολαμὸἄνοι.
1923 1806 1977 1813 —-
2001 1782 2046 1806 '⁴⁸
2077 1784 2186 1823 Bona
2213 1786 2323 1824 vide-

1274 1843 1366 1883 licet
1393 1857 1481 1895 quae
1505 1857 1555 1882 ex
1573 1843 1697 1882 animi
1715 1846 1819 1883 statu
1834 1842 2019 1896 pendent,
2039 1846 2232 1894 quatenus
2262 1845 2322 1883 vel

1273 1903 1488 1942 concitatus
1522 1903 1584 1941 vel
1615 1903 1852 1955 tranquillus
1885 1911 1957 1943 est.
1993 1924 2046 1933 —-
2092 1903 2140 1927 '⁶²
2177 1904 2324 1944 Mutavi

1275 1962 1591 2001 membranarum
1622 1963 1858 2014 scripturam
1897 1961 2066 2009 ἐκλεκτὴν
2090 1963 2130 2002 in
2167 1963 2324 2002 ἐκλεκτι-

1273 2021 1355 2068 κήν.
1383 2042 1437 2051 -
1454 2018 1505 2045 ¹⁸³
1534 2020 1797 2074 Opponebant
1827 2022 1957 2074 primo
1978 2022 2096 2061 Stoici
2120 2022 2321 2061 scientiam

1273 2079 1359 2118 sive
1376 2088 1518 2118 certam
1538 2080 1801 2130 cognitionem
1821 2079 2001 2132 opinioni
2018 2079 2142 2132 (δόξῃ)
2162 2094 2324 2133 eamque

1274 2151 1323 2177 ex
1341 2147 1447 2177 certa
1462 2138 1812 2192 comprehensione
1827 2138 2076 2192 (καταλήψει)
2108 2140 2169 2178 vel
2199 2153 2222 2179 e
2238 2153 2326 2193 per·

1274 2196 1525 2250 ceptionibus
1554 2197 1804 2250 (φαντασίαις)
1821 2206 1924 2237 recte
1944 2199 2122 2237 assumtis
2141 2198 2238 2238 oriri
2261 2199 2326 2238 do·

1274 2255 1425 2295 cebant.
1447 2256 1642 2308 Diogenes
1666 2256 1841 2296 Laertius
1856 2255 1944 2303 Vll,
1965 2263 2012 2306 [07
2035 2272 2044 2296 ι
2067 2256 2176 2304 αὐτήν
2201 2273 2239 2296 τε
2261 2256 2326 2306 τὴν

1276 2313 1479 2366 ἱπιστῆμην
1501 2314 1642 2368 φασὶνῆ
1662 2315 1860 2369 κατάληψιν
1874 2316 2016 2369 ἀσφαλῆ
2030 2346 2040 2365 ,
2058 2315 2081 2364 ἢ
2104 2315 2171 2362 ἴξιν
2188 2317 2222 2355 ἰν
2239 2331 2326 2371 φαν-

1274 2375 1405 2412 τασιῶν
1418 2372 1623 2425 προσδέξει,
1636 2373 1888 2423 ἀμετάπτωτον
1910 2373 1979 2412 ὑπὸ
1999 2373 2117 2426 λόγου.
2143 2374 2326 2428 Reliquas

1274 2432 1444 2471 scientia!
1474 2432 1723 2471 definitiones
1760 2433 1868 2472 solus
1897 2433 2013 2471 habet.
2043 2433 2238 2474 Stobaeus.
2271 2456 2326 2466 —

1276 2490 1324 2514 ’Ν
1345 2490 1462 2530 Posui
1484 2494 1609 2538 αὐτοῦς
1638 2490 1753 2531 codd.
1775 2492 1881 2531 αὐτοῦ
1909 2491 1966 2531 vel
1993 2493 2123 2533 αὐτῶν.
2143 2514 2197 2524 --
2219 2493 2268 2518 '¹³
2288 2495 2323 2533 lv

1275 2548 1363 2602 τόνῳ
1382 2549 1616 2602 simpliciter
1630 2549 1727 2588 dicit
1754 2563 1827 2602 pro
1856 2551 1891 2589 ίν
1911 2553 1962 2603 τῷ
1978 2552 2041 2597 τῆς
2071 2552 2188 2605 ψυχῆς
2216 2552 2318 2606 τόνῳ.

164 2601 287 2646 Elem.
307 2604 434 2646 doctr.
466 2614 580 2645 metr.
603 2618 693 2658 pag.
726 2606 817 2656 39¹·
847 2605 943 2655 397.
975 2626 1030 2635 —
1055 2603 1090 2629 ⁹⁵
1112 2604 1213 2644 Exa—
1243 2629 1246 2676 1
1276 2607 1364 2647 Fuit
1388 2617 1514 2647 autem
1544 2607 1624 2647 haec
1654 2607 1865 2662 Chrysippi
1882 2609 2071 2650 doctrina.
2098 2611 2175 2657 Qui
2203 2625 2323 2663 quum

165 2663 248 2703 ravi
279 2666 299 2703 ὁ
321 2667 401 2704 νοῦν
422 2663 512 2718 ἔχων
538 2664 602 2703 καὶ
620 2664 863 2712 διαλεκτικῶςς
886 2662 1000 2704 codd.
1024 2662 1114 2703 κατὰ
1131 2667 1212 2703 νοῦν
1244 2683 1245 2686 ’

164 2722 256 2777 ἔχων
279 2722 341 2763 καὶ
366 2724 603 2768 διαδικτικῶς.
640 2722 734 2763 Nam
767 2723 988 2762 Stoicorum
1018 2722 1212 2774 judicium

1276 2667 1316 2705 in
1334 2666 1596 2719 comparanda
1619 2666 1740 2707 animi
1767 2676 1807 2707 et
1822 2669 2001 2721 corporis
2030 2668 2253 2709 valetudine
2271 2681 2326 2710 at-

1275 2739 1351 2777 que
1367 2725 1406 2764 in
1422 2726 1625 2778 utriusque
1639 2726 1898 2766 similitudine
1909 2726 2139 2780 explicanda
2153 2728 2324 2768 studium

166 2782 261 2833 suit,
281 2783 386 2823 solos
415 2783 610 2836 sapientes
628 2795 712 2822 esse
742 2782 981 2835 eloquentes.
1015 2782 1097 2821 tluc
1125 2796 1213 2835 spe·
1243 2800 1247 2859 1
1275 2793 1542 2832 consumeret,
1580 2798 1791 2825 nervorum
1824 2799 1981 2838 quoque
2012 2786 2229 2827 firmitatem
2263 2790 2324 2828 vel

165 2850 269 2882 etant
288 2855 376 2895 qua!
393 2842 496 2882 infra
515 2842 696 2893 leguntur
717 2842 820 2892 μόνον
835 2842 893 2881 τὸν
909 2840 1013 2893 σοφὸν
1038 2841 1212 2880 διαλικτι·
1243 2861 1247 2903 3
1277 2843 1538 2882 infirmitatem
1553 2873 1564 2894 ,
1589 2857 1639 2884 ex
1666 2858 1743 2897 qua
1761 2846 1941 2898 corporis
1962 2845 2059 2891 τόνος
2088 2846 2238 2898 pendet,
2277 2849 2325 2887 ad

166 2901 242 2943 κόν.
260 2901 322 2942 Cf.
340 2902 456 2952 Βίης.
480 2900 612 2941 laert.
632 2900 703 2942 lib.
722 2900 810 2950 vn,
838 2914 926 2940 naa.
948 2898 1048 2931 —⁹⁶
1067 2901 1212 2953 Scripsi

166 2958 253 3012 πρὸς
272 2958 393 3013 “W‘'
417 2953 525 2999 οὖσαν
544 2957 608 3005 τὴν
627 2959 682 2999 ἃττ’
700 2958 850 3013 ἀρετήνς
874 2957 1111 2997 membratim
1128 2959 1213 3012 πρὸς
1244 2985 1247 2991 ,

167 3017 289 3071 τρίψιν
303 3017 382 3071 [vel
400 3017 544 3072 τρίψιν]
558 3011 666 3058 οὖσαν
682 3019 740 3058 tul
750 3017 814 3064 τὴν
828 3017 909 3056 κατ’
928 3016 1069 3069 ἀρετήν.
1090 3018 1215 3057 Voca-

169 3074 304 3115 bulum
326 3075 446 3130 τρίψις
465 3090 539 3129 pro
555 3077 669 3130 τροπή
685 3076 865 3117 adhibuit
883 3077 999 3115 etiam
1020 3077 1215 3128 Diogenes

170 3134 349 3175 laertius
367 3134 454 3183 vn,
479 3149 493 3175 ι
506 3150 568 3185 ¹7-
589 3136 687 3175 Cum
721 3136 795 3175 hoc
831 3136 917 3174 loco
950 3136 1210 3177 conserendus

170 3192 399 3233 Plutarchus
413 3194 488 3247 Op.
501 3193 536 3234 ΙΙ
553 3208 594 3248 p.
619 3195 732 3243 1073,
751 3194 801 3233 B:
817 3194 906 3245 θήρα
926 3194 995 3247 γάρ
1011 3209 1076 3241 τις,
1092 3197 1212 3248 φασίν,

170 3253 191 3291 δ
201 3249 287 3305 lpas<
303 3253 444 3296 ἀτελοῦς
458 3253 521 3304 μὶν
540 3252 699 3297 εὐτελοῦς
712 3251 748 3292 δὶ
766 3253 949 3304 μειρακίω
963 3252 1050 3305 πρὸς
1069 3253 1213 3306 ἀρετήν.

169 3330 226 3343 -
242 3309 277 3335 θ’
309 3310 352 3350 ln
375 3312 536 3352 eandem
563 3312 791 3352 sententiam
815 3312 1008 3362 Diogene·
1040 3311 1217 3353 Laertius

171 3368 258 3417 Vll,
277 3382 375 3422 ¹²92
394 3371 455 3410 καὶ
474 3370 725 3425 ίρασθήοεσθαι
740 3373 799 3411 τὸν
815 3371 920 3423 σοφὸν
936 3372 1006 3410 τῶν
1018 3370 1126 3420 νίων,
1147 3374 1216 3412 τῶν

173 3426 409 3480 ips-«mm
417 3429 474 3469 διὰ
486 3432 546 3468 τοῦ
560 3428 669 3473 εἴδους
684 3429 747 3476 τὴν
758 3429 844 3481 πρὸς
858 3429 984 3481 ἀρετὴν
999 3429 1154 3484 εὐφυίαν,
1169 3430 1217 3477 ὥς

175 3498 261 3538 φησι
293 3485 417 3535 Ζήνων
435 3488 471 3527 ἒν
489 3490 534 3540 τῇ
564 3487 721 3542 πολιτεία
732 3517 743 3535 ,
776 3488 836 3528 καὶ
869 3489 1075 3543 Χρύσιππος
1101 3490 1136 3529 ἒν
1163 3491 1216 3544 τῷ

1275 2903 1446 2941 animum
1463 2901 1636 2943 traduxit
1652 2903 1767 2956 eique
1786 2903 1884 2944 τόνον
1902 2904 2094 2957 quendam
2115 2905 2200 2944 sive
2215 2906 2326 2956 vigo-

1277 2974 1375 3013 rem,
1400 2964 1466 3014 qui
1494 2962 1650 3002 additus
1669 2963 1840 3012 εὐτονίαν,
1865 2964 2017 3004 demtus
2037 2964 2177 3004 ἀτονίαν
2197 2966 2325 3006 effice·

1276 3029 1345 3067 ret,
1378 3019 1532 3061 tribuit.
1562 3021 1644 3061 lloc
1671 3022 1719 3062 de
1749 3023 1971 3076 Chrysippo
2005 3024 2138 3076 prodit
2156 3024 2326 3065 Galenus

1275 3078 1348 3132 Op.
1371 3077 1420 3118 Π
1442 3094 1481 3133 p.
1506 3086 1599 3130 427,
1619 3082 1744 3121 allatis
1772 3082 1898 3135 ipsius
1915 3082 2139 3136 philosophi
2159 3084 2290 3124 verbis
2313 3099 2321 3123 ε

1276 3138 1328 3178 ἔτι
1346 3139 1407 3179 καὶ
1426 3141 1474 3185 ὥς
1496 3140 1589 3180 κατὰ
1609 3141 1711 3190 τοὺς,
1737 3141 1771 3181 οἵ
1798 3141 1856 3181 tal
1884 3145 1946 3182 τοῦ
1970 3143 2130 3192 σώματος
2150 3144 2323 3195 λέγονται,

1276 3196 1393 3242 τόνους
1408 3196 1525 3238 ἄτονοι
1552 3199 1613 3239 καὶ
1631 3199 1759 3241 (noval
1775 3201 1881 3251 ἐσμεν
1902 3202 1994 3240 κατὰ
2014 3202 2053 3240 τὸ
2074 3202 2251 3254 νευρῶδες,
2275 3205 2325 3256 τῷ

1276 3254 1444 3296 δύνασθαι
1452 3256 1577 3308 ἡμᾶςῆ
1595 3260 1777 3299 ἀδυνατεῖν
1797 3258 1831 3298 ίν
1850 3260 1922 3304 τοῖς
1933 3260 1989 3300 διὰ
2006 3260 2135 3299 τούτων
2144 3262 2324 3301 inunm-

1275 3313 1391 3364 μόνοις
1407 3315 1533 3370 Ιργοις,
1546 3318 1607 3358 καὶ
1624 3320 1643 3357 6
1662 3319 1697 3357 ἐν
1711 3321 1754 3371 τῇ
1771 3319 1869 3371 ψυχῇ
1885 3318 2023 3369 λέγεται
2039 3318 2151 3365 τόνος,
2166 3321 2213 3361 ὥς
2227 3320 2325 3357 εὔτο-

1276 3373 1333 3413 νία
1349 3374 1410 3415 καὶ
1430 3375 1564 3417 ἀτονία.
1582 3375 1695 3417 cont.
1727 3376 1886 3416 Salmas.
1905 3377 1952 3415 ad
1981 3376 2154 3429 Simplic.
2175 3377 2216 3416 in
2238 3376 2327 3430 Epi-

1277 3442 1364 3473 ctet.
1380 3434 1530 3475 Comm.
1550 3449 1590 3487 p.
1619 3436 1685 3486 95.
1704 3457 1756 3466 —
1775 3434 1825 3458 ¹¹⁶
1842 3435 1939 3474 Cum
1955 3435 2076 3474 Stoici
2099 3448 2323 3488 perannum

1277 3491 1485 3543 haberent,
1516 3494 1710 3548 sapientes
1738 3507 1826 3534 cum
1845 3495 1894 3534 iis
1925 3502 2071 3533 tantum
2100 3495 2168 3547 qni
2189 3495 2322 3535 eodem
