2606 3828
329 269 401 302 262
1061 246 1371 289 cYMCORUM
1400 241 1735 283 FRAGMENTA.

325 350 428 390 istud
457 348 660 388 consilium
683 345 870 396 abjecisse
891 342 984 393 (14).
1012 343 1135 389 Atque
1165 338 1237 374 hoc
1269 335 1359 386 qui-

325 411 411 448 dem
435 409 568 448 secisse
581 406 781 455 Gorgiam,
799 414 916 454 quum
932 401 974 437 in
992 407 1196 446 utramque
1211 402 1357 446 partem

325 470 541 520 disputaret
569 465 816 515 singulasque
853 473 916 498 res
946 457 1062 495 modo
1093 462 1250 503 augeret
1281 452 1360 490 lau-

325 527 452 565 dando
469 525 561 578 (15),
588 524 702 562 modo
717 517 972 570 vituperando
997 527 1131 554 rursus
1146 513 1358 562 affligeret,

326 599 445 637 supra
464 584 703 623 ostendimus
720 579 814 631 (16).
838 577 969 627 Neque
997 574 1122 613 solum
1146 585 1232 610 cum
1261 570 1359 609 Gor·
1379 591 1383 595 ·

324 645 405 693 gia,
436 644 502 682 sed
522 656 607 681 cum
625 641 713 679 aliis
733 639 847 676 etiam
866 633 1052 686 sophistis
1081 630 1359 671 commercium

323 702 501 740 habuisse
520 699 784 739 Antisthenem
800 725 810 742 ‚
838 694 950 743 signo
979 700 1069 730 sunt
1087 690 1258 730 Socratis
1277 690 1360 741 (¹7)

322 760 442 799 verba
461 760 562 811 apud
582 756 874 808 Xenophontem
907 752 1072 793 Conviv.
1096 764 1179 803 cap.
1210 764 1268 797 xv,
1294 752 1359 789 63.

322 819 515 858 Nimirum
544 817 705 855 Calliam
726 816 773 852 ab
804 827 849 851 eo
869 812 916 850 ad
944 811 1155 849 Prodicum
1187 818 1225 848 et
1259 809 1361 860 Hip-

323 879 425 928 piam
440 877 661 928 perductum
676 887 758 912 esse
775 879 924 910 narrat.
936 869 1190 918 Protagoram
1203 879 1360 918 quoque

323 936 357 973 ci
384 935 483 972 haud
519 934 693 983 ignotum
716 931 856 976 fuisse,
888 927 1083 979 suspicari
1107 926 1211 965 licet.
1231 925 1360 971 Quum

322 1002 445 1030 autem
478 992 569 1030 satis
608 991 676 1028 diu
710 1002 797 1027 cum
833 986 1021 1038 sophistis
1050 993 1227 1023 versatus
1261 991 1362 1022 esset

322 1051 565 1100 glorioseque
597 1049 681 1100 ipse
700 1047 931 1085 rhetoricam
959 1044 1175 1093 docuisset,
1206 1043 1360 1081 tandem

319 1118 503 1160 pertaesus
528 1117 794 1147 contortorum
814 1115 852 1144 et
866 1106 1127 1144 aculeatorum
1144 1103 1361 1153 sophisma-

321 1176 399 1205 tum
420 1167 613 1206 Socratem
634 1167 772 1207 audire
790 1165 910 1217 coepit
929 1164 1025 1214 (18).
1045 1162 1146 1200 Tum
1175 1175 1270 1200 vero
1290 1162 1362 1200 So-

318 1226 467 1263 craticae
501 1226 718 1276 disciplinae
747 1237 878 1262 amore
908 1222 1090 1261 incensus
1119 1220 1268 1259 dimisit
1294 1235 1361 1259 au-

317 1283 460 1322 ditores
502 1298 600 1335 quos
636 1284 685 1322 ad
714 1283 920 1321 dicendum
955 1279 1203 1325 instituebat,
1234 1279 1362 1330 iisque

321 1351 453 1380 auctor
475 1343 566 1387 fuit,
598 1352 639 1380 ut
665 1343 725 1381 sui
749 1341 851 1393 apud
881 1342 1076 1380 Socratem
1101 1338 1361 1389 condiscipuli

315 1401 464 1440 fierent.
492 1402 597 1447 Quin
617 1403 731 1440 etiam
740 1403 944 1445 >Socratem
961 1399 1077 1437 simul
1098 1398 1194 1436 adeo
1224 1398 1361 1436 dilexit

317 1467 431 1510 atque
453 1462 487 1498 ei
516 1461 558 1497 in
575 1460 728 1498 deliciis
750 1460 846 1507 fuit,
871 1467 914 1497 ut
931 1471 1129 1509 nunquam
1149 1466 1285 1509 postea
1311 1457 1360 1495 ab

317 1517 402 1567 ejus
419 1518 588 1556 amicitia
615 1531 655 1556 se
675 1526 894 1556 removeret
910 1526 948 1555 et
977 1517 1020 1554 in
1043 1516 1281 1554 fidelissimis
1309 1517 1357 1554 il-

316 1575 394 1614 lius
407 1576 612 1632 discipulis
632 1586 915 1615 numeraretur.
933 1575 1031 1614 Vere
1050 1576 1172 1625 igitur
1184 1575 1360 1614 Socrates

317 1635 420 1686 apud
457 1635 750 1687 Xenophontem
776 1636 982 1687 praedicat,
1007 1635 1289 1686 Apollodorum
1324 1644 1361 1673 et

315 1694 576 1750 Antisthenem
589 1705 776 1747 perpetuo
788 1695 866 1734 sibi
877 1695 1036 1733 comites
1047 1694 1246 1732 adhaerere
1259 1695 1290 1745 (1
1300 1695 1356 1744 9).

316 1752 422 1790 Adde
442 1753 547 1804 quod
566 1754 815 1793 Antisthenes
834 1767 882 1792 ex
900 1753 1051 1791 Piraeeo
1071 1752 1141 1792 ubi
1159 1753 1361 1791 habitabat

318 1812 494 1862 quotidie
511 1813 552 1850 in
574 1813 709 1851 urbem
730 1813 982 1864 proficiscens
1006 1812 1262 1862 quadraginta
1283 1821 1358 1851 sta·

317 1869 382 1907 dia
407 1871 595 1909 conficere
621 1870 792 1918 solebat,
824 1880 866 1909 ut
898 1871 1074 1920 'magistri
1112 1871 1360 1911 sermonibus

317 1927 518 1966 interesset
539 1929 636 1982 (2ο).
658 1930 752 1975 Quae
779 1944 866 1968 cum
895 1930 948 1967 ita
970 1930 1070 1977 sint,
1106 1930 1357 1969 Antisthenes

315 1987 358 2024 in
378 1986 647 2039 Xenophontis
666 1989 851 2027 convivio
875 1989 1027 2027 divitiis
1051 1989 1358 2038 suis-gloriatur,

315 2059 393 2082 non
424 2045 474 2083 iis
495 2046 652 2097 quidem
685 2061 781 2098 quas
817 2048 958 2097 vulgus
986 2048 1260 2098 concupiscat,
1293 2049 1360 2087 sed

318 2106 435 2141 animi
454 2104 569 2143 bonis
589 2119 675 2156 quae
688 2106 861 2144 Socratis
883 2105 1076 2144 beneficio
1091 2104 1168 2144 sib‘i
1189 2107 1360 2156 contige-

315 2162 395 2200 rint
412 2162 502 2215 (21).
519 2163 626 2202 Idem
639 2165 895 2214 interroganti
916 2164 1124 2214 magistro,
1142 2177 1236 2203 num
1254 2167 1359 2204 solus

317 2220 509 2259 neminem
530 2231 651 2272 amet,
690 2223 898 2275 respondet
919 2237 928 2260 ε
957 2227 1083 2261 Immo
1098 2237 1170 2273 per
1183 2226 1271 2260 deos
1287 2229 1361 2261 mi-

321 2283 511 2327 mortales,
542 2291 576 2319 te
603 2284 752 2331 quiclem
779 2284 1103 2320 vehementissime
1118 2282 1213 2334 (22).
1233 2282 1361 2328 Quare

317 2407 368 2438 καὶ
396 2406 531 2447 μάλιστα
547 2408 579 2440 ἐν
600 2412 638 2449 τῇ
651 2408 789 2450 Ἀληθείᾳ
806 2410 860 2440 καὶ
879 2412 946 2444 τοῖς
967 2412 1211 2450 προτρεπτικοῖς.
1227 2425 1269 2432 ——
1294 2410 1359 2451 (14)

317 2453 471 2493 Diogenes
492 2455 637 2487 Laertius
656 2455 711 2487 lib.
730 2457 788 2495 Vl,
804 2460 822 2487 2
839 2469 847 2488 :
864 2457 937 2497 φησὶ
957 2455 985 2488 δ’
999 2455 1175 2497 Ἕρμιππος
1195 2455 1242 2487 ὅτι
1255 2458 1361 2499 προεί-

315 2502 384 2544 λετο
397 2502 427 2533 ἐν
449 2507 486 2541 τῇ
512 2506 574 2533 τῶν
598 2502 742 2543 Ἰσθμίων
761 2503 928 2546 πανηγρρει
951 2502 1039 2544 ψέξαι
1063 2513 1095 2534 τε
1118 2502 1174 2533 καὶ
1200 2502 1360 2535 ἐπαινέσαι

317 2546 501 2586 Ἀθηναίους,
518 2549 693 2588 Θηὸαίους,
705 2549 979 2588 Λακεδαιμονίους·
1000 2549 1068 2580 εἶτα
1086 2549 1189 2589 μέντοι
1208 2553 1359 2591 παραιτή-

317 2596 444 2633 σασθαι,
463 2595 567 2626 ἰδόντα
583 2596 745 2631 πλείστους
762 2596 797 2627 ἐκ
808 2599 870 2627 τῶν
882 2595 1002 2628 πόλεων
1020 2596 1215 2637 ἀφιγμένους.
1233 2615 1275 2620 -
1290 2590 1359 2639 (15)

318 2640 428 2671 Cicero
447 2643 540 2673 Brut.
558 2650 629 2681 cap.
656 2645 705 2681 12,
721 2644 773 2674 47.
803 2660 845 2666 —-
865 2643 931 2684 (16)
948 2642 1031 2675 Vide
1046 2642 1302 2676 dissertationem
1322 2645 1362 2677 de

318 2687 445 2727 Gorgia.
455 2705 494 2711 —-
509 2689 575 2728 (17)
588 2689 764 2729 Xenophon
779 2690 914 2721 Conviv.
930 2691 1009 2731 cap.
1022 2691 1079 2722 IV.
1094 2694 1134 2723 63
1147 2690 1233 2732 [Vid.
1247 2691 1359 2733 fragm.

319 2734 371 2774 38]
390 2746 397 2765 ε
416 2735 484 2766 οἶδα
495 2735 561 2774 μέν,
578 2734 646 2773 ἔφη,
667 2745 703 2766 σε
715 2735 851 2767 Καλλίαν
867 2737 986 2767 τουτονὶ
1012 2738 1299 2779 προαγωγεύσαντα
1316 2743 1361 2780 τῷ

319 2784 406 2821 σοφῷ
430 2781 589 2823 Προδίκῳ,
612 2782 663 2813 ὅτε
692 2783 788 2824 ἑώρας
806 2786 916 2815 τοῦτον
945 2783 999 2823 μὲν
1023 2784 1202 2826 φιλοσοφίας
1226 2786 1360 2828 ἐρῶντα,

320 2827 435 2859 ἐκεῖνον
448 2829 481 2860 δὲ
494 2829 661 2870 χρημάτων
671 2829 826 2871 δεόμενον·
849 2830 919 2862 οἶδα
936 2831 969 2862 δέ
989 2841 1026 2861 σε
1041 2830 1148 2874 Ἱππίᾳ
1164 2836 1209 2874 τῷ
1227 2833 1341 2875 Ἠλείῳ
1351 2859 1359 2874 ,
1388 2848 1391 2854 ·

319 2872 392 2914 παρ’
410 2873 447 2905 οὗ
464 2874 551 2911 οὗτος
570 2876 623 2907 καὶ
651 2876 687 2907 τὸ
712 2877 898 2917 μνημονικὸν
918 2876 1040 2917 ἔμαθεν.
1061 2894 1102 2900 —-
1125 2879 1191 2918 (18)
1206 2879 1361 2919 Diogenes

318 2920 463 2952 Laertius
482 2921 534 2952 lib.
562 2923 617 2960 VI,
637 2926 655 2954 2
671 2934 679 2953 ι
695 2923 821 2963 ὕστερον
840 2922 873 2954 δὲ
889 2922 1041 2964 παρέὸαλε
1061 2924 1218 2966 Σωκράτει
1239 2927 1292 2958 καὶ
1308 2938 1361 2959 το·

320 2970 430 2999 σοῢτον
444 2968 544 2999 ὤνατο
566 2969 674 3009 αὐτοῦ,
696 2970 777 3001 ὥστε
792 2970 923 3011 παρῄνει
946 2972 1009 3006 τοῖς
1047 2972 1198 3010 μαθηταῖς
1219 2974 1360 3013 γενέσθαι

320 3014 405 3055 αὐτῷ
423 3015 496 3056 πρὸς
513 3015 678 3057 Σωκράτην
702 3017 914 3057 συμμαθητάς.
938 3016 1154 3057 Hieronymus
1175 3022 1284 3052 contra
1305 3022 1360 3053 Jo-

319 3060 386 3093 vin.
407 3063 448 3101 11,
470 3064 505 3094 14
524 3074 532 3094 :
555 3062 755 3095 Antisthenes
776 3072 877 3104 quum
891 3063 1027 3105 gloriose
1043 3063 1203 3098 docuisset
1228 3067 1362 3099 rhetori-

320 3116 389 3139 cam
405 3108 607 3149 audissetque
637 3110 822 3149 Socratem,
852 3110 972 3142 dixisse
996 3110 1099 3142 fertur
1128 3112 1169 3143 ad
1188 3112 1361 3155 discipulos

319 3163 394 3185 suos
418 3166 426 3186 :
445 3154 537 3187 Abite
551 3157 582 3187 et
596 3156 784 3196 magistrum
802 3157 955 3197 quaerite,
970 3165 1027 3197 ego
1044 3157 1128 3188 enim
1142 3158 1210 3198 jam
1226 3162 1360 3201 repperi.

315 3201 362 3245 j-
383 3200 449 3241 (19)
469 3202 645 3243 Xenophon
665 3202 840 3235 Memorab.
855 3203 915 3235 lib.
932 3205 993 3243 ΙΙΙ,
1015 3205 1071 3242 11,
1096 3207 1132 3237 17
1149 3213 1158 3236 z
1177 3206 1255 3238 ἀλλὰ
1270 3207 1361 3240 διὰτί

321 3246 390 3285 olet,
420 3248 487 3288 ἔφη,
509 3249 738 3290 Ἀπολλόδωρόν
755 3260 789 3281 τε
813 3249 901 3282 τόνδε
926 3250 979 3281 καὶ
998 3250 1187 3289 Ἀντισθένην
1217 3253 1362 3286 οὐδέποτέ

323 3304 382 3332 μου
397 3294 640 3336 ἀπολείπεσθαι;
656 3297 725 3328 κτλ.
742 3315 784 3323 -
800 3296 865 3337 (20)
882 3297 1040 3337 Diogenes
1067 3299 1211 3330 Laertius
1226 3299 1283 3331 lib.
1305 3302 1360 3340 vt,

322 3343 341 3369 2
361 3351 369 3370 ι
386 3341 479 3372 οἰκῶν
491 3353 524 3373 τε
542 3343 573 3373 ἐν
592 3344 743 3383 Πειραιεῖ,
761 3342 830 3375 καθ’
846 3343 981 3381 ἑκάστην
1000 3345 1117 3385 ἡμέραν
1130 3345 1200 3382 τοὺς
1213 3348 1360 3388 τετταρά-

322 3394 416 3418 κοντα
433 3389 575 3426 σταδίους
587 3390 681 3421 ἀνιὼν
700 3392 816 3429 ἢκουσε
834 3391 1027 3432 Σωκράτους.
1046 3409 1086 3415 —
1105 3393 1170 3432 (21)
1182 3394 1358 3434 Xenophon

322 3431 454 3465 Conviv.
475 3435 529 3474 lv,
541 3438 592 3467 34.
605 3436 676 3468 vid.
697 3437 807 3477 fragm.
827 3439 879 3469 61.
895 3454 937 3460 -
951 3437 1019 3480 (22)
1034 3439 1209 3480 Xenophon
1223 3440 1357 3472 conviv.

322 3476 413 3519 vlu,
429 3482 448 3511 4
469 3492 477 3512 ε
499 3481 538 3513 σὺ
556 3482 588 3514 δὲ
605 3482 708 3524 μόνος,
721 3484 749 3515 ὦ
772 3483 953 3522 Ἀντίσθενες
960 3507 971 3526 ,
990 3484 1111 3523 οὐδενὸς
1126 3485 1216 3528 δρᾷς;
1233 3488 1294 3519 Καὶ
1311 3487 1356 3529 μὰ

1423 346 1502 372 non
1520 331 1740 369 mirandum
1753 357 1763 376 ,
1791 341 1860 365 cur
1884 325 2062 363 Socrates
2081 323 2193 363 talem
2222 322 2464 375 discipulum

1420 392 1462 430 in
1483 404 1621 441 magno
1642 400 1794 439 semper
1820 386 1970 424 honore
1997 382 2192 422 habuerit.
2219 382 2352 421 'restes
2376 391 2468 421 sunt

1419 450 1498 489 illae
1513 448 1662 495 laudes,
1681 446 1825 498 quibus
1846 443 2058 481 militarem
2081 441 2318 481 Antisthenis
2333 440 2465 479 virtu-

1421 517 1512 556 tem,
1531 517 1573 546 ut
1597 520 1715 558 supra
1730 504 1917 549 vidimus,
1939 501 2096 540 ornavit
2109 501 2204 553 (23).
2217 500 2348 547 Quid?
2363 499 2469 552 quod
2486 540 2491 543 Α

1421 567 1528 605 illam
1560 575 1702 612 artem,
1745 574 1861 613 quam
1891 561 1978 612 ipse
2004 558 2233 606 exercebat,
2261 558 2466 598 hominum

1421 629 1523 665 inter
1551 639 1589 663 se
1620 621 1955 663 conciliandorum
1983 628 2123 671 praeter
2157 628 2316 658 caeteros
2347 619 2463 659 etiam

1426 684 1643 724 Antistheni
1664 681 1803 720 tribuit
1833 679 1937 731 (24)Ξ’
1963 682 2020 718 De
2037 678 2190 729 reliquo
2221 677 2344 717 libere
2366 677 2469 721 invi-

1423 757 1504 782 cem
1542 744 1603 781 vel
1636 739 1944 780 adhortabantur
1977 737 2040 776 vel
2071 737 2301 776 irridebant.
2334 735 2469 790 ltaque

1423 803 1600 841 Socrates
1642 813 1762 851 quum
1798 797 2069 837 Antisthenem
2107 796 2310 836 discissam
2356 796 2470 849 pallii

1422 869 1569 911 partem
1591 859 1767 897 consulto
1786 856 1989 912 hominum
2010 854 2138 894 oculis
2167 853 2362 906 subjicere
2390 854 2471 894 ani·
2507 878 2510 882 ·

1424 918 1718 965 madvertisset,
1741 917 1820 955 Per
1839 915 2002 968 pallium
2019 943 2030 962 ‚
2049 913 2179 966 inquit
2197 941 2208 961 ‚
2230 922 2344 954 tuam·
2352 912 2471 952 video

1423 978 1558 1028 gloriae
1597 976 1850 1029 cupiditatem
1882 974 1981 1026 (25).
2019 974 2167 1013 Rursus
2221 973 2470 1015 Antisthenes

1424 1036 1620 1075 Socratem
1640 1034 1926 1087 reprehendere
1942 1039 2020 1072 non
2037 1032 2219 1080 erubuit,
2236 1033 2342 1084 quod
2358 1031 2472 1072 Xan-

1422 1095 1607 1146 dzippen,
1624 1094 1835 1144 litigiosam
1865 1105 2052 1138 uxorem,
2078 1105 2157 1130 non
2183 1091 2278 1130 satis
2303 1105 2471 1130 coerce-

1422 1162 1482 1192 ret
1503 1154 1597 1205 (26).
1628 1153 1790 1205 Semper
1818 1165 1915 1190 vero
1936 1152 2164 1202 magistrum
2194 1159 2233 1190 et
2260 1150 2471 1190 honoravit

1423 1221 1461 1251 et
1477 1213 1598 1251 coluit
1617 1211 1710 1264 (27),
1746 1211 1840 1263 quia
1861 1225 1941 1249 non
1972 1220 2049 1249 tam
2068 1224 2210 1249 novam
2245 1209 2471 1262 disputandi

1423 1281 1541 1310 artem
1557 1272 1599 1310 in
1613 1270 1698 1322 ejus
1714 1270 1977 1318 sermonibus,
1992 1283 2109 1322 quam
2121 1269 2229 1308 illam
2242 1268 2469 1322 patientiam

1422 1340 1460 1369 et
1479 1331 1665 1369 duritiam
1688 1329 1927 1376 adamasset,
1962 1342 2079 1380 quam
2099 1330 2184 1380 ipse
2204 1326 2382 1367 moribus
2408 1336 2471 1366 to-

1424 1399 1539 1443 taque
1573 1390 1657 1437 vita
1699 1389 1894 1429 imitando
1928 1388 2150 1441 exprimere
2192 1385 2342 1425 studuit
2374 1385 2467 1438 (28).

1423 1450 1597 1502 Namque
1614 1449 1757 1502 partim
1775 1448 1823 1486 ad
1837 1447 2133 1498 intelligendam
2153 1443 2371 1484 disserendi
2383 1443 2472 1484 sub·

1424 1511 1622 1558 tilitatem,
1642 1509 1785 1561 partim
1820 1508 1869 1546 ad
1889 1505 2182 1559 adipiscendam
2211 1503 2472 1558 persuadendi

1424 1569 1667 1620 docendique
1698 1568 1918 1607 facultatem
1945 1567 2086 1605 durum
2119 1579 2164 1604 ac
2205 1564 2357 1604 tardum
2386 1563 2473 1615 ejus

1425 1628 1544 1666 fuisse
1571 1626 1792 1676 ingenium,
1812 1639 1901 1664 cum
1920 1625 1995 1663 ista
2011 1637 2127 1676 quam
2148 1630 2284 1675 postea
2309 1635 2471 1675 compo-

1424 1686 1502 1726 suit
1517 1684 1778 1737 philosophiae
1795 1683 1964 1722 formula
1973 1683 2158 1732 declarat,
2174 1690 2256 1719 tum
2270 1680 2383 1719 Plato
2391 1680 2474 1732 (29)

1421 1838 1492 1876 τοὺς
1505 1838 1605 1875 θεούς,
1630 1838 1715 1870 εἶπεν
1740 1838 1876 1876 ἐκεῖνος,
1889 1837 1954 1869 ’καὶ
1975 1836 2093 1877 σφόδρα
2117 1845 2153 1874 γε
2169 1836 2240 1867 σοῦ.
2258 1851 2301 1861 -
2314 1833 2381 1874 (23)
2397 1833 2473 1867 Vid-

1425 1889 1541 1918 Annot.
1561 1890 1609 1918 10.
1625 1902 1662 1908 -
1679 1885 1745 1926 (24)
1761 1884 1941 1925 Xenophon
1959 1883 2099 1916 conviv.
2119 1884 2177 1921 lv,
2195 1885 2235 1914 62
2255 1879 2343 1923 [vid.
2359 1880 2473 1921 fragm.

1422 1932 1475 1974 38]
1492 1946 1499 1965 :
1520 1934 1591 1964 οἶδα
1610 1933 1676 1974 μέν,
1699 1933 1768 1974 ἔφη,
1785 1944 1822 1965 σε
1839 1931 1975 1964 Καλλίαν
1988 1931 2110 1963 τουτονὶ
2132 1928 2420 1971 προαγωγεύσαντα
2428 1930 2475 1968 τῷ

1421 1984 1508 2022 σοφῷ
1534 1981 1699 2022 Προδίκῳ,
1724 1981 1775 2012 ὅτε
1799 1980 1896 2023 ἑώρας
1921 1983 2031 2012 τοῦτον
2049 1978 2104 2018 μὲν
2130 1976 2312 2020 φιλοσοφίας
2335 1976 2474 2018 ἐρῶντα,

1423 2028 1539 2059 ἐκεῖνον
1554 2027 1587 2059 δὲ
1604 2028 1773 2070 χρημάτων
1786 2027 1944 2068 δεόμενον·
1963 2027 2034 2059 οἶδα
2043 2026 2078 2060 δέ
2098 2036 2136 2058 σε
2147 2024 2255 2066 Ἱππίᾳ
2271 2027 2318 2065 τῷ
2341 2020 2473 2066 Ἠλείῳ,

1421 2074 1496 2116 παρ’
1513 2074 1549 2106 οὔ
1573 2074 1663 2111 οὗτος
1687 2075 1740 2106 καὶ
1766 2075 1802 2107 τὸ
1817 2074 2006 2116 μνημονικὸν
2023 2074 2148 2115 ἔμαθεν.
2165 2091 2206 2100 ·-
2229 2072 2296 2112 (25)
2314 2071 2475 2112 Diogenes

1422 2123 1567 2154 Laertius
1580 2121 1635 2152 tib.
1650 2123 1707 2160 vt,
1726 2124 1744 2154 8
1763 2135 1770 2153 z
1786 2122 1972 2163 στρέψαντος
1984 2120 2081 2154 αὐτοῦ
2097 2120 2134 2152 τὸ
2150 2118 2317 2162 διερῤωγός
2332 2121 2389 2155 τοῦ
2404 2118 2473 2160 τρί-

1419 2170 1517 2205 ὃωνος
1540 2169 1583 2204 εἰς
1597 2169 1633 2200 τὸ
1650 2169 1815 2209 προφανές,
1835 2167 2002 2208 Σωκράτης
2021 2166 2097 2198 ἰδών
2113 2174 2222 2207 φησιν·
2238 2165 2325 2206 ‘opo
2344 2175 2404 2198 σου
2423 2165 2475 2198 διὰ

1417 2218 1474 2248 τοῦ
1493 2215 1639 2257 τρίὸωνος
1662 2215 1717 2252 τὴν
1730 2214 1915 2256 φιλοδοξίαν.
1938 2214 2034 2247 Conf.
2054 2213 2112 2245 lib.
2128 2215 2172 2253 Il,
2191 2215 2242 2245 36.
2263 2211 2381 2246 AElian.
2400 2220 2471 2245 var.

1419 2262 1497 2294 hist.
1514 2261 1569 2294 lib.
1587 2263 1644 2299 lx,
1659 2264 1699 2294 35
1714 2274 1722 2294 t
1738 2262 1756 2293 ὁ
1771 2261 1805 2294 δὲ
1814 2261 1980 2304 Σωκράτης
1995 2260 2071 2293 ἰδὼν
2083 2261 2136 2292 τὸν
2156 2258 2327 2298 Ἀντισθένη
2341 2259 2379 2292 τὸ
2390 2257 2474 2300 stat}-

1421 2309 1520 2352 ῥωγὸς
1536 2308 1662 2349 ἱματίου
1681 2309 1770 2350 μέρος
1787 2307 1834 2340 ἀεὶ
1853 2310 2004 2340 ποιοῦντα
2025 2306 2167 2349 φανερόν·
2195 2306 2244 2338 Οὐ
2259 2306 2389 2346 παύση,
2402 2306 2472 2345 ἔφη,

1421 2354 1723 2397 ὲγῑιαλλωπιζὸμενος
1737 2356 1831 2395 ὑμῖν;
1847 2371 1889 2378 —--
1904 2353 1970 2395 (26)
1991 2354 2171 2395 xenophon
2183 2353 2318 2386 Conviv.
2340 2354 2387 2394 11,
2407 2357 2469 2386 10:

1421 2404 1474 2436 καὶ
1494 2404 1511 2435 ὁ
1534 2402 1736 2441 Ἀντισθένης,
1754 2403 1828 2438 Πῶς
1841 2401 1907 2442 οὖν,
1933 2402 2003 2441 ἔφη,
2017 2401 2045 2433 ὦ
2058 2400 2239 2443 Σώκρατες’,
2254 2401 2340 2441 ,οὕτω
2356 2400 2472 2442 γιγνώ-

1423 2453 1556 2492 σκωνρῦ
1568 2451 1622 2483 καὶ
1634 2450 1674 2482 σὺ
1685 2450 1838 2486 παιδεύεις
1850 2448 2047 2490 Ξανθίππην,
2055 2449 2134 2480 ἀλλὰ
2146 2452 2208 2491 χρῇ
2215 2449 2340 2490 γυναικὶ
2349 2450 2413 2480 τῶν
2422 2448 2475 2481 οὗ·

1421 2502 1505 2538 σῶν,
1520 2499 1608 2540 οἶμαι
1628 2497 1660 2529 δὲ
1677 2497 1729 2527 καὶ
1747 2499 1810 2528 τῶν
1831 2496 2044 2537 γεγενημένων
2056 2520 2066 2537 ,
2089 2496 2143 2528 καὶ
2156 2499 2220 2528 τῶν
2231 2495 2390 2537 ἐσομένων
2408 2505 2472 2538 χοι-

1420 2545 1603 2587 λεπωτάτῃ;
1623 2542 1748 2585 -’(27)
1766 2543 1963 2576 Litterarum
1985 2544 2082 2576 etiam
2097 2543 2318 2576 monumentis
2329 2542 2472 2576 δόσι-11115
2501 2541 2504 2544 ’

1420 2601 1538 2625 nomen
1549 2590 1722 2624 illustravit
1745 2590 1778 2622 et
1794 2589 1968 2622 celebravit
1986 2592 2066 2622 teste
2077 2590 2233 2622 Athenaeo
2247 2589 2302 2622 lib.
2314 2591 2357 2630 V,
2368 2597 2402 2631 p.
2413 2590 2474 2622 216

1424 2641 1463 2680 Β,
1477 2639 1570 2680 cujus
1592 2638 1690 2671 verba
1709 2637 1786 2670 sunt
1807 2649 1815 2669 :
1832 2637 1884 2669 καὶ
1906 2636 2098 2675 Ἀντισθένης
2110 2636 2140 2669 δ’
2153 2637 2172 2669 ὁ
2191 2637 2389 2678 Σωκρατικὸς
2405 2637 2474 2680 περὶ

1419 2690 1482 2719 τῶν
1500 2686 1662 2729 ἀριστείων
1691 2685 1731 2716 τὰ
1750 2684 1830 2717 αὐτὰ
1856 2687 1902 2725 τῷ
1925 2684 2072 2717 Πλάτωνι
2095 2686 2228 2727 ἱστορεῖ.
2257 2684 2325 2717 Οὗκ
2347 2683 2415 2716 ἔστι
2445 2683 2476 2717 δ’

1420 2734 1530 2776 ἔτυμος
1545 2735 1562 2766 ό
1581 2734 1670 2774 λόγος
1683 2731 1784 2769 οὗτος·
1804 2732 1960 2773 χαρίζεται
1976 2732 2037 2774 γὰρ
2048 2733 2102 2763 καὶ
2120 2732 2138 2764 ὁ
2154 2731 2248 2764 Κύων
2265 2730 2355 2767 οὗτος
2370 2731 2472 2764 πολλὰ

1419 2784 1466 2823 τῷ
1484 2780 1661 2823 Σωκράτει,
1685 2780 1754 2813 ὅθεν
1777 2779 1928 2820 οὐδετέρῳ
1950 2779 2055 2811 αὐτῶν
2081 2780 2129 2811 δεῖ
2154 2778 2322 2812 πιστεύειν.
2340 2795 2382 2802 —-
2404 2778 2470 2820 (28)

1420 2828 1533 2860 Cicero
1546 2827 1586 2859 de
1601 2829 1685 2859 orat.
1704 2825 1761 2858 lib.
1779 2827 1841 2864 111,
1858 2828 1894 2859 17
1911 2825 2052 2859 :deinde
2067 2825 2108 2858 ab
2125 2826 2334 2866 Antisthene,
2353 2825 2410 2866 qui
2420 2834 2473 2868 pa-

1420 2875 1565 2908 tientiam
1580 2875 1614 2907 et
1630 2873 1783 2907 duritiam
1799 2873 1833 2906 in
1852 2873 2016 2905 Socratico
2029 2882 2178 2906 sermone
2192 2873 2332 2906 maxime
2341 2873 2473 2905 adama-

1420 2924 1482 2962 rat,
1503 2922 1615 2963 Cynici
1636 2922 1798 2963 primum,
1815 2919 1930 2953 deinde
1945 2920 2057 2953 Stoici.
2075 2921 2232 2961 Diogenes
2246 2919 2394 2953 Laertius
2413 2918 2471 2952 lib.

1419 2971 1510 3011 VI‚„2
1526 2983 1534 3002 :
1549 2970 1666 3008 ἤκουσε
1676 2968 1876 3011 Σωκράτους,
1894 2969 1968 3010 παρ’
1985 2967 2022 3000 οὗ
2038 2969 2090 3000 καὶ
2111 2969 2148 3001 τὸ
2171 2967 2352 3011 καρτερικὸν
2366 2967 2472 3001 mecm·

1418 3018 1472 3048 καὶ
1485 3018 1521 3050 τὸ
1537 3017 1652 3053 ἀπαθὲς
1667 3016 1808 3055 ζηλώσας
1821 3016 1954 3056 κατῆρξε
1967 3019 2088 3056 πρῶτος
2101 3017 2159 3049 τοῦ
2172 3017 2339 3056 κυνισμοῦ.
2352 3013 2401 3047 ld.
2413 3013 2469 3046 tib.

1418 3066 1476 3106 vi,
1498 3067 1531 3096 11
1551 3073 1558 3093 :
1577 3065 1716 3106 αὐτάρκη
1741 3063 1800 3105 γὰρ
1818 3064 1874 3101 τὴν
1897 3063 2008 3104 ἀρετὴν
2029 3063 2105 3106 πρὸς
2121 3062 2321 3104 εὐδαιμονίαν
2341 3061 2470 3103 μηδενὸς

1419 3113 1651 3155 προσδεομένην
1662 3112 1710 3144 ὅτι
1727 3112 1770 3154 μὴ
1783 3113 1983 3152 Σωκρατικῆς
1994 3111 2116 3152 ἰσχύος.
2129 3127 2172 3135 -
2182 3110 2248 3152 (29)
2262 3109 2355 3142 Plato
2367 3108 2466 3150 soph.

1421 3169 1454 3201 p.
1472 3164 1531 3193 251
1552 3162 1577 3193 Β
1594 3170 1602 3191 :
1623 3160 1692 3192 ὅθεν
1719 3170 1775 3201 γε,
1788 3159 1877 3200 οἶμαι
1889 3182 1900 3198 ,
1918 3162 1980 3195 τοῖς
2005 3169 2039 3190 τε
2059 3158 2138 3195 νέοις
2155 3158 2210 3190 καὶ
2231 3160 2294 3189 τῶν
2315 3155 2468 3198 γερόντων

1418 3212 1481 3244 τοῖς
1497 3208 1663 3249 ὁψιμαθέσι
1682 3207 1784 3246 θοίνην
1803 3202 2094 3249 παρεσκευάκαμεν·
2109 3206 2197 3242 εὐθὺς
2219 3205 2279 3246 γὰρ
2305 3203 2468 3237 &maasi-

1419 3256 1491 3288 σθαι
1505 3257 1598 3288 παντὶ
1614 3256 1776 3297 πρόχειρον
1796 3255 1838 3290 ὡς
1858 3254 2008 3286 ἀδύνατον
2030 3254 2072 3286 τά
2085 3264 2120 3286 τε
2137 3252 2238 3285 πολλὰ
2255 3253 2286 3284 ἓν
2302 3251 2355 3283 καὶ
2380 3252 2417 3284 τὸ
2435 3251 2467 3284 ἓν

1418 3302 1519 3336 πολλὰ
1533 3303 1626 3345 εἶναι,
1645 3304 1699 3335 καὶ
1719 3303 1757 3342 δή
1774 3313 1836 3336 που
1848 3304 2010 3346 χαίρουσιν
2027 3302 2087 3336 οὐκ
2101 3302 2211 3339 ἐῶντες
2233 3300 2348 3342 ἀγαθὸν
2367 3297 2466 3342 λέγειν

1419 3351 1577 3393 ἄνθρωπον
1587 3376 1596 3392 ,
1626 3351 1704 3383 ἀλλὰ
1726 3352 1762 3384 τὸ
1789 3351 1844 3392 μὲν
1870 3353 1985 3392 ἀγαθὸν
2015 3351 2143 3392 ἀγαθόν,
2161 3350 2216 3382 τὸν
2247 3349 2282 3381 δὲ
2306 3349 2464 3390 ἄνθρωπον

1419 3398 1589 3440 ἄνθρωπον.
1605 3399 1820 3441 Ἐντυγχάνεις
1835 3398 1906 3442 γάρ,
1917 3399 1945 3431 ὦ
1961 3399 2125 3439 Θεαίτητε,
2139 3399 2181 3434 ὡς
2197 3397 2330 3438 ἐγῷμαι,
2347 3395 2461 3428 πολλά-

1417 3454 1463 3480 κις
1477 3445 1517 3476 τὰ
1529 3448 1657 3477 τοιαῦτα
1669 3445 1898 3478 ἐσπουδακόσιν
1911 3469 1922 3486 ,
1939 3445 2036 3478 ἐνίοτε
2044 3445 2262 3487 πρεσὸυτέροις
2274 3443 2458 3486 ἀνθρώποις.

1416 3491 1469 3522 καὶ
1489 3492 1550 3524 ὑπὸ
1565 3492 1672 3530 πενίας
1691 3496 1743 3531 τῆς
1759 3493 1828 3535 περὶ
1847 3492 1993 3534 φρόνησιν
2007 3492 2148 3531 κτήσεως
2160 3491 2200 3523 τὰ
2212 3494 2342 3524 τοιαῦτα
2359 3486 2464 3523 τεθαν-
