2638 3840
0 1978 8 2089 nunu-a
0 1958 5 1974 -r

0 2286 10 2391 5

337 264 385 296 20
1180 256 1646 297 PYTHAGOREORUM

325 345 466 390 σότατες
488 346 565 396 μέν,
585 346 637 385 <Tu
658 348 750 391 ἐντὸς
777 354 837 392 τᾶς
856 347 1051 399 ὑπερῧολᾶς
1083 346 1143 384 καὶ
1173 351 1234 390 τᾶς
1263 344 1372 384 ἐλλεί-

324 406 399 457 qno<
419 405 600 444 πίπτοντι·
622 406 809 459 ἀκρότατες
829 406 887 453 δέ,
911 406 963 443 ὅτι
981 405 1057 444 οὔτε
1081 404 1282 457 προσθέσιος
1302 403 1373 443 οὔτ’

325 462 525 524 α’φαιρέσιος
549 464 704 504 δέονται·
727 466 814 504 αὐτὰ
838 465 906 517 γάρ
927 465 996 502 ἐντι
1015 467 1151 512 ταῦτα,
1174 462 1196 501 ἃ
1217 465 1267 502 δεῖ
1285 463 1374 502 αὐτὰ

324 525 427 574 ἠμεν.

378 581 482 621 Ἐπεὶ
499 582 534 621 δὲ
553 583 575 621 ἇ
593 586 643 622 τῶ
659 583 757 631 ἤθεος
780 581 885 635 ἀρετὰ
904 582 982 636 περὶ
1004 582 1117 622 πάθεα
1130 612 1139 629 ,
1158 585 1225 621 τῶν
1247 580 1282 619 δὲ
1303 597 1373 620 πα-

325 641 410 679 θέων
429 642 534 680 ἆδονὰ
555 642 615 680 καὶ
635 642 728 680 λύττα
746 642 943 695 ὑπέρτατα,
962 642 1106 695 φανερὸν
1127 640 1179 679 ὅτι
1195 641 1258 680 οὐκ
1275 642 1309 678 ἐν
1327 642 1375 693 τῷ

325 699 552 744 ὑπεξελέσθαι
575 701 618 738 τὰ
641 700 753 739 πάθεα
782 707 843 744 τᾶς
866 702 998 752 ψυχᾶς,
1020 699 1143 738 ἁδονὰν
1164 699 1224 738 καὶ
1247 699 1374 750 λύπαν,

329 758 351 796 ἆ
371 758 477 810 ἀρετὰ
496 759 692 806 πέπτωκεν,
710 760 788 797 ἀλλ’
810 761 845 797 ἐν
863 762 912 811 τῷ
944 762 1057 796 ταῦτα
1080 758 1373 810 συναρμόζεσθαι.

314 817 402 856 ὀὐδὲ
431 817 498 869 γὰρ
525 817 657 867 ὑγίεια,
678 816 846 869 εὐκρασία
866 832 916 860 τις
938 816 1026 856 ἔασα
1047 819 1113 856 τῶν
1134 819 1183 855 τῶ
1213 816 1375 868 σώματος

326 876 500 925 δυναμίων
516 880 543 924 ⁰,
564 878 598 914 ἐν
613 878 662 929 τῷ
676 875 901 920 ὑπεξελέσθαι
920 875 958 915 τὸ
976 876 1109 931 ψυχρὸν
1123 876 1183 915 καὶ
1197 877 1237 916 τὸ
1250 876 1374 930 θερμὸν

327 934 387 973 καὶ
404 934 442 972 τὸ
459 934 560 987 ὑγρὸν
578 935 636 973 καὶ
654 934 692 972 τὸ
711 934 827 987 ξηρόν,
847 935 1046 986 πέπτωκεν,
1062 936 1137 973 ἀλλ’
1154 936 1187 973 ἐν
1202 937 1250 988 τῷ
1265 938 1375 974 ταῦτα

327 996 629 1045 συγκερασθῆμεν·
652 992 720 1031 ἕντι
741 993 808 1046 γὰρ
841 988 910 1036 οἷον
934 993 1134 1047 συμμετρία
1156 999 1209 1038 τις
1233 993 1376 1032 τούτων·

325 1051 396 1090 οὐδ’
413 1053 446 1089 ἐν
468 1059 512 1105 τᾷ
537 1059 677 1105 μωσικᾷ
708 1054 742 1091 ἐν
774 1055 825 1105 τῷ
848 1052 1074 1098 ὑπεξελέσθαι
1096 1053 1134 1091 τὸ
1166 1051 1223 1098 ὀξὺ
1245 1051 1306 1091 καὶ
1338 1051 1377 1090 τὸ

327 1109 416 1163 βαρὺ
439 1110 477 1149 τὸ
498 1110 683 1164 σύμφωνον
710 1111 911 1161 πέπτωκεν,
934 1112 1010 1151 ἀλλ’
1030 1113 1064 1150 ἐν
1084 1114 1133 1164 τῷ
1162 1111 1272 1150 ταῦτά
1305 1126 1377 1154 πως

327 1169 622 1222 συναρμόξασθαι.
658 1170 954 1224 συναρμοσμένων
988 1170 1056 1223 γὰρ
1074 1169 1086 1193 ¹
1116 1173 1165 1209 τῶ
1195 1170 1285 1215 ὀξέος
1316 1169 1377 1208 καὶ

325 1230 375 1266 τῶ
404 1228 528 1281 βαρέος
553 1229 592 1267 τὸ
613 1228 676 1277 μὲν
699 1229 885 1282 σύμφωνον
907 1228 1258 1278 ἐναπολαμὸάνεται,
1275 1227 1313 1266 τὸ
1341 1227 1376 1265 δὲ

323 1286 494 1340 διάφωνον
517 1287 719 1340 ἐκκρούεται
733 1288 1050 1341 ·συναρμοσμε’νων
1067 1288 1102 1326 δὲ
1118 1287 1178 1326 καὶ
1196 1290 1244 1326 τῶ
1259 1289 1376 1338 θερμῶ

323 1347 383 1385 καὶ
403 1349 452 1386 τῶ
472 1349 597 1401 ψυχρῶ
617 1345 678 1386 καὶ
697 1351 748 1387 τῶ
769 1350 864 1400 ὑγρῶ
878 1348 938 1386 καὶ
956 1350 1007 1387 τῶ
1028 1347 1122 1399 ξηρῶ
1143 1348 1164 1385 ἆ
1187 1346 1249 1397 μὲν
1264 1346 1377 1398 ὑγίεια

325 1407 478 1458 γίνεται,
500 1408 522 1445 ἁ
542 1407 578 1445 δὲ
601 1407 699 1451 νόσος
719 1407 932 1446 ἀπόλλυται·
951 1406 1248 1459 συναρμοσμένων
1266 1405 1301 1444 δὲ
1318 1405 1378 1444 καὶ

325 1468 374 1503 τῶ
406 1467 505 1517 θυμῶ
535 1466 595 1504 καὶ
622 1472 683 1510 τᾶς
716 1465 901 1516 ἐπιθυμίας
931 1466 991 1504 ταὶ
1019 1466 1081 1513 μὲν
1109 1464 1230 1503 κακίαι
1249 1463 1310 1503 καὶ
1334 1465 1378 1502 τὰ

324 1525 437 1565 πάθεα
458 1525 690 1578 ἕξαιρέονται,
708 1526 765 1563 ταὶ
786 1526 814 1563 δ’
838 1525 959 1577 ἀρεταὶ
977 1525 1036 1563 καὶ
1053 1523 1095 1562 τὰ
1115 1525 1200 1572 ἤθεα
1223 1523 1377 1576 ἐγγίνον-

325 1601 397 1626 ται.
456 1583 659 1624 Ἰδιαίτατον
682 1584 717 1622 δὲ
737 1590 796 1628 τᾶς
816 1587 864 1622 τῶ
884 1584 982 1631 ἤθεος
1000 1585 1123 1636 ἀρετᾶς
1141 1584 1162 1622 ἁ
1179 1583 1377 1636 προαίρεσις

325 1644 347 1682 ἃ
370 1646 404 1682 ἐν
422 1649 492 1688 τοῖς
511 1645 643 1688 καλοῖς.
677 1643 771 1696 λόγῳ
798 1643 866 1697 γὰρ
897 1643 954 1681 καὶ
975 1643 1101 1693 δυνάμι
1115 1646 1131 1671 8
1148 1641 1378 1695 συγχρεέσθαι

328 1701 471 1740 δυνατὸν
494 1702 554 1741 καὶ
585 1702 665 1740 ἄνευ
686 1703 831 1754 ἀρετᾶς,
853 1701 1038 1754 προαιρέσι
1055 1700 1073 1723 ¹¹
1096 1701 1131 1740 δὲ
1157 1702 1194 1739 οὖ
1222 1700 1377 1738 δυνατόν·

323 1760 364 1799 τὸ
383 1760 451 1814 γὰρ
473 1761 612 1811 ἀξίωμα
631 1764 680 1799 τῶ
699 1761 795 1808 ἤθεος
821 1761 843 1799 ἁ
862 1760 1064 1813 προαίρεσις
1085 1759 1261 1810 σαμαίνει.
1318 1758 1381 1797 Διὸ

324 1819 385 1858 καὶ
417 1820 505 1871 μετὰ
537 1820 614 1872 βίας
643 1819 705 1869 μὲν
738 1819 956 1873 ἐπικρατέων
981 1818 1185 1871 ὁλογισμὸς
1205 1820 1301 1870 θυμῶ
1321 1817 1379 1862 καὶ

326 1879 512 1930 ἐπιθυμίας
545 1879 750 1932 ἐγκράτειαν
781 1879 842 1917 καὶ
873 1878 1059 1931 καρτερίαν
1094 1878 1257 1930 ἐμποιεῖ,
1282 1876 1372 1928 μετὰ

328 1939 405 1991 βίας
421 1939 457 1978 δὲ
475 1939 579 1977 πάλιν
597 1939 790 1983 ἐκδιασθεὶς
809 1939 910 1982 αὐτὸς
926 1938 992 1976 ὑπὸ
1008 1941 1056 1976 τῶ
1074 1938 1190 1990 ἀλόγω
1204 1937 1374 1990 ἀκρασίαν

1406 620 1412 632 Ι

1437 344 1495 384 καὶ
1515 344 1706 396 μαλακίαν.
1765 345 1836 385 Tul
1862 344 1898 383 δὲ
1923 348 2081 384 τοιαῦται
2101 345 2269 391 διαθέσιες
2287 354 2351 392 τᾶς
2368 350 2484 403 ψυχᾶς

1434 402 1616 455 ἡμιτελέες
1636 403 1698 455 μὲν
1717 404 1860 456 ἀρεταί,
1879 405 2056 454 ἡμιτελέες
2075 404 2110 442 δὲ
2127 405 2249 443 κακίαι
2262 406 2481 459 τυγχάνοντι.

1435 464 1452 500 ὁ
1473 462 1536 513 μὲν
1562 461 1630 515 γὰρ
1658 462 1823 513 λογισμὸς
1849 463 2013 514 ὑγιαίνει,
2035 462 2078 500 τὰ
2101 464 2137 502 δὲ
2157 464 2268 515 ἄλογα
2287 464 2393 517 μέρεα
2421 470 2483 510 τᾶς

1434 523 1550 574 ψυχᾶς
1584 527 1690 559 νοσεῖ.
1723 521 1783 559 καὶ
1811 521 1896 560 καθὸ
1930 521 1993 571 μὲν
2035 522 2181 573 ἄρχεται
2214 523 2274 561 καὶ
2307 523 2430 575 ἄγεται
2465 525 2484 562 ὁ

1437 580 1543 631 θυμὸς
1569 579 1628 618 καὶ
1649 581 1672 618 ἁ
1697 579 1865 630 ἐπιθυμία
1896 579 1963 619 ὑπὸ
1987 583 2036 618 τῶ
2067 580 2167 631 λόγον
2195 579 2335 632 ἔχοντος
2363 582 2485 634 μέρεος

1436 646 1497 684 τᾶς
1516 642 1647 694 ψυχᾶς,
1664 641 1686 678 ἁ
1706 639 1890 691 ἐγκράτεια
1908 638 1967 676 καὶ
1988 640 2010 677 ἁ
2026 638 2191 691 καρτερία
2211 639 2332 692 ἀρεταὶ
2351 641 2488 693 τυγχά-

1436 715 1548 748 νοντι,
1578 698 1663 737 καθὸ
1695 699 1731 737 δὲ
1759 697 1848 747 μετὰ
1879 696 1957 749 βίας
1988 699 2066 735 ἀλλ’
2096 698 2162 749 οὐχ
2195 697 2359 744 ἑκουσίως
2386 702 2487 738 τοῦτο

1435 758 1647 810 πράσσοντι,
1667 756 1789 796 κακίαι
1809 756 2034 809 τυγχάνοντι·
2053 757 2104 795 δεῖ
2122 756 2189 810 γὰρ
2210 756 2272 795 τὰν
2293 757 2419 810 ἀρετὰν
2435 755 2485 808 μὴ

1437 817 1526 869 μετὰ
1547 817 1683 864 λύπας,
1707 814 1797 853 ἀλλὰ
1819 815 1909 866 μετὰ
1940 815 2064 858 ἁδονᾶς
2098 814 2141 854 τὰ
2168 815 2289 855 δέοντα
2313 815 2483 870 πράσσεν.

1436 877 1542 915 πάλιν
1562 874 1597 914 δὲ
1618 875 1703 914 καθὸ
1736 873 1798 924 μὲν
1826 875 2006 927 ἐπικρατεῖ
2026 877 2044 913 ὁ
2063 873 2169 925 θυμὸς
2197 874 2257 914 καὶ
2275 875 2298 914 ἇ
2317 875 2485 927 ἐπιθυμία

1436 938 1485 974 τῶ
1504 936 1678 986 λογισμῶ,
1703 932 1880 983 μαλακίαν
1901 932 1961 971 καὶ
1981 932 2154 986 ἀκρασίαν
2175 933 2382 988 ἐπιφέροντα
2395 963 2406 983 ,
2424 950 2486 973 κα·

1437 993 1510 1032 κίαι
1531 992 1620 1036 τινὲς
1638 991 1863 1044 τυγχάνοντι·
1883 991 1970 1030 καθὸ
1989 991 2024 1030 δὲ
2042 991 2130 1041 μετὰ
2147 992 2260 1037 λύπας
2283 994 2487 1046 χαρίζονται

1436 1058 1508 1097 τοῖς
1525 1052 1684 1101 πάθεσιν,
1701 1049 1835 1089 εἰδόταἱ
1851 1049 1905 1089 ὅτι
1923 1049 2199 1101 ἀμὸλακίσκοντι
2221 1053 2271 1105 τῷ
2287 1051 2379 1104 ὑγιὲς
2396 1047 2486 1104 ἦμεν

1437 1112 1476 1150 τὸ
1506 1112 1606 1162 ὄμμα
1625 1117 1686 1154 τᾶς
1707 1112 1842 1162 ψυχᾶς,
1863 1113 1973 1161 ταῦτα
1995 1109 2031 1148 δὲ
2050 1111 2088 1148 οὗ
2109 1110 2246 1150 κακίαι.
2304 1111 2419 1151 Πάλιν
2438 1103 2487 1150 ὧν

1438 1170 1521 1208 αὐτό
1540 1185 1579 1220 γε
1600 1172 1701 1207 τοῦτο
1721 1168 1881 1222 φανερόν,
1895 1170 1947 1206 ὅτι
1964 1168 2128 1213 ἑκουσίως
2144 1170 2195 1208 δεῖ
2213 1169 2277 1208 τὰν
2297 1169 2423 1223 ἀρέτᾶν
2441 1170 2487 1209 τὰ

1439 1227 1559 1266 δέοντα
1591 1226 1763 1279 πράσσεν.
1787 1227 1827 1265 τὸ
1876 1227 1938 1278 μὲν
1972 1227 2134 1267 ἀκούσιον
2169 1229 2231 1266 οὐκ
2258 1228 2340 1268 ἄνευ
2374 1228 2488 1274 λύπας

1438 1287 1498 1326 καὶ
1522 1286 1641 1340 φόόω,
1660 1286 1699 1324 τὸ
1720 1285 1756 1324 δὲ
1788 1285 1944 1325 ἑκούσιον
1970 1287 2033 1326 οὐκ
2060 1287 2140 1326 ἄνευ
2162 1287 2285 1332 ἁδονᾶς
2303 1289 2363 1328 καὶ
2386 1289 2487 1343 φιλο-

1439 1345 1622 1399 φροσύνας.
1679 1345 1774 1385 Αἴκα
1788 1345 1824 1384 δὲ
1836 1345 1897 1384 καὶ
1913 1348 1932 1384 ὁ
1947 1346 2047 1397 λόγος
2062 1351 2124 1390 τᾶς
2140 1347 2323 1400 διαιρέσιος
2338 1347 2487 1401 ἐμπέσῃ,

1439 1405 1542 1451 δῆλον
1560 1404 1613 1442 ὅτι
1631 1402 1648 1426 ⁸
1666 1406 1763 1442 ww
1780 1403 1886 1447 οὕτως
1907 1403 1994 1457 ἔχει.
2017 1402 2026 1426 ¹
2047 1405 2068 1443 ἁ
2090 1404 2152 1456 μὲν
2175 1404 2243 1458 γὰρ
2277 1408 2404 1457 γνῶσις
2427 1406 2486 1445 καὶ

1439 1463 1461 1501 ἆ
1480 1462 1598 1515 ὅρασις
1613 1465 1681 1502 τῶν
1700 1461 1920 1516 πραγμάτιον
1939 1465 1988 1500 τῶ
2006 1462 2108 1512 λόγον
2126 1463 2265 1516 ἔχοντος
2281 1463 2401 1518 μέρεός
2417 1466 2487 1503 ἐντι

1441 1582 1489 1633 μὴ
1517 1582 1683 1621 δύνασθαι
1715 1587 1784 1626 τοῖς
1803 1581 1942 1633 πόνοις,
1964 1582 2136 1621 ὑπακούεν
2155 1586 2181 1604 ¹¹¹
2203 1581 2239 1621 δὲ
2258 1589 2322 1621 τᾶν
2344 1584 2486 1634 ἁδονᾶν,

1410 1510 1415 1672 ι
1438 1528 1501 1567 τ’ἅς
1531 1524 1666 1576 ψυχᾶς,
1687 1522 1709 1560 ἁ
1739 1521 1774 1560 δὲ
1806 1521 1951 1572 δύναμις
1970 1524 2020 1560 τῶ
2041 1522 2174 1573 ἀλόγω·
2193 1522 2232 1560 τὸ
2257 1523 2325 1575 γὰρ
2344 1522 2488 1577 ἀντέχεν

1440 1642 1565 1682 οἰκεῖόν
1585 1643 1655 1680 ἐντι
1673 1645 1723 1680 τῶ
1743 1641 1860 1693 ἀλόγω
1881 1642 2003 1695 μέρεος
2022 1648 2084 1686 τᾶς
2100 1644 2215 1695 ψυχᾶς
2228 1658 2236 1666 ·
2257 1643 2279 1695 ᾇ
2307 1642 2342 1681 δὲ
2359 1643 2488 1694 προαί·

1464 1717 1533 1746 επις
1569 1702 1602 1739 ἐν
1641 1701 1848 1754 ἀμφοτέροις
1883 1703 1997 1745 αὐτοῖς
2027 1700 2182 1752 γίνεται,
2215 1701 2275 1740 καὶ
2307 1705 2357 1755 τῷ
2385 1701 2487 1754 λόγον

1460 1775 1559 1812 χοντι
1593 1759 1690 1812 μέρει
1726 1766 1787 1803 τᾶς
1826 1762 1941 1812 ψυχᾶς
1969 1759 2030 1798 καὶ
2069 1763 2118 1812 τῷ
2151 1760 2279 1814 ἀλόγῳ.
2311 1761 2489 1812 σύγκειται

1466 1819 1509 1871 ὰρ
1526 1820 1565 1857 ἐκ
1585 1817 1736 1862 διανοίας
1752 1818 1817 1856 καὶ.
1828 1818 1973 1871 ὀρέξιος,
1990 1812 2038 1857 ὧν
2056 1819 2078 1858 ἆ
2095 1818 2158 1869 μὲν
2175 1818 2308 1867 διάνοια
2323 1822 2373 1859 τῶ
2387 1819 2489 1872 λόγον

1459 1876 1579 1929 χοντός
1611 1879 1680 1915 ἕντι
1694 1908 1703 1926 ,
1726 1878 1747 1915 ἆ
1768 1877 1796 1916 δ’
1815 1876 1923 1928 ὄρεξις
1951 1880 2001 1916 τῶ
2023 1878 2154 1930 ἀλέγω.
2211 1878 2274 1916 Διὸ
2294 1877 2355 1916 καὶ
2383 1878 2490 1933 ἀρετὰ

1469 1942 1538 1974 ’ἅσα
1570 1936 1604 1973 ἐν
1625 1941 1830 1988 συναρμογᾷ
1850 1934 1982 1987 γίνεται
2013 1937 2081 1973 τῶν
2110 1935 2243 1989 μερέων
2265 1943 2327 1981 τᾶς
2355 1937 2488 1990 ψυχᾶς,

1442 1837 1463 1891 a<
1443 1717 1461 1798 (πνεὌ

1441 1893 1456 1915 θ)

1440 1952 1467 1974 ssl

871 2016 2486 2027 —---—.————-—————————————————-——————,-.—,

326 2067 466 2101 medium
496 2069 571 2109 quia
602 2068 684 2100 inter
714 2067 945 2099 abundantiam
976 2069 1008 2099 et
1033 2066 1193 2099 desectum
1212 2065 1376 2106 interjecta

326 2129 387 2160 est.
433 2128 483 2160 Sic
501 2127 585 2159 enim
602 2127 737 2159 virtutes
754 2135 866 2158 omnes
885 2128 917 2158 et
939 2126 1042 2158 media
1060 2129 1135 2158 sunt
1153 2128 1184 2157 et
1203 2133 1351 2166 suprema
1367 2138 1375 2157 ε

328 2186 454 2226 media,
486 2186 639 2226 quoniam
665 2185 748 2216 inter
776 2184 1007 2217 abundantiam
1033 2186 1066 2217 et
1090 2184 1250 2216 defectum
1270 2184 1377 2216 locum

328 2244 465 2283 habent3
498 2252 665 2284 suprema,
695 2242 780 2283 quod
810 2252 869 2274 nec
899 2242 973 2274 addi
1001 2243 1176 2284 quidquam
1205 2251 1265 2275 nec
1293 2242 1377 2275 demi

329 2302 509 2342 postulant,
528 2301 788 2342 quandoquidem
806 2301 891 2342 quod
910 2310 981 2333 esse
997 2301 1104 2341 decet,
1122 2301 1198 2342 ipsae
1215 2304 1301 2333 sunt.

369 2364 477 2399 Quum
506 2369 632 2392 morum
652 2360 754 2392 virtus
773 2360 856 2392 circa
873 2359 1007 2392 affectus
1027 2361 1184 2400 versetur,
1202 2360 1377 2393 affectuum

327 2422 431 2452 auten
447 2419 587 2460 supremi
599 2419 778 2451 habeantur
793 2419 940 2460 voluptas
952 2420 984 2451 et
996 2419 1085 2451 dolor
1097 2431 1104 2451 :
1116 2420 1214 2460 patet,
1227 2418 1377 2452 virtutem

327 2489 389 2511 non
402 2488 470 2511 esse
481 2478 617 2519 positam
636 2479 667 2509 in
687 2478 861 2511 evellendis
874 2487 911 2510 ex
930 2478 1037 2510 auimo
1057 2478 1185 2519 penitus
1198 2478 1378 2518 affectibus,

330 2537 492 2577 voluptate
519 2540 550 2568 et
573 2537 701 2576 dolore,
717 2536 770 2568 sed
791 2537 822 2568 in
836 2537 873 2568 iis
893 2536 933 2568 ad
954 2539 1070 2569 caetera
1087 2537 1377 2569 accommodandis.

329 2596 452 2628 Etenim
467 2604 525 2627 nec
539 2595 657 2627 sanitas
669 2618 678 2634 ,
693 2604 765 2635 quae
778 2596 919 2635 corporis
934 2596 1050 2627 virium
1069 2595 1218 2636 quaedam
1234 2600 1282 2629 est
1297 2597 1380 2628 bona

332 2655 521 2695 temperies,
553 2655 584 2685 in
610 2655 735 2686 sublato
762 2655 895 2695 frigore,
916 2655 1040 2695 calore,
1061 2655 1224 2695 humore,
1236 2655 1380 2689 siccitate

331 2713 471 2754 ponitur,
491 2721 603 2744 verum
623 2713 654 2744 in
672 2712 757 2745 hisce
777 2715 850 2753 apte
869 2714 1056 2754 permixtis,
1071 2723 1172 2755 quum
1193 2715 1233 2747 sit
1250 2714 1377 2746 illorum

330 2773 477 2813 quaedam
498 2772 661 2812 proportio
677 2772 869 2804 couveniens
891 2785 898 2804 :
918 2781 978 2805 nec
1002 2773 1033 2805 in
1051 2774 1169 2805 musica
1181 2798 1190 2813 ,
1205 2774 1230 2806 si
1247 2774 1377 2806 acutum

330 2833 362 2864 et
387 2840 482 2871 grave
503 2831 664 2870 tollantur,
685 2834 856 2862 concentus
874 2832 988 2872 oritur,
1008 2832 1063 2864 sed
1090 2833 1115 2864 si
1142 2835 1214 2873 apte
1242 2832 1378 2873 conjun-

329 2891 454 2930 gantur.
501 2889 627 2920 Etenim
646 2890 741 2920 acuto
758 2891 790 2921 et
810 2889 896 2929 gravi
914 2893 987 2930 apte
1006 2890 1183 2931 conjunctis
1205 2893 1380 2923 concentus

330 2948 455 2980 exsistit
472 2947 656 2987 tolliturque
673 2956 824 2978 sonorum
844 2947 1055 2989 discrepantia
1075 2961 1083 2981 z
1101 2949 1247 2982 similiter
1270 2952 1379 2982 autem

331 3007 452 3047 calore,
481 3006 611 3046 frigore,
638 3006 791 3046 humore,
813 3006 954 3038 siccitate
981 3008 1148 3047 permixtis
1176 3012 1208 3040 et
1230 3018 1381 3050 prospera

334 3065 613 3097 valetudooritur
646 3066 677 3095 et
700 3065 830 3096 morbus
861 3066 1091 3097 exterminatur
1120 3079 1127 3098 ε
1158 3076 1262 3108 neque
1290 3068 1381 3100 aliter

333 3123 497 3156 iracundia
527 3126 559 3156 et
587 3123 759 3163 cupiditate
788 3125 871 3155 recte
906 3125 1090 3164 compositis
1118 3127 1186 3156 tum
1205 3126 1281 3157 vista
1305 3135 1379 3158 cum

331 3182 429 3214 animi
445 3182 735 3223 perturbationibus
756 3182 951 3223 extruuntur,
969 3185 1039 3215 tum
1057 3185 1191 3216 virtutes
1208 3185 1375 3226 moreSque

331 3241 567 3282 ingenerantur.v
613 3242 667 3273 Est
684 3242 789 3273 autem
809 3250 933 3272 morum
949 3242 1075 3273 virtutis
1095 3243 1234 3275 maxime
1253 3245 1380 3285 propria

334 3299 484 3332 voluntas
506 3300 646 3332 honestis
667 3299 761 3331 rebus
781 3300 912 3332 intenta.
957 3302 1101 3341 Namque
1124 3302 1245 3334 ratione
1261 3311 1297 3334 ac
1322 3312 1379 3343 po-

333 3360 430 3391 tentia
447 3359 542 3391 ctiam
558 3360 624 3392 sine
645 3359 763 3391 virtute
782 3358 826 3390 uti
843 3368 1026 3400 possumus,
1047 3360 1211 3392 voluntate
1231 3370 1294 3392 non
1313 3370 1381 3401 pos·

334 3427 444 3450 sumus
465 3428 473 3450 :
501 3407 658 3460 siquidem
689 3427 813 3450 morum
845 3417 1033 3459 dignitatem
1069 3419 1218 3451 voluntas
1250 3419 1378 3452 indicat.

337 3479 536 3518 Quapropter
555 3477 648 3510 simul
667 3487 720 3519 per
738 3477 801 3510 vim
823 3484 978 3519 superans
994 3477 1190 3510 iracundiam
1208 3481 1240 3511 et
1258 3478 1380 3519 cupidi-

1437 2064 1538 2096 tatem
1550 2063 1630 2096 ratio
1645 2063 1753 2096 animo
1768 2064 1996 2097 continentiam
2011 2074 2049 2098 ac
2060 2066 2260 2099 tolerantiam
2275 2065 2378 2100 indit:
2393 2067 2488 2101 simut

1440 2132 1494 2164 per
1510 2123 1576 2155 vim
1594 2132 1705 2155 rursus
1724 2123 1790 2164 ipsa
1806 2125 1918 2156 exacta
1930 2124 1970 2157 ab
1982 2125 2217 2159 irrationalibus
2232 2125 2330 2159 animi
2346 2126 2489 2168 partibus

1440 2182 1704 2215 incontinentiam
1725 2191 1762 2214 ac
1782 2183 1948 2216 moltitiem
1974 2184 2066 2224 parit.
2111 2186 2272 2218 Caeterum
2295 2185 2374 2218 tales
2389 2185 2487 2218 animi

1440 2241 1624 2274 affectiones
1639 2242 1671 2274 et
1686 2241 1883 2282 imperfectae
1901 2242 2037 2276 virtutes
2054 2245 2087 2276 et
2106 2234 2293 2284 imperfecta
2309 2244 2386 2277 vitia
2398 2247 2487 2278 sunt.

1440 2300 1532 2332 Ratio
1546 2300 1631 2333 enim
1645 2300 1752 2333 inillis
1768 2309 1844 2332 sana
1861 2302 1918 2341 est,
1937 2301 2137 2334 irrationales
2149 2303 2256 2334 autem
2270 2302 2368 2335 animi
2382 2304 2489 2345 partes

1439 2359 1601 2400 languent.
1647 2361 1688 2392 Et
1706 2361 1863 2400 quatenus
1880 2359 2010 2400 quidem
2029 2369 2048 2392 a
2067 2360 2200 2392 rationis
2220 2364 2369 2403 compote
2391 2362 2487 2394 animi

1440 2422 1528 2459 parte
1544 2418 1590 2450 ira
1606 2421 1638 2451 et
1655 2418 1814 2459 cupiditas
1835 2423 1988 2459 reguntur
2008 2418 2151 2460 ipsaeque
2165 2419 2338 2461 obediunt,
2353 2421 2488 2454 virtutes

1440 2477 1598 2510 habentur
1615 2476 1807 2509 continentia
1824 2480 1855 2508 et
1869 2477 2032 2510 tolerantia
2051 2491 2059 2510 :
2075 2479 2233 2519 quatenus
2245 2480 2355 2521 autem
2369 2481 2488 2512 coacta:

1440 2536 1518 2577 hoc,
1535 2545 1599 2568 non
1623 2538 1736 2577 sponte
1755 2535 1891 2576 faciunt,
1912 2536 1989 2568 vitia
2013 2538 2088 2569 sunt
2112 2549 2121 2569 ε
2146 2537 2243 2570 debet
2273 2538 2358 2571 enim
2386 2539 2489 2572 virtus

1439 2604 1504 2626 non
1533 2603 1607 2627 cum
1638 2594 1768 2635 dolore,
1785 2594 1839 2626 sed
1867 2604 1940 2626 cum
1973 2595 2136 2637 voluptate
2163 2596 2268 2628 officio
2298 2605 2357 2629 suo
2386 2597 2487 2638 fungi.

1441 2655 1607 2692 Quatenus
1625 2662 1735 2686 rursus
1753 2655 1946 2694 imperantes
1962 2654 2076 2686 rationi
2094 2655 2141 2687 ira
2158 2656 2190 2688 et
2208 2655 2368 2696 cupiditas
2381 2656 2487 2688 molli-

1441 2713 1518 2745 tiem
1552 2716 1648 2754 atque
1678 2711 1942 2744 incontinentiam
1970 2715 2155 2754 procreant,
2185 2715 2262 2746 vitia
2295 2714 2367 2747 hoec
2393 2716 2486 2756 sunt;

1441 2773 1598 2813 quatenus
1615 2780 1690 2803 vero
1711 2779 1783 2803 cum
1801 2771 1911 2803 dolore
1928 2772 2025 2803 animi
2055 2772 2348 2813 perturbationibus
2366 2773 2487 2814 gratifi-

1440 2832 1565 2870 cantur,
1582 2839 1683 2871 quum
1705 2829 1807 2862 sciant
1825 2838 1858 2862 se
1882 2829 2083 2871 delinquere,
2102 2831 2176 2872 quia
2204 2839 2300 2864 sanus
2318 2832 2366 2864 est
2390 2832 2489 2864 animi

1440 2892 1569 2930 oculus,
1587 2891 1717 2924 eatenus
1733 2898 1797 2922 non
1815 2890 1891 2922 sunt
1907 2889 1993 2922 vitia.
2051 2892 2108 2922 Est
2133 2892 2242 2923 autem
2262 2889 2486 2932 manifestum,

1441 2951 1553 2991 sponte
1574 2949 1725 2982 virtutem
1747 2948 1862 2980 debere
1877 2948 2018 2980 officium
2037 2957 2130 2980 suum
2152 2950 2267 2982 facere.
2311 2951 2385 2982 Jam
2400 2949 2488 2990 quod

1442 3011 1474 3043 vi
1491 3011 1626 3051 cogitur,
1647 3009 1758 3042 dolore
1777 3011 1809 3042 et
1828 3010 1916 3041 metu
1933 3018 1998 3041 non
2027 3013 2131 3050 caret;
2151 3010 2307 3050 quidquid
2332 3019 2408 3042 vero
2427 3018 2487 3042 vo-

1442 3070 1616 3102 luntarium
1636 3070 1704 3108 est,
1725 3068 1888 3109 voluptate
1914 3069 1947 3100 et
1973 3068 2131 3100 hilaritate
2154 3077 2217 3100 non
2240 3070 2338 3101 caret.
2382 3067 2489 3106 Quid?

1442 3129 1526 3169 quod
1551 3128 1646 3161 simul
1666 3131 1762 3168 atque
1788 3127 1902 3159 divisio
1930 3127 2011 3159 facta
2030 3127 2142 3167 fuerit,
2166 3127 2236 3159 haec
2253 3127 2296 3162 ita
2317 3137 2350 3159 se
2371 3127 2488 3159 habere

1443 3187 1573 3227 patebit.
1621 3186 1746 3219 Etenim
1763 3186 1901 3226 cognitio
1913 3185 2128 3226 inspectioque
2145 3195 2251 3217 rerum
2265 3185 2426 3217 rationalis
2439 3187 2488 3218 est

1441 3247 1538 3278 animi
1559 3246 1675 3287 partis,
1700 3245 1748 3278 vis
1767 3244 1878 3286 agendi
1895 3246 2001 3276 autem
2024 3244 2146 3277 ratione
2162 3245 2314 3283 carentis,
2329 3244 2487 3285 siquidem

1441 3301 1602 3334 laboribus
1629 3301 1730 3341 frangi
1752 3300 1900 3341 vincique
1919 3300 2081 3341 voluptate
2106 3301 2269 3341 proprium
2293 3302 2341 3332 est
2361 3300 2486 3332 irratio-

1442 3360 1521 3391 nalis
1543 3360 1640 3391 animi
1661 3359 1777 3400 partis,
1795 3358 1942 3390 voluntas
1971 3367 2047 3390 vero
2070 3358 2101 3389 in
2130 3360 2265 3398 utraque
2292 3358 2434 3390 cernitur
2454 3359 2488 3390 et

1444 3418 1576 3450 rationis
1593 3419 1742 3459 compote
1761 3419 1793 3450 et
1809 3417 1981 3450 irrationali
1997 3417 2094 3449 animi
2122 3421 2221 3458 parte.
2268 3420 2374 3455 Quum
2401 3418 2486 3450 enim

1443 3487 1481 3511 ex
1504 3479 1709 3520 intelligentia
1728 3481 1760 3512 et
1783 3478 1925 3521 appetitu
1954 3479 2094 3519 constet,
2117 3478 2168 3510 illa
2188 3478 2228 3510 ad
2248 3478 2378 3511 rationis
2395 3486 2486 3510 com·
