2638 3840
353 243 377 277 4
1311 235 1376 274 PH
1384 234 1559 275 lLOLAI

349 325 391 364 τὸ
409 329 658 379 περιοικεῖσθαι
681 324 743 372 τὴν
764 325 929 373 σελήνην,
945 324 1102 375 καθάπερ
1124 322 1186 370 τὴν
1211 323 1293 376 παρ’
1308 327 1394 375 ἡμῖν

350 388 430 436 γῆν,
452 384 548 437 ζῴοις
568 385 627 423 καὶ
647 387 763 438 φυτοῖς
785 384 918 434 μείζοσι
937 383 997 421 καὶ
1013 382 1205 421 καλλίοσιν·
1227 376 1314 422 εἶναι
1330 384 1396 436 γὰρ

350 445 741 484 πεντεκαιδεκαπλάσια
771 444 815 483 τὰ
849 445 903 482 ἐπ’
926 444 1031 489 αὐτῆς
1063 444 1135 496 ζῷα
1168 446 1211 497 τῇ
1233 444 1394 496 δυνάμει,

353 505 460 554 μηδὲν
481 503 782 557 περιττωματικὸν
804 501 1053 556 ἀποκρίνοντα,
1077 502 1135 541 καὶ
1159 503 1222 551 τὴν
1240 504 1396 559 ἡμέραν“

349 561 523 610 τοσαύτην
542 565 591 617 τῷ
609 563 729 614 μήκει.

405 622 602 672 (Stobaeus
623 622 754 672 Eclog.
788 621 857 660 lib.
884 621 901 658 1
923 635 1006 673 cap.
1030 636 1098 669 27,
1137 636 1151 659 1
1177 637 1215 674 p.
1237 623 1313 662 562
1334 624 1395 664 ed.

351 681 462 719 lleer.
485 681 592 719 Conf.
611 680 842 718 Plutarchus
857 680 903 717 de
923 680 1020 731 plac.
1043 681 1146 719 Phil.
1170 681 1240 719 lib.
1260 682 1310 727 ll,
1330 684 1394 723 30.

349 741 487 779 Galen.
509 740 590 791 XV,
612 741 650 779 6.
671 739 809 777 Euseb.
834 737 912 786 XV,
933 739 996 778 52.
1014 739 1071 777 Ex
1085 740 1147 778 his
1163 740 1396 780 Plutarchus

350 799 464 837 initio
483 799 598 836 habet
632 813 639 835 z
664 799 694 836 οἱ
716 795 948 849 Πυθαγόρειοι
979 798 1092 849 γεώδη
1125 798 1307 851 φαίνεσθαι
1331 799 1396 847 τὴν

350 857 497 904 σελήνην
525 856 581 894 διὰ
601 857 640 895 τὸ
668 859 938 909 περιοικεῖσθαι,
971 858 1013 894 in
1042 858 1189 897 caeteris
1211 858 1290 897 fere
1310 873 1395 896 cum

347 917 500 954 Stobaeo
536 916 741 955 consentit.
778 938 830 945 —
844 917 872 967 ⁰)
909 915 972 963 τὴν
1003 916 1140 969 ἦμέραν
1172 919 1329 970 reposui
1377 932 1398 957 e

349 974 571 1022 Plutarcho,
595 974 746 1012 Galeno
772 983 810 1012 et
842 975 1036 1024 Eusebio3
1067 990 1155 1014 nam
1185 977 1228 1015 in
1249 976 1392 1015 Stobaei

349 1033 551 1071 codicibus
571 1041 629 1071 est
647 1032 710 1078 τὴν
731 1032 949 1086 ἡμετέραν.)

402 1105 446 1131 12.
469 1090 648 1135 Φιλόλαος
669 1091 706 1130 δέ
737 1107 840 1145 φησιν
863 1094 1008 1145 ἀριθμὸν
1032 1085 1120 1132 εἶναι
1151 1097 1212 1141 τῆς
1242 1096 1312 1132 τῶν
1332 1111 1397 1133 κο-

349 1153 482 1201 σμικῶν
508 1150 650 1194 αἷωνίας
670 1152 838 1202 διαμονῆς
854 1153 917 1199 τὴν
941 1153 1237 1205 κρατιστεύουσαν
1258 1153 1317 1192 καὶ
1334 1155 1396 1192 αὐ-

348 1214 472 1262 τογενῆ
496 1210 660 1263 συνοχήν.

403 1269 666 1320 (lamblichus
696 1270 743 1308 ad
775 1270 924 1310 Nicom.
954 1271 1122 1309 Arithm.
1152 1285 1191 1322 p.
1219 1286 1286 1320 113
1306 1272 1396 1310 item

346 1329 501 1380 Syrian.
522 1330 569 1368 ad
594 1331 809 1368 Aristotelis
843 1330 1012 1382 Metaph.
1034 1331 1123 1382 Xll,
1157 1345 1196 1382 p.
1222 1346 1267 1379 71
1298 1335 1337 1371 b.
1361 1342 1398 1371 et

348 1389 398 1429 85
418 1389 459 1428 b.
482 1390 718 1435 Quaesivisse
738 1390 959 1427 Philolaum
991 1390 1039 1427 de
1060 1391 1234 1428 numeris
1262 1391 1309 1428 de
1328 1404 1397 1428 eo-

347 1462 422 1500 que
443 1459 671 1500 argumento
692 1451 734 1487 in
751 1450 907 1500 scriptis
927 1449 1145 1500 disputasse
1158 1459 1262 1500 patet
1280 1450 1395 1487 etiam

346 1522 394 1546 ex
415 1509 464 1547 iis
482 1523 567 1560 quae
584 1509 774 1558 Theolog.
792 1508 962 1547 Arithm.
982 1518 1118 1546 auctor
1140 1523 1176 1560 p.
1199 1511 1246 1547 61
1268 1509 1294 1547 f.
1318 1522 1396 1546 me·

347 1569 483 1606 moriae
501 1569 634 1619 prodit
653 1582 662 1605 t
691 1566 743 1605 ὅτι
760 1566 820 1606 καὶ
845 1566 1074 1610 Σπεύσιππος
1094 1569 1112 1605 ὂ
1133 1567 1304 1616 Ποτώνης
1331 1568 1394 1618 μὲν

345 1626 416 1671 υἱὸς
436 1630 499 1674 τῆς
518 1631 578 1666 τοῦ
599 1627 786 1670 Πλάτωνος
807 1627 976 1680 ἀδελφῆς,
997 1626 1155 1679 διάδοχος
1183 1626 1220 1665 δὲ
1244 1629 1396 1675 Ακαδη-

347 1686 429 1736 μίας
448 1686 516 1738 πρὸ
537 1685 799 1739 Ξενοκράτους,
821 1687 860 1724 ἐκ
875 1687 943 1724 τῶν
963 1684 1146 1738 ἐξαιρέτως
1165 1687 1394 1725 σπουδασθει-

345 1747 416 1783 σῶν
447 1745 500 1783 ἀεὶ
524 1747 779 1798 Πυθαγορικῶν
813 1744 1035 1798 ἀκροάσεων,
1068 1745 1224 1795 μάλιστα
1255 1745 1292 1783 δὲ
1326 1749 1395 1784 τῶν

345 1803 528 1843 Φιλολάου
550 1803 837 1856 συγγραμμάτων
861 1802 1031 1855 βιὸλίδιόν
1052 1819 1086 1841 τι
1113 1802 1283 1848 συντάξας
1307 1808 1395 1855 γλα-

345 1863 471 1915 φυρόν,
502 1862 679 1915 ἐπέγραψε
714 1862 775 1913 μὲν
809 1862 891 1901 αὐτὸ
917 1862 997 1914 περὶ
1025 1864 1279 1914 Πυθαγορικῶν
1317 1865 1394 1919 aipi-

344 1924 454 1973 θμῶν.
473 1922 483 1975 )

398 1996 446 2021 13.
471 1983 627 2034 Θεωρεῑν
649 1982 701 2020 δεῖ
716 1982 760 2020 τὰ
784 1980 867 2034 ἔργα
888 1980 947 2020 καὶ
961 1981 1022 2019 τὰν
1044 1979 1163 2021 ἐσσίαν
1181 1983 1231 2018 τῶ
1253 1983 1393 2033 ἀριθμῶ

344 2040 475 2079 καττὰν
498 2040 669 2091 δύναμιν,
694 2040 768 2085 ἅτις
788 2040 880 2078 ἐστὶν
899 2042 933 2078 ἐν
950 2046 994 2094 τᾷ
1013 2039 1151 2078 δεκάδι·
1171 2039 1308 2092 μεγάλα
1326 2039 1394 2092 γὰρ

345 2100 404 2139 καὶ
435 2099 610 2146 παντελὴς
627 2101 687 2139 καὶ
715 2099 926 2152 παντοεργὸς
959 2099 1020 2138 καὶ
1053 2098 1135 2138 θείω
1162 2099 1224 2138 καὶ
1245 2100 1395 2151 οὐρανίω

347 2160 412 2212 βίω
428 2159 489 2198 καὶ
526 2159 735 2212 ἀνθρωπίνω
768 2159 863 2212 ἀρχὰ
898 2158 957 2197 καὶ
981 2157 1128 2210 ἁγεμὼν
1164 2158 1226 2197 καὶ
1259 2159 1393 2210 κοσμή-

345 2223 466 2271 τειροιιι
500 2219 522 2256 ἁ
556 2218 701 2270 δύναμις
733 2219 755 2257 ἇ
785 2225 846 2262 τᾶς
882 2218 1038 2262 δεκάδος·
1081 2218 1163 2256 ἄνευ
1196 2217 1232 2256 δὲ
1267 2218 1397 2263 ταύτας

346 2279 450 2317 πάντ’
472 2278 600 2330 ἄπειρα
621 2278 682 2317 καὶ
709 2278 823 2326 ἄδηλα
857 2279 918 2316 καὶ
939 2279 1072 2331 ἀφανῆ.
1108 2277 1252 2328 Νομικδι
1277 2277 1345 2331 γὰρ
1374 2278 1396 2316 ἁ

347 2337 447 2393 φύσις
470 2338 492 2375 ἁ
508 2340 558 2376 τῶ
575 2340 712 2391 ἀριθμῶ
730 2338 790 2377 καὶ
807 2337 1001 2389 ἁγεμονικὰ
1018 2337 1078 2375 καὶ
1095 2337 1328 2376 διδασκαλικὰ
1347 2339 1397 2375 τῶ

347 2397 578 2450 ἀπορουμένω
597 2397 725 2440 παντὸς
756 2397 818 2435 καὶ
849 2396 1071 2448 ἀγνοουμένω
1098 2396 1220 2436 παντί.
1255 2397 1308 2436 Οὐ
1327 2395 1396 2449 γὰρ

349 2451 387 2504 ἧς
407 2458 510 2504 δῆλον
535 2456 646 2495 οὐθενὶ
680 2455 777 2495 οὐθὲν
810 2458 878 2495 τῶν
908 2456 1129 2508 πραγμάτων
1165 2455 1246 2494 οὔτε
1282 2457 1395 2493 αὐτῶν

349 2515 426 2554 ποθ’
444 2516 532 2554 αὑτὰ
556 2515 634 2553 οὔτε
666 2515 762 2553 ἄλλω
791 2516 870 2554 ποτ’
895 2514 1002 2560 ἄλλο,
1033 2516 1061 2552 εἷ
1098 2514 1146 2566 μὴ
1180 2509 1220 2562 ἧς
1253 2515 1396 2567 ἀριθμὸς

351 2575 411 2613 καὶ
445 2575 466 2611 ἁ
490 2573 602 2612 τούτω
633 2573 747 2613 ἐσσία.
791 2576 864 2614 Νῦν
898 2573 934 2611 δὲ
961 2568 1056 2617 οἶτος
1083 2573 1243 2612 ποττὰνι)
1275 2574 1393 2627 ψυχὰν

351 2702 529 2733 cin-ioribus
546 2702 732 2734 animalibus
755 2703 787 2734 et
810 2702 934 2743 plantis,
954 2712 1054 2743 quum
1069 2705 1101 2734 et
1117 2702 1302 2743 quindecies
1320 2711 1402 2744 prae-

353 2761 506 2792 stantiora
524 2761 566 2793 ibi
587 2761 703 2802 degant
728 2762 894 2800 animalia,
910 2762 987 2793 nihil
1006 2762 1204 2795 excrementi
1225 2762 1400 2804 reddentia,

354 2823 386 2852 et
402 2820 463 2852 diei
482 2821 571 2852 tanta
585 2821 625 2852 sit
642 2820 815 2860 iongitudo.

402 2885 450 2912 12.
477 2879 638 2911 Philolaus
654 2888 825 2911 numerum
850 2882 980 2912 aeternae
997 2880 1237 2913 mundanorum
1256 2890 1402 2922 perman-

355 2939 451 2971 sionis
478 2938 769 2979 praestantissimam
799 2947 836 2970 ac
860 2940 974 2979 sponte
999 2939 1139 2979 genitam
1160 2941 1308 2981 copulam
1333 2925 1403 2972 esse

356 2998 408 3029 ait.

402 3059 450 3087 13.
475 3054 646 3095 Spectandi
666 3055 740 3086 sunt
758 3062 967 3087 numerorum
988 3057 1122 3089 eftectus
1141 3060 1173 3089 et
1195 3062 1309 3089 natura
1327 3067 1344 3090 e
1373 3058 1404 3089 vi

358 3123 431 3154 quaa
454 3114 485 3146 in
504 3113 622 3147 decade
640 3116 793 3156 reperitur
814 3129 820 3148 :
840 3117 888 3148 est
902 3116 986 3147 enim
1001 3116 1123 3147 denarii
1144 3116 1270 3147 numeri
1287 3116 1334 3148 vis
1355 3117 1400 3148 in-

358 3183 437 3213 gens
462 3176 561 3215 atque
588 3174 694 3205 omnia
711 3174 875 3214 perficiens
900 3177 934 3206 ct
958 3174 1139 3213 absolvens,
1165 3171 1346 3215 divinaeque
1368 3184 1406 3206 ac

360 3232 496 3264 coelestis
512 3234 545 3264 et
565 3232 712 3264 humanae
733 3232 807 3264 vitae
826 3233 922 3264 simul
952 3233 1040 3272 origo
1066 3233 1163 3264 simul
1192 3233 1261 3264 dux
1283 3235 1314 3264 et
1333 3242 1404 3265 mo·

360 3290 513 3322 deratrix.
540 3290 616 3323 Sine
634 3298 671 3322 ea
687 3293 795 3321 autem
818 3290 926 3321 omnia
951 3289 1085 3329 infinita,
1100 3289 1220 3321 incerta
1236 3293 1332 3330 atque
1350 3290 1405 3321 ob-

360 3358 467 3381 scura.
519 3349 644 3390 Quippe
663 3349 787 3380 numeri
810 3350 922 3380 natura
936 3357 999 3389 qua
1013 3348 1062 3379 lex
1077 3350 1125 3380 est
1144 3356 1208 3388 qua
1218 3348 1285 3379 dux
1298 3350 1330 3380 et
1342 3357 1406 3380 ma-

361 3408 457 3448 gistra
473 3409 516 3441 rei
530 3408 700 3449 cujuslibet
722 3407 829 3440 dubiae
845 3409 942 3448 atque
958 3407 1109 3439 omnibus
1127 3407 1255 3447 ignotae.
1297 3408 1407 3448 Neque

363 3466 447 3498 enim
462 3467 609 3508 cuiquam
628 3467 692 3499 ulia
717 3475 766 3500 res
785 3466 836 3499 vel
854 3475 964 3499 secum
983 3466 1033 3499 vel
1049 3474 1121 3498 cum
1134 3466 1202 3497 aliis
1224 3470 1408 3506 comparata

1460 323 1622 377 ἁρμόζων
1655 323 1815 371 αἰσθήσει
1849 322 1966 362 πάντα
1990 322 2131 374 γνωστὰ
2153 323 2212 362 καὶ
2236 321 2412 375 ποτάγορα
2439 323 2500 361 ἀλ-

1458 383 1576 428 λάλοις
1603 382 1693 422 κατὰ
1722 382 1896 435 γνώμονος
1924 382 2027 435 φύσιν
2048 382 2299 435 ἀπεργάζεται,
2327 383 2502 432 σωματῶν

1458 443 1516 482 καὶ
1534 442 1661 496 σχίζων
1685 442 1762 486 τοὺς
1781 442 1901 494 λόγους
1917 441 2023 495 χωρὶς
2051 442 2217 486 ἑκάστους
2237 443 2307 480 τῶν
2328 441 2503 494 πραγμά-

1458 518 1547 550 των,
1577 505 1645 540 τῶν
1668 517 1706 540 τε
1732 501 1885 554 ἀπείρων
1907 501 1968 539 καὶ
1987 504 2056 539 τῶν
2075 500 2323 554 περαινόντων.
2338 498 2447 546 Ἰδοις
2466 499 2503 540 δὲ

1458 562 1517 601 καὶ
1535 562 1573 600 οὗ
1595 561 1697 613 μόνον
1726 563 1759 599 ἐν
1778 566 1848 604 τοῖς
1877 558 2069 610 δαιμονίοις
2094 560 2156 597 καὶ
2182 559 2285 604 θείοις
2316 558 2505 612 πράγμασι

1458 620 1520 659 τὰν
1536 623 1586 659 τῶ
1607 622 1743 673 ἀριθμῶ
1761 619 1861 671 φύσιν
1879 618 1939 657 καὶ
1957 617 2019 656 τὰν
2036 618 2179 669 δύναμιν
2196 617 2399 672 ἰσχύουσαν,
2414 618 2505 657 ἀλλὰ

1458 679 1519 718 καὶ
1543 681 1578 717 ἐν
1592 680 1660 723 τοῖς
1680 680 1912 731 ἀνθρωπικοῖς
1936 677 2046 729 ἔργοις
2060 677 2120 715 καὶ
2142 677 2255 728 λόγοις
2271 682 2358 716 πᾶσι
2376 682 2505 724 παντᾶ,

1459 739 1519 778 καὶ
1550 739 1640 777 κατὰ
1675 738 1736 781 τὰς
1770 734 1997 789 δαμιουργίας
2024 734 2086 779 τὰς
2114 734 2276 788 τεχνικὰς
2305 734 2423 780 πάσας
2445 735 2507 775 καὶ

1459 796 1551 836 κατὰ
1573 797 1635 837 τὰν
1659 796 1846 847 μουσικάν.
1888 796 2031 839 Ψεῦδος
2062 795 2097 833 δὲ
2127 795 2223 835 οὐδὲν
2248 795 2387 848 δέχεται
2414 795 2439 834 ἃ
2456 797 2507 834 τῶ

1459 861 1594 911 ἀριθμῶ
1611 856 1806 911 φύσιςοῦδὲ
1826 855 1988 909 ἁρμονία·
2003 857 2041 894 οὗ
2058 854 2126 908 γὰρ
2145 856 2269 893 οἷκεῖον
2285 855 2400 899 αὐτοῖς
2415 854 2503 895 ἔστί.

1460 920 1535 961 Τᾶς
1566 918 1635 972 γὰρ
1667 917 1802 969 ἀπείρω
1827 914 1888 954 καὶ
1915 914 2050 962 ἀνοήτω
2080 914 2137 953 καὶ
2167 914 2282 966 ἀλόγω
2314 914 2434 968 φύσιος
2466 912 2507 953 τὸ

1460 977 1581 1030 ψεῦδος
1607 976 1668 1014 καὶ
1686 979 1704 1014 ὃ
1723 975 1843 1028 φθόνος
1869 973 1957 1013 ἐστί.
1976 974 2119 1017 Ψεῦδος
2136 973 2172 1011 δὲ
2193 974 2355 1021 οὐδαμῶς
2371 973 2406 1018 ἐς
2423 974 2508 1025 ἀρι-

1459 1035 1544 1085 θμὸν
1582 1036 1742 1087 ε’μπιτνεῖ
1753 1038 1779 1057 ⁰·
1809 1033 1974 1082 πολέμιον
2002 1033 2070 1085 γὰρ
2100 1031 2160 1071 καὶ
2189 1033 2311 1085 ἐχθρὸν
2350 1038 2395 1086 τᾷ
2425 1032 2505 1086 φύσι

1460 1094 1595 1146 αὖτῶᾱ,
1628 1096 1650 1133 ἁ
1680 1095 1708 1133 δ’
1743 1095 1887 1134 ἀλάθεια
1926 1095 2048 1131 οἰκεῖον
2082 1092 2142 1131 καὶ
2168 1091 2346 1146 σύμφυτον
2379 1098 2424 1146 τᾷ
2456 1094 2508 1132 τῶ

1461 1157 1599 1209 ἀριθμῶ
1614 1161 1732 1206 γενεᾷ.

1516 1214 1683 1267 (Joann.
1724 1213 1899 1252 Stobaeus
1949 1212 2082 1262 Eclog.
2098 1211 2170 1251 lib.
2207 1211 2241 1259 l,
2279 1224 2366 1263 cap.
2408 1224 2447 1260 2,
2484 1211 2506 1249 3

1461 1287 1548 1324 pag.
1572 1275 1594 1311 8
1616 1287 1726 1324 seqq.
1754 1273 1814 1312 ed.
1837 1273 1950 1311 Heer.
1978 1272 2097 1310 Posui
2127 1286 2136 1308 2
2158 1274 2174 1293 ⁸
2205 1269 2265 1309 καὶ
2291 1269 2508 1323 κοσμήτειρα

1460 1334 1482 1370 ἁ
1505 1332 1649 1384 δύναμις
1678 1333 1699 1370 ἁ
1714 1337 1777 1375 τᾶς
1794 1330 1956 1379 δεκάδος;
1981 1330 2094 1370 codd.
2117 1333 2374 1370 κοινωνοῦσα...
2396 1328 2508 1368 δύνα-

1463 1408 1519 1441 μις
1552 1392 1612 1431 καὶ
1642 1397 1705 1435 τᾶς
1728 1388 1911 1434 δεκάδος)
1950 1389 2082 1428 ποττὰν
2114 1387 2252 1442 ψυχὰν;
2285 1388 2381 1427 libri
2415 1386 2508 1427 κατὰ

1458 1450 1589 1503 ψυχήν.
1603 1455 1618 1474 ⁶
1657 1452 1818 1502 ἔμπιτνεῖ
1859 1463 1945 1488 cum
1978 1448 2186 1496 Jacobsio;
2234 1447 2389 1486 codices
2427 1449 2507 1486 ἐπι-

1459 1515 1553 1549 πνεῖ.
1570 1508 1587 1533 ‘¹
1607 1516 1651 1564 τᾷ
1670 1510 1753 1562 φύσι
1777 1510 1872 1547 αὐτῶ
1890 1522 1976 1547 cum
1998 1508 2185 1546 Boeckhio
2199 1523 2210 1555 ;
2223 1507 2318 1545 libri
2337 1512 2382 1559 τᾷ
2404 1505 2507 1558 φύσει

1459 1569 1497 1608 τὸ
1516 1569 1653 1622 ψεῦδος.
1671 1569 1767 1607 Cum
1789 1567 1864 1606 hoc
1882 1567 2097 1617 fragmento
2118 1579 2248 1618 operae
2266 1566 2435 1617 pretium
2450 1573 2508 1604 est

1459 1629 1588 1680 plures
1616 1637 1791 1666 veterum
1827 1627 1933 1665 locos
1972 1625 2220 1666 contendere.
2247 1623 2327 1663 Nos
2361 1637 2507 1676 paucos

1459 1697 1606 1727 tantum
1619 1687 1838 1726 citabimus.
1853 1692 1998 1725 Auctor
2007 1685 2041 1723 T
2044 1685 2194 1735 heolog.
2210 1684 2364 1723 arithm.
2378 1698 2418 1736 p.
2432 1685 2455 1722 6
2467 1698 2479 1721 1
2493 1697 2504 1722 ι
2548 1685 2551 1687 ’

1458 1747 1574 1789 πίστις
1591 1762 1630 1788 γε
1647 1745 1716 1797 μὴν
1738 1747 1783 1797 (ἦ
1805 1744 1923 1796 δεκὰς)
1941 1745 2123 1794 καλεῖται,
2142 1743 2194 1782 ὅτι
2203 1742 2295 1782 κατὰ
2315 1742 2374 1782 τὸν
2393 1742 2508 1782 Φιλό-

1455 1809 1541 1845 λαον
1562 1805 1680 1845 δεκάδι
1699 1807 1760 1844 καὶ
1779 1812 1849 1849 τοῖς
1884 1806 1990 1851 αὐτῆς
2021 1804 2152 1857 μορίοις
2173 1806 2211 1843 οὗ
2238 1801 2423 1855 παρέργως
2440 1818 2508 1842 κα·

1459 1865 1783 1915 ταλαμὸανομένοις
1800 1864 1882 1917 περὶ
1903 1866 1972 1902 τῶν
1997 1862 2103 1902 ὄντων
2125 1862 2241 1901 πίστιν
2264 1861 2409 1914 βεὸαίαν
2431 1860 2509 1914 ἔχο·

1460 1940 1533 1975 μεν·
1551 1924 1669 1978 διόπερ
1686 1925 1745 1963 καὶ
1763 1924 1884 1975 μνήμη
1906 1923 2033 1975 λέγοιτ’
2050 1923 2090 1963 ἂν
2103 1924 2143 1962 ἐκ
2156 1925 2225 1961 τῶν
2238 1925 2368 1974 αὐτῶν,
2385 1922 2444 1976 ἀφ’
2458 1916 2506 1962 ὧν

1458 1985 1517 2022 καὶ
1535 1985 1640 2035 μονὰς
1668 1983 1873 2034 μνημοσύνη
1894 1982 2097 2033 ὠνομάσθη.
2123 1982 2261 2022 Theon
2280 1982 2506 2032 Smyrnaeus

1458 2042 1559 2081 Plat.
1583 2042 1765 2081 Mathem.
1802 2048 1851 2091 [49
1874 2055 1882 2078 :
1917 2044 1939 2088 ἠ
1960 2041 2078 2091 μέντοι
2095 2040 2198 2086 δεκὰς
2217 2039 2332 2078 πάντα
2351 2038 2508 2094 περαίνει
2544 2092 2547 2095 1

1459 2101 1518 2139 τὸν
1535 2099 1680 2154 ἀριθμόν
1693 2132 1702 2149 ,
1729 2100 1991 2153 ἐμπεριέχουσα
2011 2106 2129 2138 πᾶσαν
2150 2099 2252 2152 φύσιν
2281 2098 2375 2143 ἐντὸς
2398 2101 2508 2146 αὖτῆς

1460 2157 1577 2211 ἀρτίου
1596 2174 1633 2196 τε
1654 2158 1714 2197 καὶ
1739 2163 1924 2212 περιττοῦ,
1953 2157 2156 2208 κινουμένου
2175 2173 2212 2196 τε
2235 2157 2295 2196 καὶ
2316 2157 2504 2208 ἀκινήτου,

1459 2220 1589 2270 ἀγαθοῦ
1604 2234 1640 2257 τε
1657 2219 1717 2257 καὶ
1729 2222 1850 2257 κακοῦ·
1871 2218 1951 2271 περὶ
1966 2213 2006 2266 ἧς
2026 2217 2086 2256 καὶ
2112 2217 2279 2270 Ἀρχύτας
2297 2218 2332 2255 ἐν
2357 2219 2408 2270 τῷ
2423 2216 2505 2269 περὶ

1459 2281 1519 2326 τῆς
1539 2279 1680 2323 δεκάδος
1708 2278 1769 2318 καὶ
1796 2278 1975 2322 Φιλόλαος
1999 2281 2034 2318 ἐν
2055 2280 2104 2329 τῷ
2123 2278 2203 2331 περὶ
2228 2276 2365 2331 φύσεως
2389 2276 2506 2316 πολλὰ

1460 2338 1635 2383 διεξίασιν.
1659 2338 1856 2376 Lucianus
1876 2351 1950 2387 pro
1968 2338 2080 2389 lapsu
2093 2337 2195 2375 inter
2221 2335 2467 2376 salutandum
2485 2335 2508 2374 5

1461 2398 1540 2437 vol.
1564 2399 1594 2446 Ι,
1612 2411 1653 2448 p.
1675 2398 1746 2445 731
1780 2397 1840 2436 ed.
1865 2396 2002 2436 Reitz.:
2027 2395 2093 2435 εἶσὶ
2117 2395 2152 2434 δὲ
2169 2394 2203 2434 οἳ
2225 2396 2285 2435 καὶ
2304 2394 2368 2444 τὴν
2385 2411 2510 2450 τετρα-

1459 2455 1542 2494 κτὺν
1568 2456 1627 2494 τὸν
1658 2455 1820 2507 μέγιστον
1849 2454 1948 2508 ὅρκον
1970 2457 2083 2494 αὐτῶν
2101 2456 2195 2506 (τῶν
2221 2456 2510 2510 Πυθαγορείων),

1460 2515 1483 2562 ἢ
1501 2514 1559 2553 τὸν
1578 2515 1697 2562 ἐντελῆ
1717 2516 1832 2558 αὐτοῖς
1848 2513 1993 2567 ἀριθμὸν
2022 2516 2210 2567 ἀποτελεῖ,
2228 2514 2296 2563 ἤδη
2315 2516 2376 2555 καὶ
2393 2515 2510 2570 ὑγείας

1464 2573 1577 2627 ἀρχὴν
1600 2574 1781 2613 ἐκάλεσαν·
1797 2567 1845 2611 ῶν
1864 2573 1924 2611 καὶ
1941 2573 2117 2617 Φιλόλαός
2138 2575 2245 2614 ἔστιν.
2265 2575 2276 2625 )

1463 2702 1627 2743 perspicua
1648 2702 1742 2742 soret,
1760 2702 1819 2734 nisi
1842 2711 1996 2734 numerus
2017 2702 2153 2742 ejusque
2170 2703 2283 2734 natura
2297 2705 2397 2735 esset.
2416 2704 2510 2735 Nunc

1463 2762 1569 2794 autem
1583 2761 1635 2793 liic
1647 2770 1807 2794 mensurae
1817 2762 1916 2793 instar
1928 2763 2043 2793 cuncta
2057 2761 2163 2793 animo
2175 2760 2417 2794 accommodata
2433 2770 2508 2794 sen·

1462 2820 1512 2853 sui
1528 2820 1657 2861 subjicit
1673 2829 1710 2852 ac
1727 2820 1786 2852 sibi
1806 2820 1943 2853 invicem
1964 2820 2130 2852 familiaria
2145 2820 2259 2859 reddit,
2276 2819 2401 2861 singula
2420 2820 2511 2854 velut

1464 2889 1597 2921 corpore
1609 2881 1747 2912 vestiens
1764 2887 1936 2920 rerumque
1954 2879 2024 2911 tum
2047 2878 2244 2911 infinitarum
2263 2881 2332 2910 tum
2348 2872 2510 2911 finitarum

1464 2939 1548 2971 inter
1568 2948 1603 2972 se
1618 2938 1873 2980 comparationes
1891 2947 1910 2970 a
1927 2938 2021 2970 rebus
2038 2938 2114 2978 ipsis
2130 2937 2314 2978 sejungens.
2357 2937 2509 2970 Animad-

1466 2999 1589 3030 vertere
1617 2999 1730 3030 autem
1756 2996 1831 3029 licet
1856 3004 2064 3028 numerorum
2085 2995 2150 3026 vim
2176 2996 2209 3027 et
2224 2997 2374 3026 naturam
2392 2994 2511 3035 ubique

1465 3065 1530 3088 non
1543 3054 1641 3087 modo
1657 3054 1689 3086 in
1714 3052 1808 3085 rebus
1821 3051 1941 3084 divinis
1959 3060 1997 3083 ac
2015 3051 2218 3091 coelestibus,
2237 3050 2292 3082 sed
2311 3051 2345 3082 in
2358 3049 2511 3083 omuibus

1466 3123 1593 3156 quoque
1627 3113 1775 3155 operibus
1804 3110 1995 3143 mortalibus
2023 3110 2236 3150 omnibusque
2269 3109 2449 3147 rationibus
2477 3110 2511 3142 et

1473 3174 1612 3211 artibus,
1644 3174 1679 3205 ut
1708 3173 1740 3203 et
1771 3171 1803 3203 in
1828 3169 1959 3202 musica.
2007 3171 2222 3202 Numerorum
2246 3171 2353 3201 autem
2386 3169 2422 3200 ut
2438 3167 2511 3200 liar-

1468 3232 1583 3264 moniae
1602 3234 1716 3263 natura
1735 3230 1813 3263 nibil
1832 3229 1904 3261 salsi
1931 3228 2083 3267 admittit,
2102 3228 2221 3268 quippe
2233 3236 2331 3268 quam
2348 3227 2502 3266 attingere

1468 3291 1546 3323 illud
1563 3300 1627 3323 non
1646 3290 1755 3331 possit.
1797 3289 1928 3322 Falsum
1946 3287 2031 3319 enim
2045 3290 2076 3319 et
2093 3287 2210 3318 invidia
2227 3285 2362 3318 infinitae
2380 3286 2510 3317 tentum

1468 3352 1564 3390 atque
1591 3349 1768 3391 insipientis
1792 3350 1824 3380 et
1842 3347 1998 3379 dementis
2025 3348 2146 3377 naturae
2165 3346 2251 3377 sunt.
2276 3346 2312 3376 ln
2341 3353 2510 3376 numerum

1470 3417 1545 3440 vero
1561 3418 1649 3440 error
1668 3417 1730 3440 non
1747 3407 1844 3448 cadit,
1860 3406 2010 3447 quoniam
2034 3410 2157 3437 naturae
2174 3408 2243 3450 ejus
2261 3405 2416 3444 repugnat
2423 3414 2434 3443 ;
2453 3411 2510 3435 ve·

1471 3467 1549 3499 ritas
1569 3477 1644 3500 vero
1659 3466 1787 3510 propria
1805 3469 1854 3499 est
1873 3467 1970 3506 atque
1990 3463 2082 3496 insita
2098 3470 2305 3496 numerorum
2325 3462 2444 3502 generi.

2627 2856 2638 2886 ἰ».
2624 2620 2638 2847 ιε-υωιὲςπ...ςλ--ι
2627 2470 2638 2608 ιη...,.ὼ..ε«..ια
2629 2410 2638 2419 ι

2612 3012 2638 3143 sams}
2626 2972 2638 3005 μγ
2633 2935 2638 2952 -.
