2638 3840
296 282 344 316 76

292 362 383 402 κατὰ
398 364 603 416 προσκοπὴν
616 361 666 398 ¹⁷³
676 364 877 417 γιγνόμενα,
891 358 961 403 οἷον
974 363 1193 416 μισογυνίαν,
1216 379 1334 416 μισοι-

290 422 379 469 νίαν,
401 423 681 476 μισανθρωπίαν.
722 423 778 464 Τὰ
795 422 830 462 δὲ
845 423 1027 473 νοσήματα
1051 426 1128 474 μετ’
1158 424 1337 469 ἀσθενείας

290 479 544 533 συμὸαίνοντα,
564 482 831 536 ἀρρωστήματα
849 483 1045 523 καλεῖσθαι.
1070 482 1293 535 Κατόρθωμα
1307 483 1336 522 δ’

290 531 376 576 εἶναι
396 538 535 591 λέγουσι
549 545 714 589 καθῆκον,
729 541 862 584 πάντας
877 541 1000 592 ἐπέχον
1018 539 1097 584 τοὺς
1115 540 1294 592 ἀριθμούς,
1310 541 1332 589 ἢ

288 597 446 649 καθάπερ
471 599 695 652 προείπομεν,
721 599 849 638 τέλειον
872 602 1038 646 καθῆκον·
1061 600 1259 651 ἁμάρτημά
1281 616 1332 649 τε,

286 655 325 694 τὸ
345 656 443 709 παρὰ
456 657 513 696 τὸν
531 658 630 710 ὀρθὸν
647 659 750 710 λόγον
773 658 1026 711 πραττόμενον,
1047 658 1068 705 ἢ
1086 660 1120 697 ἐν
1135 653 1163 712 ᾧ
1176 660 1334 711 παραλέ-

287 713 429 753 λειπταί
455 731 490 754 τι
507 719 658 763 καθῆκον
685 716 753 755 ὑπὸ
782 718 922 768 λογικοῦ
955 716 1056 770 ζῴου.
1077 718 1133 757 Τά
1152 734 1191 757 τε
1219 717 1334 770 ἀγαθὰ

287 774 405 812 πάντα
426 777 494 813 τῶν
517 775 716 814 σπουδαίων
737 767 824 813 εἶναι
853 775 1010 828 λέγουσι,
1032 779 1111 815 καθ’
1142 775 1161 815 ὃ
1186 776 1247 816 καὶ
1274 775 1332 816 τὸν

286 833 484 886 ὠφελοῦντά
503 849 581 872 τινα
597 836 666 872 τῶν
689 834 839 881 πλησίον
864 834 923 872 καὶ
941 834 1061 873 ἑαυτὸν
1075 834 1239 888 ὠφελεῖν.
1258 836 1333 883 Τήν

286 907 321 930 τε
345 892 507 942 ὁμόνοιαν
525 893 724 944 ἐπιστήμην
749 888 835 931 εἶναι
852 896 976 932 κοινῶν
996 896 1149 944 ἀγαθῶν,
1170 894 1214 932 δι’
1235 893 1253 933 ὃ
1274 896 1333 934 καὶ

285 950 362 994 τοὺς
376 950 583 995 σπουδαίους
597 952 731 996 πάντας
748 954 904 1002 ὁμονοεῖν
921 954 1096 1000 ἀλλήλοις,
1115 952 1173 991 διὰ
1187 953 1226 992 τὸ
1243 969 1332 1004 συμ-

285 1014 406 1063 φωνεῖν
429 1013 463 1048 ἐν
479 1016 553 1054 τοῖς
570 1010 662 1050 κατὰ
684 1011 742 1050 τὸν
765 1011 851 1062 βίον·
870 1011 948 1055 τοὺς
969 1012 1004 1050 δὲ
1025 1012 1176 1065 φαύλους
1196 1013 1331 1065 διαφοι-

288 1074 425 1113 νοῧντας
447 1070 532 1122 πρὸς
553 1070 737 1118 ἀλλήλους,
757 1070 898 1123 ἐχθροὺς
916 1065 1003 1109 εἶναι
1021 1070 1080 1109 καὶ
1103 1086 1332 1117 κακοποιητι-

283 1128 362 1172 κοὺς
382 1128 545 1176 ἀλλήλοιν
556 1129 615 1167 καὶ
628 1129 830 1180 πολεμίους.
850 1129 904 1169 Τό
921 1145 958 1168 τε
982 1129 1114 1168 δίκαιόν
1131 1146 1216 1183 φασι
1231 1129 1331 1184 φύσει

282 1180 370 1225 εἶναι
403 1188 463 1226 καὶ
496 1187 545 1238 μὴ
579 1188 689 1229 θέσει.
712 1188 907 1239 Έπόμενον
932 1187 968 1227 δὲ
999 1189 1134 1234 τούτοις
1163 1190 1331 1243 ὑπάρχειν

281 1246 341 1284 καὶ
368 1246 406 1285 τὸ
434 1247 683 1287 πολιτεύεσθαι
714 1248 773 1286 τὸν
803 1248 906 1301 σοφὸν
939 1247 999 1287 καὶ
1022 1249 1176 1299 μάλιστα
1200 1251 1236 1288 ἐν
1255 1255 1332 1299 ταῖς

281 1305 456 1349 τοιαύταις
475 1306 665 1351 πολιτείαις
683 1309 758 1351 ταῖς
781 1306 1031 1359 ἐμφαινούσαις
1051 1307 1129 1346 τινὰ
1150 1307 1331 1360 προκοπὴν

281 1364 365 1416 πρὸς
391 1364 453 1409 τὰς
476 1365 611 1410 τελείας
633 1366 809 1410 πολιτείας
831 1366 902 1417 ¹74,
921 1366 982 1405 καὶ
1005 1366 1045 1405 τὸ
1064 1370 1259 1418 νομοθετεῖν
1280 1367 1330 1416 δέ,

282 1424 341 1462 καὶ
361 1424 400 1462 τὸ
418 1426 592 1464 παιδεύειν
612 1426 824 1478 ἀνθρώπους,
843 1425 893 1464 ἔτι
915 1425 949 1464 δὲ
969 1426 1180 1480 συγγράφειν
1195 1426 1241 1465 τὰ
1262 1428 1327 1466 δυ-

281 1484 414 1534 νάμενα
443 1485 591 1536 ὠφελεῖν
611 1485 688 1529 τοὺς
709 1486 984 1538 ἐντυγχάνοντας
1014 1491 1084 1529 τοῖς
1102 1486 1328 1538 γράμμασιν,

282 1545 406 1581 οἰκεῖον
441 1537 529 1580 εἶναι
548 1549 619 1588 τοῖς
641 1545 839 1587 σπουδαίοις
853 1573 863 1591 ,
892 1544 951 1582 καὶ
967 1544 1007 1582 τὸ
1027 1545 1322 1596 συγκαταὸαίνειν

281 1601 342 1639 καὶ
367 1603 413 1646 εἰς
439 1600 552 1652 γάμον
584 1602 645 1641 καὶ
666 1605 712 1647 εἰς
742 1603 982 1653 τεκνογονίαν,
1006 1603 1066 1640 καὶ
1097 1606 1205 1642 αὑτοῦ
1224 1604 1328 1656 χάριν

281 1659 341 1697 καὶ
369 1662 430 1706 τ’ῆς
451 1660 640 1715 πατρίδος,
665 1661 724 1700 καὶ
745 1661 931 1711 ὑπομένειν
952 1662 1033 1714 περὶ
1055 1661 1204 1709 ταύτης,
1225 1661 1283 1700 ἐὰν
1303 1657 1326 1714 ᾗ

282 1717 406 1770 μέτρια
419 1748 428 1765 ,
451 1718 511 1757 καὶ
527 1719 650 1764 πόνους
666 1719 726 1758 καὶ
747 1720 910 1759 θάνατον.
930 1721 1177 1772 Παραιεῖσθαι
1197 1718 1232 1757 δὲ
1253 1719 1331 1758 τού-

281 1792 351 1822 τοις
373 1779 491 1829 φαῧλα
504 1808 515 1828 ,
536 1779 576 1817 τό
594 1795 631 1817 τε
651 1780 863 1828 δημοκοπεῖν
879 1778 939 1817 καὶ
957 1777 998 1816 τὸ
1021 1777 1253 1831 σοφιστεύειν,
1270 1778 1328 1818 καὶ

281 1837 320 1875 τὸ
340 1836 549 1890 συγγράφειν
571 1837 627 1876 ἐπὶ
646 1838 760 1891 βλάὸῃ
780 1844 850 1882 τοῖς
873 1839 1154 1890 ἐντυγχάνουσιν,
1173 1837 1263 1891 ἅπερ
1285 1841 1331 1883 εἷς

283 1897 490 1940 σπουδαίους
510 1898 572 1936 οὐκ
593 1896 634 1934 ἂν
655 1896 770 1936 πέσοι.

334 1957 475 2007 Τριχῶς
495 1954 530 1994 δὲ
546 1956 736 2008 λεγομένης
755 1959 816 2002 τῆς
836 1956 969 2009 φιλίας,
989 1958 1069 1995 καθ’
1090 1954 1149 1994 ἕνα
1171 1955 1233 2006 μὲν
1250 1955 1331 2008 τρό-

282 2084 358 2116 bum
377 2086 486 2117 autem
505 2093 573 2117 ffise
593 2084 778 2126 cupiditatis
800 2084 984 2126 opinionem
1003 2084 1037 2117 in
1059 2084 1207 2118 habitum
1227 2086 1332 2118 muta-

283 2147 346 2175 tam
361 2152 398 2175 ac
415 2144 540 2184 penitus
558 2144 699 2184 insitam,
716 2153 780 2185 qua
794 2144 883 2176 ducti
906 2153 970 2176 non
995 2144 1143 2185 eligenda
1162 2153 1223 2185 pro
1239 2143 1331 2176 valde

281 2203 431 2243 eligendis
445 2203 573 2242 habent,
594 2205 630 2235 ut
655 2203 941 2244 mulierositatem,
970 2203 1202 2243 ebriositatem,
1225 2202 1332 2235 avari-

284 2262 359 2292 tiam
372 2272 381 2301 ;
397 2269 456 2293 nec
471 2270 535 2293 non
550 2261 599 2293 bis
615 2261 735 2293 morbis
750 2262 908 2294 contraria
926 2261 1054 2301 reperiri
1072 2271 1145 2302 quae
1157 2261 1334 2294 offensione

282 2319 390 2358 aliqua
415 2318 575 2358 oriuntur,
608 2323 643 2351 ut
672 2318 783 2351 odium
817 2320 1001 2358 mulierum,
1036 2319 1122 2359 vini,
1152 2319 1332 2351 hominum.

282 2376 412 2408 Morbos
434 2386 510 2409 vero
542 2385 617 2408 cum
646 2376 866 2409 imbecillitate
891 2377 1083 2418 conjunctos
1110 2377 1334 2418 aegrotationes

282 2433 401 2465 vocari.
464 2435 626 2466 Caeterum
654 2436 741 2467 recte
764 2435 884 2467 factum
913 2443 981 2467 esse
1005 2435 1167 2467 affirmant
1191 2435 1333 2467 osticium

282 2494 431 2526 omnibus
446 2494 589 2527 numeris
612 2495 818 2534 absolutum,
846 2495 898 2528 vel
928 2496 1205 2537 quemadmodum
1236 2506 1333 2538 supra

285 2554 426 2586 diximus
443 2554 640 2595 persectum3
656 2559 824 2596 peccatum
845 2557 968 2597 contra,
984 2557 1071 2597 quod
1090 2560 1205 2597 praeter
1215 2560 1333 2589 rectam

284 2612 440 2644 rationem
461 2612 509 2652 lit,
536 2613 584 2645 vel
610 2613 643 2644 in
660 2622 725 2654 quo
743 2613 840 2646 ot'ticii
867 2614 986 2655 aliquid
1008 2616 1259 2656 praetermissum
1286 2617 1335 2648 est

283 2672 323 2703 al)
341 2672 473 2703 animali
495 2672 618 2704 ratione
641 2673 785 2713 praedito.
803 2674 920 2705 Omnia
936 2675 1090 2714 praeterea
1108 2674 1192 2707 bona
1213 2675 1333 2716 probo-

285 2739 356 2762 rum
380 2730 545 2762 hominum
577 2740 645 2763 esse
674 2733 782 2771 ajunt,
808 2734 967 2773 quatenus
989 2732 1042 2774 qui
1060 2733 1151 2765 alteri
1169 2733 1272 2775 prosit
1295 2743 1330 2766 se

286 2789 389 2829 ipsum
411 2798 540 2830 quoque
557 2789 662 2829 juvet.
681 2791 892 2823 Concordiam
909 2800 987 2823 vero
1001 2792 1154 2833 appellari
1169 2792 1334 2825 scientiam

286 2848 439 2879 bonorum
462 2848 704 2889 communium,
737 2849 875 2890 ideoque
908 2851 1006 2882 etiam
1045 2851 1162 2892 probos
1190 2852 1335 2885 homines

286 2909 420 2938 cunctos
441 2906 521 2938 inter
538 2915 573 2938 se
592 2907 771 2939 concordiae
800 2909 928 2941 vinculo
947 2910 1111 2950 colligatos
1131 2919 1213 2952 esse,
1229 2920 1332 2952 quum

286 2965 365 2996 iniis
386 2972 459 3004 quae
477 2965 517 2996 ad
538 2965 640 2997 vitam
657 2966 828 3007 pertinent,
846 2968 1067 3009 consentiant;
1088 2978 1206 3010 pravos
1223 2974 1335 3003 contra

286 3024 369 3055 iuter
384 3031 417 3055 se
436 3023 610 3062 discordes,
628 3027 741 3056 mutuo
761 3034 828 3057 esse
846 3026 993 3059 inimicos
1008 3029 1040 3060 et
1063 3028 1207 3061 hostium
1237 3030 1336 3062 instar

286 3082 424 3114 invicem
444 3091 570 3114 nocere.
584 3083 602 3114 J
606 3091 644 3114 us
660 3091 738 3115 vero
756 3083 865 3116 dicunt
876 3089 991 3118 natura
1002 3095 1084 3126 esse,
1099 3096 1164 3119 non
1178 3089 1334 3120 constitu-

286 3142 385 3174 tione.
403 3142 497 3182 Sequi
516 3143 625 3174 autem
650 3141 722 3174 inde
736 3144 772 3175 ut
791 3143 916 3184 sapiens
937 3145 1168 3186 rempublicam
1204 3156 1334 3188 quoque

287 3204 454 3242 capessat,
477 3202 510 3234 et
532 3201 672 3234 maxime
689 3201 819 3242 quidem
835 3202 867 3234 in
881 3203 937 3235 tali
960 3203 1091 3236 civitate
1109 3213 1183 3245 quae
1202 3206 1244 3237 ad
1260 3215 1332 3247 per-

288 3260 404 3292 fectam
424 3260 659 3301 quodammodo
679 3261 832 3294 accedere
854 3261 1019 3303 videatur,
1038 3272 1133 3303 porro
1157 3263 1240 3304 leges
1256 3264 1336 3297 serre

288 3323 320 3353 ct
340 3321 505 3354 instituere
534 3322 679 3354 homines
695 3331 732 3354 ac
763 3322 874 3354 litteris
898 3323 1050 3355 mandare
1077 3324 1194 3364 ingenii
1225 3333 1337 3357 monu-

291 3381 399 3410 menta
420 3388 494 3421 quae
524 3380 705 3421 legentibus
738 3380 890 3422 prodesse
916 3381 1047 3422 possint,
1078 3382 1170 3422 probi
1195 3382 1335 3415 hominis

294 3437 457 3477 proprium
472 3438 668 3479 existimari3
687 3447 744 3471 nec
755 3448 818 3472 uon
832 3439 871 3471 ad
887 3440 1016 3481 nuptias
1029 3441 1062 3472 et
1079 3440 1253 3474 liberorum
1268 3450 1337 3482 pro-

292 3495 483 3528 creationem
512 3505 580 3529 sese
607 3498 796 3537 demittere,
824 3500 893 3531 tum
920 3499 969 3531 sui
1000 3499 1101 3539 ipsius
1127 3500 1196 3531 tum
1227 3501 1336 3541 patriae

1131 276 1596 318 PYTHAGOREORUM

1398 381 1461 405 πον
1491 367 1554 413 τῆς
1579 368 1695 413 κοινῆς
1713 365 1813 405 ἕνεκα
1835 365 1976 419 χρείας,
1990 368 2069 405 καθ’
2088 365 2131 414 ἣν
2153 366 2246 420 φίλοι
2272 359 2361 405 εἶναι
2379 365 2442 406 λε’-

1396 439 1531 476 γονται,
1552 424 1683 472 ταύτην
1707 423 1769 475 μὲν
1790 424 1828 464 οὔ
1849 440 1935 477 φασι
1952 428 2021 464 τῶν
2045 427 2184 477 ἀγαθῶν
2203 418 2306 476 εἶναι,
2330 425 2387 464 διὰ
2402 425 2442 465 τὸ

1398 482 1504 531 μηδὲν
1521 485 1559 522 ἐκ
1573 482 1807 530 διεστηκότων
1828 483 1955 535 ἀγαθὸν
1976 477 2067 522 εἶναι
2079 482 2157 522 κατ’
2170 483 2305 528 αὐτούς·
2322 483 2388 532 τὴν
2403 483 2440 524 δὲ

1395 540 1488 579 κατὰ
1501 540 1540 580 τὸ
1556 542 1712 594 δεύτερον
1727 542 1986 593 σημαινόμενον
1998 541 2190 594 λεγομένην
2204 543 2337 596 φιλίαν,
2350 544 2443 584 κατὰ

1397 600 1516 653 σχέσιν
1549 595 1654 640 οὖσαν
1676 601 1815 655 φιλικὴν
1832 600 1916 653 πρὸς
1936 601 1992 640 τὸν
2015 600 2146 649 πέλας,
2171 604 2240 640 τῶν
2263 602 2359 647 ἐκτὸς
2378 602 2443 642 λε’-

1394 674 1513 711 γουσιν
1532 662 1683 711 ἀγαθῶν·
1707 660 1770 707 τὴν
1790 659 1826 698 δὲ
1846 660 1926 712 περὶ
1949 659 2053 699 αὐτὸν
2071 660 2208 714 φιλίαν,
2225 662 2304 700 καθ’
2322 661 2366 709 ἢν
2386 661 2442 714 qai·

1394 718 1452 761 λος
1482 719 1555 757 ἐστὶ
1581 722 1650 758 τῶν
1687 718 1818 767 πέλας,
1846 721 1915 758 τῶν
1947 719 2027 771 περὶ
2053 718 2170 773 ψυχὴν
2191 718 2443 774 ἀποφαίνουσιν

1395 778 1548 828 ἀγαθῶν.
1624 771 1729 816 Εἶναι
1747 776 1784 815 δὲ
1810 777 1870 816 καὶ
1898 779 1977 816 καθ’
1996 777 2112 830 ἕτερον
2132 777 2259 831 τρόπον
2281 777 2381 817 κοινὰ
2399 778 2444 818 τὰ

1394 836 1522 888 ἀγαθά.
1558 836 1683 876 Πάντα
1697 836 1765 890 γὰρ
1779 835 1837 875 τὸν
1858 838 2009 875 ὁντινοῦν
2029 838 2232 890 ὠφελοῦντα
2251 836 2332 886 ἴσην
2354 837 2444 890 ὠφέ-

1393 896 1491 934 λειαν
1507 895 1776 946 ἀπολαμὸάνειν
1791 895 1966 947 νομίζουσι
1984 898 2067 949 παρ’
2084 896 2167 935 αὐτὸ
2178 900 2292 943 τοῦτο,
2310 897 2446 947 μηδένα

1395 954 1430 993 δὲ
1451 958 1580 1008 φαῦλον
1603 955 1693 1006 μήτε
1715 957 1927 1008 ὠφελεῖσθαι
1956 954 2045 1005 μήτε
2067 957 2227 1009 ὠφελεῖν.
2251 949 2355 996 Εἶναί
2375 955 2443 1010 γὰρ

1393 1014 1432 1052 τὸ
1453 1015 1599 1068 ὠφελεῖν
1619 1014 1730 1066 ἴσχειν
1761 1017 1840 1052 κατ’
1873 1014 2016 1067 ἀρετὴν,
2046 1014 2106 1052 καὶ
2135 1014 2175 1053 τὸ
2202 1015 2232 1052 ὠ
2261 1016 2443 1066 ελεῖσθαι,

1394 1076 1566 1112 κινεῖσθαι
1600 1073 1677 1111 κατ’
1708 1072 1851 1124 ἀρετήν.
1883 1071 2119 1122 Οἰκονομικὸν
2151 1073 2182 1110 δ’
2219 1088 2234 1111 ε
2251 1087 2308 1110 ναι
2341 1072 2444 1123 μόνον

1392 1132 1532 1183 λέγουσι
1553 1130 1611 1170 τὸν
1639 1131 1826 1170 σπουδαῖον
1850 1130 1910 1169 καὶ
1932 1130 2060 1182 ἀγαθὸν
2089 1130 2284 1181 οἰκονόμον.
2358 1127 2445 1170 Ἔτι

1394 1190 1430 1230 δὲ
1449 1207 1473 1244 χ
1478 1192 1767 1244 ρημαστιστικόν.
1848 1190 1925 1239 Τὴν
1946 1189 2008 1240 μὲν
2025 1189 2094 1242 γὰρ
2114 1188 2337 1241 οἰκονομικὴν
2356 1182 2445 1229 εἶναι

1393 1250 1606 1303 θεωρητικὴν
1636 1249 1702 1295 ἕξιν
1733 1249 1792 1289 καὶ
1821 1248 2020 1302 πρακτικὴν
2045 1250 2115 1287 τῶν
2143 1247 2228 1301 οἴκῳ
2249 1248 2445 1302 συμφερόν-

1391 1324 1474 1348 των·
1503 1309 1567 1357 τὴν
1589 1309 1618 1347 δ’
1650 1307 1863 1359 οἰκονομίαν,
1896 1306 2052 1353 διάταξιν
2084 1307 2164 1358 περὶ
2200 1306 2445 1358 ἀναλωμάτων

1392 1367 1454 1406 καὶ
1483 1367 1605 1421 ἔργων,
1627 1367 1687 1407 καὶ
1708 1367 1879 1415 ’κτήσεως
1915 1366 2134 1418 ἐπιμέλειαν,
2171 1366 2232 1405 καὶ
2264 1368 2334 1405 τῶν
2364 1368 2445 1405 κατ’

1393 1428 1498 1481 ἀγρὸν
1519 1426 1773 1480 ἐργαζομένων.
1839 1426 1917 1474 Τὴν
1938 1425 1974 1464 δὲ
1994 1427 2278 1479 χρηματιστικήν
2291 1455 2302 1473 ,
2323 1427 2448 1477 ε’μπει-

1395 1486 1471 1540 ρίαν
1491 1487 1744 1540 περιποιήσεως
1765 1486 1961 1539 χρημάτων
1991 1487 2164 1539 ἀφειδῶς,
2187 1485 2247 1524 καὶ
2267 1484 2336 1531 ἕξιν
2357 1488 2446 1538 ὁμο·

1391 1546 1613 1598 λογουμένως
1651 1546 1927 1600 ἀναστρέφεσθαι
1973 1549 2141 1584 ποιοῦσαν
2178 1547 2212 1584 ἐν
2257 1548 2444 1599 συναγωγῇ

1390 1606 1604 1657 χρημάτων,
1622 1604 1682 1643 καὶ
1699 1604 1863 1656 τηρήσει,
1884 1605 1945 1643 καὶ
1966 1605 2146 1643 ἀναλώσει
2163 1604 2249 1658 πρὸς
2265 1605 2444 1658 εὐπορίαν·

1391 1664 1430 1701 τὸ
1450 1662 1484 1702 δὲ
1503 1663 1789 1716 χρηματίζεσθαι
1807 1662 1895 1707 τινὲς
1909 1663 1971 1714 μὲν
1990 1662 2095 1712 μέσον
2116 1657 2212 1702 εἷπον
2233 1656 2341 1714 εἶναι,
2356 1663 2447 1709 τινὲς

1393 1721 1429 1759 δ’·
1443 1723 1593 1760 ἀστεῖον.
1619 1722 1764 1760 Φαῦλον
1783 1720 1818 1760 δὲ
1837 1722 1971 1772 μηδένα
1991 1721 2195 1774 προστάτην
2210 1722 2337 1774 ἀγαθὸν
2349 1722 2445 1762 οἴκου

1394 1779 1589 1831 γίγνεσθαι,
1611 1781 1700 1830 μηδὲ·
1722 1781 1890 1820 δύνασθαι
1912 1782 2023 1820 οἰκίαν
2045 1775 2083 1819 εῧ
2099 1782 2304 1830 οἰκονομεῖν.
2326 1781 2443 1822 Μόνον

1394 1838 1429 1878 δὲ
1449 1838 1508 1878 τὸν
1539 1841 1726 1879 σπουδαῖον
1748 1840 1856 1893 ἄνδρα
1884 1839 2162 1894 χρηματιστικὸν
2182 1833 2292 1889 εἶναι,
2310 1842 2441 1894 γιγνώ-

1394 1913 1522 1936 σκοντα
1540 1899 1599 1950 ἀφ’
1622 1892 1668 1936 ὧν
1690 1901 1968 1952 χρηματιστέον,
1983 1899 2042 1938 καὶ
2063 1900 2164 1947 πότε,
2191 1899 2251 1938 καὶ
2277 1903 2364 1949 πῶς,
2383 1901 2444 1941 καὶ

1395 1956 1502 2009 μέχρι
1533 1956 1633 1996 πότε.
1669 1958 1770 1996 Φασὶ
1804 1956 1841 1996 δὲ
1873 1957 2048 2009 μηδέποτε
2085 1957 2309 2011 συγγνώμην,
2331 1958 2442 2012 ἔχειν,

1393 2093 1511 2124 causa,
1529 2094 1586 2126 pro
1606 2094 1694 2127 qua,
1712 2087 1739 2118 si
1769 2094 1820 2118 res
1842 2085 2000 2127 postulet,
2025 2085 2149 2118 labores
2170 2086 2268 2119 etiam
2288 2088 2443 2120 mortem·

1394 2153 1456 2185 que
1476 2144 1558 2177 ferre
1574 2153 1638 2176 non
1662 2144 1800 2177 dubitet.
1814 2145 1966 2177 Finitima
1985 2148 2093 2177 autem
2110 2145 2159 2177 his
2181 2154 2255 2178 esse
2272 2154 2370 2187 prava
2381 2170 2392 2186 ,
2408 2147 2447 2179 ut

1394 2203 1512 2244 populo
1532 2203 1683 2244 blandiri,
1716 2203 1895 2245 sophistam
1915 2212 2008 2245 agere
2020 2228 2029 2243 ,
2048 2203 2175 2236 inutilia
2195 2204 2397 2237 conscribere
2411 2207 2451 2252 ct⁵

1395 2262 1573 2302 legentibus
1599 2262 1766 2302 nocitura;
1796 2271 1869 2304 quae
1898 2270 2064 2303 nunquam
2097 2262 2212 2295 cadant
2233 2263 2265 2296 in
2294 2262 2443 2296 homines

1395 2321 1523 2362 probos.

1435 2380 1587 2413 Amicitia
1615 2381 1724 2413 autem
1756 2389 1857 2421 quum
1883 2380 2039 2413 trifariam
2072 2380 2268 2422 accipiatur,
2300 2382 2444 2423 primum

1394 2439 1543 2472 videlicet
1571 2439 1753 2472 communis
1789 2439 1937 2472 utilitatis
1969 2448 2084 2480 causa,
2120 2449 2186 2481 qua
2225 2440 2314 2473 ducti
2347 2441 2444 2474 amici

1393 2498 1610 2539 nominantur,
1631 2498 1714 2530 hanc
1738 2499 1870 2539 quidem
1897 2498 1988 2531 bonis
2017 2507 2080 2531 non
2105 2500 2339 2539 annumerant,
2361 2509 2444 2541 quo-

1393 2558 1479 2590 niam
1497 2557 1620 2590 nullum
1635 2566 1767 2599 prorsus
1783 2558 1903 2590 bonum
1922 2558 1961 2590 de
1980 2566 2092 2590 eorum
2109 2558 2268 2590 sententia
2283 2567 2322 2591 ex
2341 2559 2446 2592 diver·

1393 2616 1436 2648 sis
1464 2616 1559 2649 rebus
1586 2617 1709 2648 constet
1739 2629 1747 2648 :
1775 2618 1809 2648 at
1825 2625 1899 2657 quae
1918 2617 2019 2649 altero
2042 2625 2136 2649 sensu
2166 2616 2285 2649 dicitur
2305 2617 2445 2651 amicitia

1394 2684 1412 2708 e
1427 2675 1565 2707 naturali
1586 2675 1619 2707 in
1642 2675 1724 2707 alios
1743 2675 1947 2708 inclinatione
1960 2676 2052 2715 orta,
2075 2675 2158 2706 lianc
2180 2675 2274 2708 bonis
2299 2677 2443 2708 externis

1393 2735 1603 2766 annumerant
1619 2746 1627 2766 z
1645 2733 1772 2766 tertiam
1788 2733 1927 2774 denique
1938 2733 2086 2765 amicitiae
2105 2733 2255 2774 speciem,
2276 2742 2340 2775 qua
2359 2733 2444 2767 illius

1395 2793 1494 2834 ipsius
1507 2801 1614 2833 causa,
1628 2801 1724 2833 quem
1741 2792 1854 2833 diligit,
1876 2792 1957 2824 alter
1972 2792 2063 2824 alteri
2083 2792 2206 2825 amicus
2219 2794 2280 2833 est,
2295 2792 2328 2825 in
2344 2792 2444 2825 animi

1395 2852 1487 2884 bonis
1505 2851 1640 2884 ducunt.
1685 2851 1746 2883 Sed
1766 2851 1829 2883 alio
1848 2860 1977 2892 quoque
1996 2851 2092 2883 modo
2111 2851 2194 2884 bona
2214 2850 2359 2892 judicant
2374 2859 2445 2884 esse

1394 2911 1589 2943 communia.
1635 2911 1761 2943 Etenim
1786 2910 1842 2951 qui
1861 2910 1996 2942 alterum
2012 2910 2116 2950 juvat,
2138 2919 2212 2943 eum
2232 2919 2272 2942 ex
2295 2910 2356 2942 hac
2376 2910 2445 2952 ipsa

1397 2979 1430 3002 re
1444 2979 1508 3002 non
1525 2970 1631 3002 minus
1641 2969 1788 3002 utilitatis
1804 2978 1918 3010 capere
1934 2969 2144 3010 arbitrantur;
2162 2969 2349 3010 improbum
2365 2977 2442 3002 vero

1396 3029 1557 3062 neminem
1578 3029 1754 3070 necJuvari
1774 3036 1833 3060 nec
1853 3028 1978 3068 juvare.
2001 3029 2125 3060 Etenim
2139 3028 2258 3068 juvare
2273 3037 2345 3061 esse
2363 3027 2443 3061 nibil

1395 3089 1480 3121 aliud
1494 3097 1591 3130 quam
1609 3088 1784 3120 monstrare
1798 3087 1942 3120 studium
1959 3087 2108 3126 virtutis,
2125 3087 2232 3127 iuvari
2244 3089 2356 3120 autem
2371 3096 2442 3120 mo·

1396 3149 1462 3180 veri
1483 3157 1557 3180 cum
1577 3148 1709 3180 virtute.
1726 3149 1827 3180 Porro
1844 3146 1978 3188 privatae
1997 3147 2073 3179 vitae
2097 3147 2250 3179 rationem
2268 3147 2372 3179 solum
2392 3148 2440 3180 te-

1395 3216 1470 3240 nere
1486 3207 1691 3246 vcontendunt
1709 3207 1829 3239 bonum
1850 3207 1882 3238 et
1893 3206 2036 3253 peritum
2065 3214 2171 3237 rerum
2193 3206 2440 3238 domesticarum

1394 3265 1654 3306 dispensatorem.
1674 3268 1754 3298 ltem
1770 3264 1954 3306 quaerendae
1972 3265 2116 3305 pecuniae
2129 3264 2296 3296 artificem.
2317 3264 2444 3305 Quippe

1394 3326 1528 3365 privatae
1551 3325 1626 3358 vitae
1650 3325 1807 3357 rationem
1824 3332 1893 3356 esse
1923 3323 2021 3355 animi
2044 3323 2188 3355 habitum
2208 3326 2272 3354 tam
2299 3322 2441 3354 activum

1396 3393 1492 3424 quam
1512 3384 1797 3424 contemplativum
1814 3382 1942 3415 tuendae
1963 3382 2006 3414 rei
2027 3382 2172 3414 familiari
2189 3382 2368 3421 intentum;
2385 3380 2442 3413 sed

1397 3443 1442 3474 rei
1464 3443 1648 3475 domesticae
1665 3443 1970 3476 administrationem
1992 3441 2146 3474 nominari
2169 3441 2383 3481 impensarum
2409 3440 2442 3472 et

1400 3510 1534 3542 operum
1555 3502 1801 3543 descriptionem
1819 3509 1995 3542 curamque
2015 3501 2083 3533 tum
2104 3499 2339 3541 possessionum
2365 3500 2438 3531 tum
