<?xml version="1.0" encoding="UTF-8"?>
<!DOCTYPE html PUBLIC "-//W3C//DTD XHTML 1.0 Transitional//EN"
    "http://www.w3.org/TR/xhtml1/DTD/xhtml1-transitional.dtd">
<html xmlns="http://www.w3.org/1999/xhtml" xml:lang="en" lang="en">
 <head>
  <title>
</title>
<meta http-equiv="Content-Type" content="text/html;charset=utf-8" />
  <meta name='ocr-system' content='tesseract 3.04.00' />
  <meta name='ocr-capabilities' content='ocr_page ocr_carea ocr_par ocr_line ocrx_word'/>
</head>
<body>
  <div class='ocr_page' id='page_1' title='image "./fragmentaphiloso02mulluoft_0282.png"; bbox 0 0 2638 3840; ppageno 0'>
   <div class='ocr_carea' id='block_1_1' title="bbox 63 3662 72 3705">
    <p class='ocr_par' dir='ltr' id='par_1_1' title="bbox 63 3662 72 3705">
     <span class='ocr_line' id='line_1_1' title="bbox 63 3662 72 3705; textangle 90"><span class='ocrx_word' id='word_1_1' title='bbox 63 3662 72 3705; x_wconf 49' lang='grc' dir='ltr'><strong>,μυ</strong></span> 
     </span>
    </p>
   </div>
   <div class='ocr_carea' id='block_1_2' title="bbox 310 289 380 319">
    <p class='ocr_par' dir='ltr' id='par_1_2' title="bbox 310 289 380 319">
     <span class='ocr_line' id='line_1_2' title="bbox 310 289 380 319; baseline 0 0"><span class='ocrx_word' id='word_1_2' title='bbox 310 289 380 319; x_wconf 74' lang='lat' dir='ltr'><strong>tw</strong></span> 
     </span>
    </p>
   </div>
   <div class='ocr_carea' id='block_1_3' title="bbox 299 355 1348 1992">
    <p class='ocr_par' dir='ltr' id='par_1_3' title="bbox 299 355 1348 1992">
     <span class='ocr_line' id='line_1_3' title="bbox 300 355 1335 407; baseline -0.014 -6"><span class='ocrx_word' id='word_1_3' title='bbox 300 379 366 401; x_wconf 77' lang='lat' dir='ltr'><strong>rain</strong></span> <span class='ocrx_word' id='word_1_4' title='bbox 384 368 539 400; x_wconf 71' lang='lat' dir='ltr'><strong>universae</strong></span> <span class='ocrx_word' id='word_1_5' title='bbox 552 365 596 399; x_wconf 89' lang='lat' dir='ltr'><strong>rei</strong></span> <span class='ocrx_word' id='word_1_6' title='bbox 615 364 714 407; x_wconf 78' lang='lat' dir='ltr'><strong>qnoeri</strong></span> <span class='ocrx_word' id='word_1_7' title='bbox 734 363 842 395; x_wconf 87' lang='lat' dir='ltr'><strong>docuit</strong></span> <span class='ocrx_word' id='word_1_8' title='bbox 866 375 873 394; x_wconf 87' lang='lat'>:</span> <span class='ocrx_word' id='word_1_9' title='bbox 892 367 1065 399; x_wconf 85' lang='lat' dir='ltr'><strong>curamque</strong></span> <span class='ocrx_word' id='word_1_10' title='bbox 1083 355 1335 396; x_wconf 80' lang='lat' dir='ltr'><strong>investigationis</strong></span> 
     </span>
     <span class='ocr_line' id='line_1_4' title="bbox 299 415 1336 468; baseline -0.015 -7"><span class='ocrx_word' id='word_1_11' title='bbox 299 428 406 468; x_wconf 76' lang='lat' dir='ltr'><strong>iniecit</strong></span> <span class='ocrx_word' id='word_1_12' title='bbox 422 426 581 459; x_wconf 82' lang='lat' dir='ltr'><strong>mentibus</strong></span> <span class='ocrx_word' id='word_1_13' title='bbox 594 450 603 466; x_wconf 93' lang='lat'><strong>,</strong></span> <span class='ocrx_word' id='word_1_14' title='bbox 622 423 711 465; x_wconf 85' lang='lat' dir='ltr'><strong>quasi</strong></span> <span class='ocrx_word' id='word_1_15' title='bbox 726 421 886 463; x_wconf 81' lang='lat' dir='ltr'>quoddam</span> <span class='ocrx_word' id='word_1_16' title='bbox 906 417 1111 451; x_wconf 82' lang='lat' dir='ltr'><strong>seminarium</strong></span> <span class='ocrx_word' id='word_1_17' title='bbox 1126 415 1336 457; x_wconf 64' lang='lat' dir='ltr'><strong>philosophiae</strong></span> 
     </span>
     <span class='ocr_line' id='line_1_5' title="bbox 300 474 1334 528; baseline -0.015 -9"><span class='ocrx_word' id='word_1_18' title='bbox 300 495 448 528; x_wconf 82' lang='lat' dir='ltr'>pangens.</span> <span class='ocrx_word' id='word_1_19' title='bbox 492 487 565 523; x_wconf 89' lang='lat' dir='ltr'><strong>Quo</strong></span> <span class='ocrx_word' id='word_1_20' title='bbox 592 483 676 515; x_wconf 87' lang='lat' dir='ltr'><strong>bono</strong></span> <span class='ocrx_word' id='word_1_21' title='bbox 698 481 775 513; x_wconf 84' lang='lat' dir='ltr'><strong>nihii</strong></span> <span class='ocrx_word' id='word_1_22' title='bbox 802 479 905 520; x_wconf 77' lang='lat' dir='ltr'><strong>majus</strong></span> <span class='ocrx_word' id='word_1_23' title='bbox 933 485 1078 518; x_wconf 85' lang='lat' dir='ltr'><strong>unquam</strong></span> <span class='ocrx_word' id='word_1_24' title='bbox 1099 475 1137 507; x_wconf 89' lang='lat' dir='ltr'><strong>ad</strong></span> <span class='ocrx_word' id='word_1_25' title='bbox 1167 474 1334 507; x_wconf 91' lang='lat' dir='ltr'><strong>hominum</strong></span> 
     </span>
     <span class='ocr_line' id='line_1_6' title="bbox 299 532 1335 585; baseline -0.014 -8"><span class='ocrx_word' id='word_1_26' title='bbox 299 553 401 585; x_wconf 78' lang='lat' dir='ltr'><strong>genus</strong></span> <span class='ocrx_word' id='word_1_27' title='bbox 416 553 434 576; x_wconf 88' lang='lat' dir='ltr'><strong>a</strong></span> <span class='ocrx_word' id='word_1_28' title='bbox 450 543 556 575; x_wconf 85' lang='lat' dir='ltr'><strong>divina</strong></span> <span class='ocrx_word' id='word_1_29' title='bbox 575 539 786 574; x_wconf 83' lang='lat' dir='ltr'><strong>munificentia</strong></span> <span class='ocrx_word' id='word_1_30' title='bbox 806 535 1006 569; x_wconf 88' lang='lat' dir='ltr'><strong>commeavit.</strong></span> <span class='ocrx_word' id='word_1_31' title='bbox 1028 537 1098 567; x_wconf 81' lang='lat' dir='ltr'><strong>Hoc</strong></span> <span class='ocrx_word' id='word_1_32' title='bbox 1116 533 1213 574; x_wconf 83' lang='lat' dir='ltr'><strong>igitur</strong></span> <span class='ocrx_word' id='word_1_33' title='bbox 1233 532 1335 564; x_wconf 80' lang='lat' dir='ltr'><strong>maxi-</strong></span> 
     </span>
     <span class='ocr_line' id='line_1_7' title="bbox 302 592 1336 636; baseline -0.014 0"><span class='ocrx_word' id='word_1_34' title='bbox 302 612 391 636; x_wconf 90' lang='lat' dir='ltr'><strong>mum</strong></span> <span class='ocrx_word' id='word_1_35' title='bbox 415 601 604 635; x_wconf 82' lang='lat' dir='ltr'><strong>beneficium</strong></span> <span class='ocrx_word' id='word_1_36' title='bbox 632 599 721 631; x_wconf 86' lang='lat' dir='ltr'><strong>visus</strong></span> <span class='ocrx_word' id='word_1_37' title='bbox 742 596 972 635; x_wconf 88' lang='lat' dir='ltr'><strong>oculorumque</strong></span> <span class='ocrx_word' id='word_1_38' title='bbox 991 602 1061 626; x_wconf 89' lang='lat' dir='ltr'><strong>esse</strong></span> <span class='ocrx_word' id='word_1_39' title='bbox 1080 592 1165 625; x_wconf 87' lang='lat' dir='ltr'><strong>dico.</strong></span> <span class='ocrx_word' id='word_1_40' title='bbox 1212 592 1336 624; x_wconf 80' lang='lat' dir='ltr'><strong>Minora</strong></span> 
     </span>
     <span class='ocr_line' id='line_1_8' title="bbox 299 651 1334 702; baseline -0.013 -8"><span class='ocrx_word' id='word_1_41' title='bbox 299 662 359 694; x_wconf 85' lang='lat' dir='ltr'><strong>alia</strong></span> <span class='ocrx_word' id='word_1_42' title='bbox 383 664 534 702; x_wconf 83' lang='lat' dir='ltr'><strong>proeterea</strong></span> <span class='ocrx_word' id='word_1_43' title='bbox 561 673 568 691; x_wconf 69' lang='grc' dir='ltr'><strong><em>ε</em></strong></span> <span class='ocrx_word' id='word_1_44' title='bbox 596 658 733 698; x_wconf 73' lang='lat' dir='ltr'><strong>mribus,</strong></span> <span class='ocrx_word' id='word_1_45' title='bbox 762 655 815 695; x_wconf 90' lang='lat' dir='ltr'><strong>qni</strong></span> <span class='ocrx_word' id='word_1_46' title='bbox 841 663 859 685; x_wconf 86' lang='lat' dir='ltr'><strong>a</strong></span> <span class='ocrx_word' id='word_1_47' title='bbox 882 652 1084 694; x_wconf 78' lang='lat' dir='ltr'><strong>philosophia</strong></span> <span class='ocrx_word' id='word_1_48' title='bbox 1107 651 1222 684; x_wconf 90' lang='lat' dir='ltr'><strong>remoti</strong></span> <span class='ocrx_word' id='word_1_49' title='bbox 1240 653 1334 689; x_wconf 86' lang='lat' dir='ltr'><strong>sunt,</strong></span> 
     </span>
     <span class='ocr_line' id='line_1_9' title="bbox 300 710 1336 760; baseline -0.013 -6"><span class='ocrx_word' id='word_1_50' title='bbox 300 722 463 760; x_wconf 83' lang='lat' dir='ltr'><strong>carentes,</strong></span> <span class='ocrx_word' id='word_1_51' title='bbox 489 718 628 756; x_wconf 77' lang='lat' dir='ltr'><strong>debiles,</strong></span> <span class='ocrx_word' id='word_1_52' title='bbox 649 717 810 756; x_wconf 61' lang='lat' dir='ltr'><strong>crucique,</strong></span> <span class='ocrx_word' id='word_1_53' title='bbox 833 715 978 745; x_wconf 83' lang='lat' dir='ltr'><strong>maestam</strong></span> <span class='ocrx_word' id='word_1_54' title='bbox 1004 712 1122 751; x_wconf 82' lang='lat' dir='ltr'><strong>vitam,</strong></span> <span class='ocrx_word' id='word_1_55' title='bbox 1149 710 1336 751; x_wconf 79' lang='lat' dir='ltr'><strong>lugubrem·</strong></span> 
     </span>
     <span class='ocr_line' id='line_1_10' title="bbox 302 769 1338 820; baseline -0.011 -8"><span class='ocrx_word' id='word_1_56' title='bbox 302 789 381 820; x_wconf 61' lang='lat' dir='ltr'><strong>(lue,</strong></span> <span class='ocrx_word' id='word_1_57' title='bbox 401 780 510 819; x_wconf 87' lang='lat' dir='ltr'><strong>agunt.</strong></span> <span class='ocrx_word' id='word_1_58' title='bbox 555 776 649 809; x_wconf 86' lang='lat' dir='ltr'><strong>Nobis</strong></span> <span class='ocrx_word' id='word_1_59' title='bbox 667 784 740 806; x_wconf 84' lang='lat' dir='ltr'><strong>vero</strong></span> <span class='ocrx_word' id='word_1_60' title='bbox 759 782 851 805; x_wconf 85' lang='lat' dir='ltr'><strong>causa</strong></span> <span class='ocrx_word' id='word_1_61' title='bbox 869 771 1004 804; x_wconf 84' lang='lat' dir='ltr'><strong>dicenda</strong></span> <span class='ocrx_word' id='word_1_62' title='bbox 1025 769 1338 810; x_wconf 76' lang='lat' dir='ltr'><strong>demonstrandaque</strong></span> 
     </span>
     <span class='ocr_line' id='line_1_11' title="bbox 303 829 1341 875; baseline -0.011 -5"><span class='ocrx_word' id='word_1_63' title='bbox 303 838 439 875; x_wconf 85' lang='lat' dir='ltr'><strong>videtur,</strong></span> <span class='ocrx_word' id='word_1_64' title='bbox 461 836 560 868; x_wconf 90' lang='lat' dir='ltr'><strong>divini</strong></span> <span class='ocrx_word' id='word_1_65' title='bbox 589 833 728 866; x_wconf 85' lang='lat' dir='ltr'><strong>muneris</strong></span> <span class='ocrx_word' id='word_1_66' title='bbox 754 831 838 872; x_wconf 67' lang='lat' dir='ltr'><strong>quoni</strong></span> <span class='ocrx_word' id='word_1_67' title='bbox 869 829 1070 871; x_wconf 87' lang='lat' dir='ltr'><strong>providentia</strong></span> <span class='ocrx_word' id='word_1_68' title='bbox 1089 829 1271 861; x_wconf 85' lang='lat' dir='ltr'><strong>commenta</strong></span> <span class='ocrx_word' id='word_1_69' title='bbox 1291 829 1341 860; x_wconf 87' lang='lat' dir='ltr'><strong>est</strong></span> 
     </span>
     <span class='ocr_line' id='line_1_12' title="bbox 302 887 1339 928; baseline -0.01 0"><span class='ocrx_word' id='word_1_70' title='bbox 302 896 468 928; x_wconf 84' lang='lat' dir='ltr'><strong>salubriter</strong></span> <span class='ocrx_word' id='word_1_71' title='bbox 486 895 646 926; x_wconf 88' lang='lat' dir='ltr'><strong>hactenus.</strong></span> <span class='ocrx_word' id='word_1_72' title='bbox 692 891 826 923; x_wconf 78' lang='lat' dir='ltr'><strong>Dedisse</strong></span> <span class='ocrx_word' id='word_1_73' title='bbox 844 891 948 922; x_wconf 90' lang='lat' dir='ltr'><strong>Deum</strong></span> <span class='ocrx_word' id='word_1_74' title='bbox 968 888 1088 921; x_wconf 87' lang='lat' dir='ltr'><strong>idcirco</strong></span> <span class='ocrx_word' id='word_1_75' title='bbox 1107 887 1220 920; x_wconf 83' lang='lat' dir='ltr'><strong>oculos</strong></span> <span class='ocrx_word' id='word_1_76' title='bbox 1238 887 1339 919; x_wconf 88' lang='lat' dir='ltr'><strong>homi-</strong></span> 
     </span>
     <span class='ocr_line' id='line_1_13' title="bbox 302 946 1340 994; baseline -0.009 -8"><span class='ocrx_word' id='word_1_77' title='bbox 302 955 412 994; x_wconf 80' lang='lat' dir='ltr'><strong>nibns3</strong></span> <span class='ocrx_word' id='word_1_78' title='bbox 434 955 466 985; x_wconf 85' lang='lat' dir='ltr'><strong>nt</strong></span> <span class='ocrx_word' id='word_1_79' title='bbox 486 951 600 984; x_wconf 81' lang='lat' dir='ltr'><strong>mentis</strong></span> <span class='ocrx_word' id='word_1_80' title='bbox 631 949 905 991; x_wconf 83' lang='lat' dir='ltr'><strong>providentioeque</strong></span> <span class='ocrx_word' id='word_1_81' title='bbox 935 947 1090 979; x_wconf 83' lang='lat' dir='ltr'><strong>circuitus</strong></span> <span class='ocrx_word' id='word_1_82' title='bbox 1113 946 1169 988; x_wconf 89' lang='lat' dir='ltr'><strong>qui</strong></span> <span class='ocrx_word' id='word_1_83' title='bbox 1202 946 1283 978; x_wconf 87' lang='lat' dir='ltr'><strong>liunt</strong></span> <span class='ocrx_word' id='word_1_84' title='bbox 1309 946 1340 977; x_wconf 91' lang='lat' dir='ltr'><strong>in</strong></span> 
     </span>
     <span class='ocr_line' id='line_1_14' title="bbox 302 1005 1341 1052; baseline -0.009 -8"><span class='ocrx_word' id='word_1_85' title='bbox 302 1014 397 1052; x_wconf 74' lang='lat' dir='ltr'><strong>ctrio,</strong></span> <span class='ocrx_word' id='word_1_86' title='bbox 420 1012 589 1049; x_wconf 89' lang='lat' dir='ltr'><strong>notantes,</strong></span> <span class='ocrx_word' id='word_1_87' title='bbox 619 1017 730 1040; x_wconf 91' lang='lat' dir='ltr'><strong>eorum</strong></span> <span class='ocrx_word' id='word_1_88' title='bbox 757 1006 897 1046; x_wconf 82' lang='lat' dir='ltr'><strong>similes,</strong></span> <span class='ocrx_word' id='word_1_89' title='bbox 919 1010 1156 1046; x_wconf 81' lang='lat' dir='ltr'><strong>cognatosque,</strong></span> <span class='ocrx_word' id='word_1_90' title='bbox 1187 1005 1218 1036; x_wconf 91' lang='lat' dir='ltr'><strong>in</strong></span> <span class='ocrx_word' id='word_1_91' title='bbox 1247 1013 1341 1036; x_wconf 86' lang='lat' dir='ltr'><strong>usum</strong></span> 
     </span>
     <span class='ocr_line' id='line_1_15' title="bbox 304 1063 1341 1108; baseline -0.008 -5"><span class='ocrx_word' id='word_1_92' title='bbox 304 1080 370 1103; x_wconf 81' lang='lat' dir='ltr'><strong>suae</strong></span> <span class='ocrx_word' id='word_1_93' title='bbox 404 1069 520 1102; x_wconf 88' lang='lat' dir='ltr'><strong>mentis</strong></span> <span class='ocrx_word' id='word_1_94' title='bbox 552 1067 752 1108; x_wconf 81' lang='lat' dir='ltr'><strong>redigerent,</strong></span> <span class='ocrx_word' id='word_1_95' title='bbox 786 1065 1005 1106; x_wconf 84' lang='lat' dir='ltr'><strong>circuitusque</strong></span> <span class='ocrx_word' id='word_1_96' title='bbox 1030 1065 1168 1105; x_wconf 76' lang='lat' dir='ltr'><strong>animae,</strong></span> <span class='ocrx_word' id='word_1_97' title='bbox 1197 1063 1254 1104; x_wconf 89' lang='lat' dir='ltr'><strong>qui</strong></span> <span class='ocrx_word' id='word_1_98' title='bbox 1276 1063 1341 1095; x_wconf 85' lang='lat' dir='ltr'><strong>ani-</strong></span> 
     </span>
     <span class='ocr_line' id='line_1_16' title="bbox 303 1123 1340 1167; baseline -0.008 -5"><span class='ocrx_word' id='word_1_99' title='bbox 303 1128 537 1162; x_wconf 83' lang='lat' dir='ltr'><strong>madversiones</strong></span> <span class='ocrx_word' id='word_1_100' title='bbox 549 1151 558 1167; x_wconf 90' lang='lat'>‚</span> <span class='ocrx_word' id='word_1_101' title='bbox 576 1135 630 1159; x_wconf 90' lang='lat' dir='ltr'><strong>seu</strong></span> <span class='ocrx_word' id='word_1_102' title='bbox 650 1125 897 1157; x_wconf 84' lang='lat' dir='ltr'><strong>deliberationes</strong></span> <span class='ocrx_word' id='word_1_103' title='bbox 909 1148 917 1164; x_wconf 91' lang='lat'><strong>,</strong></span> <span class='ocrx_word' id='word_1_104' title='bbox 933 1127 1102 1163; x_wconf 86' lang='lat' dir='ltr'><strong>vocantur,</strong></span> <span class='ocrx_word' id='word_1_105' title='bbox 1123 1131 1220 1164; x_wconf 86' lang='lat' dir='ltr'><strong>quam</strong></span> <span class='ocrx_word' id='word_1_106' title='bbox 1237 1123 1340 1154; x_wconf 84' lang='lat' dir='ltr'><strong>simil-</strong></span> 
     </span>
     <span class='ocr_line' id='line_1_17' title="bbox 302 1181 1340 1224; baseline -0.008 -4"><span class='ocrx_word' id='word_1_107' title='bbox 302 1188 392 1220; x_wconf 86' lang='lat' dir='ltr'><strong>limos</strong></span> <span class='ocrx_word' id='word_1_108' title='bbox 412 1186 575 1219; x_wconf 82' lang='lat' dir='ltr'><strong>efficerent</strong></span> <span class='ocrx_word' id='word_1_109' title='bbox 589 1184 705 1216; x_wconf 80' lang='lat' dir='ltr'><strong>divinae</strong></span> <span class='ocrx_word' id='word_1_110' title='bbox 721 1183 840 1215; x_wconf 89' lang='lat' dir='ltr'><strong>mentis</strong></span> <span class='ocrx_word' id='word_1_111' title='bbox 855 1183 999 1224; x_wconf 86' lang='lat' dir='ltr'><strong>providis</strong></span> <span class='ocrx_word' id='word_1_112' title='bbox 1016 1181 1160 1214; x_wconf 87' lang='lat' dir='ltr'><strong>motibus</strong></span> <span class='ocrx_word' id='word_1_113' title='bbox 1171 1204 1180 1222; x_wconf 91' lang='lat'><strong>,</strong></span> <span class='ocrx_word' id='word_1_114' title='bbox 1197 1181 1340 1222; x_wconf 83' lang='lat' dir='ltr'><strong>placidis,</strong></span> 
     </span>
     <span class='ocr_line' id='line_1_18' title="bbox 302 1240 1343 1286; baseline -0.006 -8"><span class='ocrx_word' id='word_1_115' title='bbox 302 1245 563 1286; x_wconf 81' lang='lat' dir='ltr'><strong>tranquillisque,</strong></span> <span class='ocrx_word' id='word_1_116' title='bbox 592 1240 785 1284; x_wconf 83' lang='lat' dir='ltr'><strong>perturbatis</strong></span> <span class='ocrx_word' id='word_1_117' title='bbox 811 1241 885 1274; x_wconf 90' lang='lat' dir='ltr'><strong>licet</strong></span> <span class='ocrx_word' id='word_1_118' title='bbox 914 1254 923 1273; x_wconf 71' lang='lat' dir='ltr'><strong>e</strong></span> <span class='ocrx_word' id='word_1_119' title='bbox 944 1241 1200 1281; x_wconf 82' lang='lat' dir='ltr'><strong>confirmatoque</strong></span> <span class='ocrx_word' id='word_1_120' title='bbox 1219 1241 1343 1281; x_wconf 82' lang='lat' dir='ltr'><strong>ingene·</strong></span> 
     </span>
     <span class='ocr_line' id='line_1_19' title="bbox 302 1298 1342 1339; baseline -0.006 -4"><span class='ocrx_word' id='word_1_121' title='bbox 302 1305 378 1335; x_wconf 77' lang='lat' dir='ltr'><strong>ratae</strong></span> <span class='ocrx_word' id='word_1_122' title='bbox 407 1302 538 1334; x_wconf 88' lang='lat' dir='ltr'><strong>rationis</strong></span> <span class='ocrx_word' id='word_1_123' title='bbox 567 1301 731 1338; x_wconf 84' lang='lat' dir='ltr'><strong>examine,</strong></span> <span class='ocrx_word' id='word_1_124' title='bbox 767 1299 845 1332; x_wconf 91' lang='lat' dir='ltr'><strong>dum</strong></span> <span class='ocrx_word' id='word_1_125' title='bbox 874 1299 1040 1331; x_wconf 82' lang='lat' dir='ltr'><strong>imitantur</strong></span> <span class='ocrx_word' id='word_1_126' title='bbox 1065 1299 1198 1339; x_wconf 89' lang='lat' dir='ltr'><strong>aplanes</strong></span> <span class='ocrx_word' id='word_1_127' title='bbox 1229 1298 1342 1330; x_wconf 88' lang='lat' dir='ltr'><strong>mundi</strong></span> 
     </span>
     <span class='ocr_line' id='line_1_20' title="bbox 301 1357 1343 1402; baseline -0.004 -9"><span class='ocrx_word' id='word_1_128' title='bbox 301 1361 501 1402; x_wconf 74' lang='lat' dir='ltr'><strong>intelligibilis</strong></span> <span class='ocrx_word' id='word_1_129' title='bbox 529 1359 830 1399; x_wconf 85' lang='lat' dir='ltr'><strong>circumactionem‚</strong></span> <span class='ocrx_word' id='word_1_130' title='bbox 861 1366 929 1390; x_wconf 85' lang='lat' dir='ltr'><strong>suae</strong></span> <span class='ocrx_word' id='word_1_131' title='bbox 964 1357 1082 1390; x_wconf 86' lang='lat' dir='ltr'><strong>mentis</strong></span> <span class='ocrx_word' id='word_1_132' title='bbox 1115 1359 1224 1390; x_wconf 88' lang='lat' dir='ltr'><strong>motus</strong></span> <span class='ocrx_word' id='word_1_133' title='bbox 1254 1366 1343 1390; x_wconf 87' lang='lat' dir='ltr'><strong>erra-</strong></span> 
     </span>
     <span class='ocr_line' id='line_1_21' title="bbox 301 1416 1344 1459; baseline -0.004 -7"><span class='ocrx_word' id='word_1_134' title='bbox 301 1421 381 1452; x_wconf 82' lang='lat' dir='ltr'><strong>ticos</strong></span> <span class='ocrx_word' id='word_1_135' title='bbox 417 1420 585 1459; x_wconf 88' lang='lat' dir='ltr'><strong>corrigant.</strong></span> <span class='ocrx_word' id='word_1_136' title='bbox 653 1418 771 1450; x_wconf 80' lang='lat' dir='ltr'><strong>Eadem</strong></span> <span class='ocrx_word' id='word_1_137' title='bbox 809 1417 897 1450; x_wconf 81' lang='lat' dir='ltr'><strong>vocis</strong></span> <span class='ocrx_word' id='word_1_138' title='bbox 941 1425 1090 1458; x_wconf 87' lang='lat' dir='ltr'><strong>quoque,</strong></span> <span class='ocrx_word' id='word_1_139' title='bbox 1127 1418 1159 1449; x_wconf 86' lang='lat' dir='ltr'><strong>et</strong></span> <span class='ocrx_word' id='word_1_140' title='bbox 1196 1416 1344 1456; x_wconf 85' lang='lat' dir='ltr'><strong>auditus,</strong></span> 
     </span>
     <span class='ocr_line' id='line_1_22' title="bbox 301 1476 1345 1518; baseline -0.003 -7"><span class='ocrx_word' id='word_1_141' title='bbox 301 1480 381 1511; x_wconf 88' lang='lat' dir='ltr'><strong>ratio</strong></span> <span class='ocrx_word' id='word_1_142' title='bbox 410 1481 479 1518; x_wconf 84' lang='lat' dir='ltr'><strong>est,</strong></span> <span class='ocrx_word' id='word_1_143' title='bbox 507 1478 546 1510; x_wconf 88' lang='lat' dir='ltr'><strong>ad</strong></span> <span class='ocrx_word' id='word_1_144' title='bbox 578 1478 707 1510; x_wconf 81' lang='lat' dir='ltr'><strong>eosdem</strong></span> <span class='ocrx_word' id='word_1_145' title='bbox 755 1486 858 1517; x_wconf 83' lang='lat' dir='ltr'><strong>usus,</strong></span> <span class='ocrx_word' id='word_1_146' title='bbox 890 1477 987 1517; x_wconf 87' lang='lat' dir='ltr'><strong>atque</strong></span> <span class='ocrx_word' id='word_1_147' title='bbox 1029 1476 1070 1508; x_wconf 92' lang='lat' dir='ltr'><strong>ad</strong></span> <span class='ocrx_word' id='word_1_148' title='bbox 1107 1476 1234 1517; x_wconf 78' lang='lat' dir='ltr'><strong>plenam</strong></span> <span class='ocrx_word' id='word_1_149' title='bbox 1270 1477 1345 1508; x_wconf 81' lang='lat' dir='ltr'><strong>vitae</strong></span> 
     </span>
     <span class='ocr_line' id='line_1_23' title="bbox 305 1536 1344 1577; baseline -0.003 -7"><span class='ocrx_word' id='word_1_150' title='bbox 305 1538 471 1571; x_wconf 86' lang='lat' dir='ltr'><strong>hominum</strong></span> <span class='ocrx_word' id='word_1_151' title='bbox 492 1537 751 1576; x_wconf 80' lang='lat' dir='ltr'><strong>instructionem,</strong></span> <span class='ocrx_word' id='word_1_152' title='bbox 770 1537 935 1569; x_wconf 86' lang='lat' dir='ltr'><strong>datorum.</strong></span> <span class='ocrx_word' id='word_1_153' title='bbox 983 1536 1149 1576; x_wconf 87' lang='lat' dir='ltr'><strong>Siquidem</strong></span> <span class='ocrx_word' id='word_1_154' title='bbox 1177 1539 1344 1577; x_wconf 82' lang='lat' dir='ltr'><strong>propterea</strong></span> 
     </span>
     <span class='ocr_line' id='line_1_24' title="bbox 304 1595 1346 1636; baseline -0.003 -7"><span class='ocrx_word' id='word_1_155' title='bbox 304 1597 460 1630; x_wconf 82' lang='lat' dir='ltr'><strong>sermonis</strong></span> <span class='ocrx_word' id='word_1_156' title='bbox 489 1599 538 1628; x_wconf 90' lang='lat' dir='ltr'><strong>est</strong></span> <span class='ocrx_word' id='word_1_157' title='bbox 556 1596 703 1628; x_wconf 84' lang='lat' dir='ltr'><strong>ordinata</strong></span> <span class='ocrx_word' id='word_1_158' title='bbox 733 1595 1007 1636; x_wconf 84' lang='lat' dir='ltr'><strong>communicatio,</strong></span> <span class='ocrx_word' id='word_1_159' title='bbox 1034 1597 1071 1627; x_wconf 92' lang='lat' dir='ltr'><strong>ut</strong></span> <span class='ocrx_word' id='word_1_160' title='bbox 1102 1596 1220 1636; x_wconf 84' lang='lat' dir='ltr'><strong>praesto</strong></span> <span class='ocrx_word' id='word_1_161' title='bbox 1242 1596 1346 1627; x_wconf 78' lang='lat' dir='ltr'><strong>forent</strong></span> 
     </span>
     <span class='ocr_line' id='line_1_25' title="bbox 304 1654 1341 1695; baseline -0.002 -7"><span class='ocrx_word' id='word_1_162' title='bbox 304 1658 425 1688; x_wconf 80' lang='lat' dir='ltr'><strong>mutuoe</strong></span> <span class='ocrx_word' id='word_1_163' title='bbox 442 1655 616 1687; x_wconf 79' lang='lat' dir='ltr'><strong>voluntatis</strong></span> <span class='ocrx_word' id='word_1_164' title='bbox 632 1655 745 1687; x_wconf 87' lang='lat' dir='ltr'><strong>indicia</strong></span> <span class='ocrx_word' id='word_1_165' title='bbox 759 1665 766 1686; x_wconf 76' lang='grc' dir='ltr'>ε</span> <span class='ocrx_word' id='word_1_166' title='bbox 780 1656 1001 1695; x_wconf 86' lang='lat' dir='ltr'><strong>quantumque</strong></span> <span class='ocrx_word' id='word_1_167' title='bbox 1017 1663 1073 1695; x_wconf 88' lang='lat' dir='ltr'><strong>per</strong></span> <span class='ocrx_word' id='word_1_168' title='bbox 1089 1662 1199 1686; x_wconf 89' lang='lat' dir='ltr'><strong>vocem</strong></span> <span class='ocrx_word' id='word_1_169' title='bbox 1219 1654 1341 1686; x_wconf 89' lang='lat' dir='ltr'><strong>utilita-</strong></span> 
     </span>
     <span class='ocr_line' id='line_1_26' title="bbox 305 1713 1345 1756; baseline -0.002 -9"><span class='ocrx_word' id='word_1_170' title='bbox 305 1716 347 1747; x_wconf 89' lang='lat' dir='ltr'><strong>tis</strong></span> <span class='ocrx_word' id='word_1_171' title='bbox 365 1715 490 1756; x_wconf 85' lang='lat' dir='ltr'><strong>capitur</strong></span> <span class='ocrx_word' id='word_1_172' title='bbox 509 1723 548 1747; x_wconf 88' lang='lat' dir='ltr'><strong>ex</strong></span> <span class='ocrx_word' id='word_1_173' title='bbox 568 1714 711 1754; x_wconf 88' lang='lat' dir='ltr'><strong>musica,</strong></span> <span class='ocrx_word' id='word_1_174' title='bbox 733 1715 858 1746; x_wconf 76' lang='lat' dir='ltr'><strong>tantum</strong></span> <span class='ocrx_word' id='word_1_175' title='bbox 884 1715 988 1746; x_wconf 87' lang='lat' dir='ltr'><strong>totum</strong></span> <span class='ocrx_word' id='word_1_176' title='bbox 1010 1713 1073 1745; x_wconf 90' lang='lat' dir='ltr'><strong>hoc</strong></span> <span class='ocrx_word' id='word_1_177' title='bbox 1090 1715 1219 1745; x_wconf 87' lang='lat' dir='ltr'><strong>constat</strong></span> <span class='ocrx_word' id='word_1_178' title='bbox 1239 1713 1345 1745; x_wconf 90' lang='lat' dir='ltr'><strong>homi-</strong></span> 
     </span>
     <span class='ocr_line' id='line_1_27' title="bbox 305 1772 1347 1815; baseline -0.003 -8"><span class='ocrx_word' id='word_1_179' title='bbox 305 1783 385 1807; x_wconf 88' lang='lat' dir='ltr'><strong>num</strong></span> <span class='ocrx_word' id='word_1_180' title='bbox 414 1774 519 1815; x_wconf 80' lang='lat' dir='ltr'><strong>generi</strong></span> <span class='ocrx_word' id='word_1_181' title='bbox 544 1776 673 1814; x_wconf 88' lang='lat' dir='ltr'><strong>propter</strong></span> <span class='ocrx_word' id='word_1_182' title='bbox 697 1773 896 1805; x_wconf 80' lang='lat' dir='ltr'><strong>harmoniam</strong></span> <span class='ocrx_word' id='word_1_183' title='bbox 924 1772 1127 1805; x_wconf 84' lang='lat' dir='ltr'><strong>attributum.</strong></span> <span class='ocrx_word' id='word_1_184' title='bbox 1173 1774 1347 1805; x_wconf 87' lang='lat' dir='ltr'><strong>Harmonia</strong></span> 
     </span>
     <span class='ocr_line' id='line_1_28' title="bbox 306 1831 1346 1873; baseline -0.002 -8"><span class='ocrx_word' id='word_1_185' title='bbox 306 1842 402 1873; x_wconf 85' lang='lat' dir='ltr'><strong>vero,</strong></span> <span class='ocrx_word' id='word_1_186' title='bbox 425 1835 476 1865; x_wconf 89' lang='lat' dir='ltr'><strong>est</strong></span> <span class='ocrx_word' id='word_1_187' title='bbox 495 1832 668 1864; x_wconf 89' lang='lat' dir='ltr'><strong>modulatio</strong></span> <span class='ocrx_word' id='word_1_188' title='bbox 689 1845 697 1864; x_wconf 89' lang='lat'>:</span> <span class='ocrx_word' id='word_1_189' title='bbox 717 1833 829 1872; x_wconf 78' lang='lat' dir='ltr'><strong>utpote</strong></span> <span class='ocrx_word' id='word_1_190' title='bbox 855 1831 988 1863; x_wconf 89' lang='lat' dir='ltr'><strong>intentio</strong></span> <span class='ocrx_word' id='word_1_191' title='bbox 1007 1831 1205 1871; x_wconf 82' lang='lat' dir='ltr'><strong>modificata,</strong></span> <span class='ocrx_word' id='word_1_192' title='bbox 1229 1840 1346 1872; x_wconf 82' lang='lat' dir='ltr'><strong>cogna-</strong></span> 
     </span>
     <span class='ocr_line' id='line_1_29' title="bbox 305 1890 1348 1933; baseline -0.003 -8"><span class='ocrx_word' id='word_1_193' title='bbox 305 1897 369 1933; x_wconf 88' lang='lat' dir='ltr'><strong>tas,</strong></span> <span class='ocrx_word' id='word_1_194' title='bbox 386 1894 419 1925; x_wconf 90' lang='lat' dir='ltr'><strong>et</strong></span> <span class='ocrx_word' id='word_1_195' title='bbox 439 1892 526 1924; x_wconf 86' lang='lat' dir='ltr'><strong>velut</strong></span> <span class='ocrx_word' id='word_1_196' title='bbox 545 1891 816 1931; x_wconf 86' lang='lat' dir='ltr'><strong>consanguineas,</strong></span> <span class='ocrx_word' id='word_1_197' title='bbox 838 1891 957 1923; x_wconf 89' lang='lat' dir='ltr'><strong>habens</strong></span> <span class='ocrx_word' id='word_1_198' title='bbox 980 1890 1214 1923; x_wconf 87' lang='lat' dir='ltr'><strong>commotiones</strong></span> <span class='ocrx_word' id='word_1_199' title='bbox 1231 1891 1348 1923; x_wconf 82' lang='lat' dir='ltr'><strong>animae</strong></span> 
     </span>
     <span class='ocr_line' id='line_1_30' title="bbox 309 1949 1348 1992; baseline -0.002 -8"><span class='ocrx_word' id='word_1_200' title='bbox 309 1954 444 1992; x_wconf 84' lang='lat' dir='ltr'><strong>nostrae,</strong></span> <span class='ocrx_word' id='word_1_201' title='bbox 461 1950 702 1983; x_wconf 87' lang='lat' dir='ltr'><strong>circuitionibus</strong></span> <span class='ocrx_word' id='word_1_202' title='bbox 723 1949 895 1991; x_wconf 87' lang='lat' dir='ltr'><strong>prudenter</strong></span> <span class='ocrx_word' id='word_1_203' title='bbox 913 1950 1077 1982; x_wconf 83' lang='lat' dir='ltr'><strong>utentibus</strong></span> <span class='ocrx_word' id='word_1_204' title='bbox 1093 1951 1259 1982; x_wconf 86' lang='lat' dir='ltr'><strong>Musarum</strong></span> <span class='ocrx_word' id='word_1_205' title='bbox 1274 1959 1348 1982; x_wconf 91' lang='lat' dir='ltr'><strong>mu-</strong></span> 
     </span>
    </p>
   </div>
   <div class='ocr_carea' id='block_1_4' title="bbox 307 2082 1387 3019">
    <p class='ocr_par' dir='ltr' id='par_1_4' title="bbox 307 2082 1353 3016">
     <span class='ocr_line' id='line_1_31' title="bbox 307 2082 1349 2155; baseline 0.002 -29"><span class='ocrx_word' id='word_1_206' title='bbox 307 2102 408 2126; x_wconf 84' lang='grc' dir='ltr'>τουτο</span> <span class='ocrx_word' id='word_1_207' title='bbox 443 2087 612 2138; x_wconf 82' lang='grc' dir='ltr'>ὀμμάτων</span> <span class='ocrx_word' id='word_1_208' title='bbox 658 2087 702 2138; x_wconf 85' lang='grc' dir='ltr'><strong>με’</strong></span> <span class='ocrx_word' id='word_1_209' title='bbox 697 2102 849 2155; x_wconf 43' lang='grc' dir='ltr'>ξωγιστον</span> <span class='ocrx_word' id='word_1_210' title='bbox 857 2087 1004 2139; x_wconf 87' lang='grc' dir='ltr'>ἀγαθόν·</span> <span class='ocrx_word' id='word_1_211' title='bbox 1036 2082 1151 2127; x_wconf 84' lang='grc' dir='ltr'>τάλλα</span> <span class='ocrx_word' id='word_1_212' title='bbox 1191 2088 1248 2137; x_wconf 85' lang='grc' dir='ltr'><strong>δέ,</strong></span> <span class='ocrx_word' id='word_1_213' title='bbox 1284 2088 1349 2128; x_wconf 76' lang='grc' dir='ltr'><strong>ὅσα</strong></span> 
     </span>
     <span class='ocr_line' id='line_1_32' title="bbox 315 2145 1351 2200; baseline 0.001 -16"><span class='ocrx_word' id='word_1_214' title='bbox 315 2145 472 2193; x_wconf 79' lang='grc' dir='ltr'>ἐλάττω,</span> <span class='ocrx_word' id='word_1_215' title='bbox 494 2145 528 2184; x_wconf 82' lang='grc' dir='ltr'>τί</span> <span class='ocrx_word' id='word_1_216' title='bbox 548 2145 623 2184; x_wconf 54' lang='grc' dir='ltr'>ἂν(</span> <span class='ocrx_word' id='word_1_217' title='bbox 611 2147 800 2198; x_wconf 73' lang='grc' dir='ltr'>υμνοῖμεν;</span> <span class='ocrx_word' id='word_1_218' title='bbox 824 2149 872 2184; x_wconf 80' lang='grc' dir='ltr'>ὧν</span> <span class='ocrx_word' id='word_1_219' title='bbox 894 2149 911 2184; x_wconf 80' lang='grc' dir='ltr'><strong><em>ὃ</em></strong></span> <span class='ocrx_word' id='word_1_220' title='bbox 934 2145 983 2198; x_wconf 79' lang='grc' dir='ltr'><strong>μὴ</strong></span> <span class='ocrx_word' id='word_1_221' title='bbox 1007 2147 1191 2199; x_wconf 77' lang='grc' dir='ltr'>φιλόσοφος</span> <span class='ocrx_word' id='word_1_222' title='bbox 1211 2148 1351 2200; x_wconf 76' lang='grc' dir='ltr'>τυφλω-</span> 
     </span>
     <span class='ocr_line' id='line_1_33' title="bbox 310 2203 1352 2257; baseline 0.001 -14"><span class='ocrx_word' id='word_1_223' title='bbox 310 2204 377 2248; x_wconf 84' lang='grc' dir='ltr'>θεὶς</span> <span class='ocrx_word' id='word_1_224' title='bbox 396 2203 637 2256; x_wconf 86' lang='grc' dir='ltr'>ὀδυρόμενος</span> <span class='ocrx_word' id='word_1_225' title='bbox 621 2221 661 2242; x_wconf 91' lang='grc' dir='ltr'><strong>αν</strong></span> <span class='ocrx_word' id='word_1_226' title='bbox 682 2208 800 2256; x_wconf 87' lang='grc' dir='ltr'>θρηνοῖ</span> <span class='ocrx_word' id='word_1_227' title='bbox 821 2205 946 2254; x_wconf 80' lang='grc' dir='ltr'>μάτην.</span> <span class='ocrx_word' id='word_1_228' title='bbox 1005 2205 1110 2244; x_wconf 81' lang='grc' dir='ltr'>Ἀλλὰ</span> <span class='ocrx_word' id='word_1_229' title='bbox 1133 2220 1234 2244; x_wconf 86' lang='grc' dir='ltr'>τουτο</span> <span class='ocrx_word' id='word_1_230' title='bbox 1252 2207 1303 2244; x_wconf 90' lang='grc' dir='ltr'><strong>λε</strong></span> <span class='ocrx_word' id='word_1_231' title='bbox 1293 2206 1352 2257; x_wconf 90' lang='grc' dir='ltr'>γε’-</span> 
     </span>
     <span class='ocr_line' id='line_1_34' title="bbox 311 2263 1351 2316; baseline 0.003 -15"><span class='ocrx_word' id='word_1_232' title='bbox 311 2266 382 2301; x_wconf 73' lang='lat' dir='ltr'><strong>com</strong></span> <span class='ocrx_word' id='word_1_233' title='bbox 414 2265 497 2316; x_wconf 86' lang='grc' dir='ltr'>παρ’</span> <span class='ocrx_word' id='word_1_234' title='bbox 517 2266 637 2315; x_wconf 83' lang='grc' dir='ltr'>ἡμῶν,</span> <span class='ocrx_word' id='word_1_235' title='bbox 661 2263 747 2311; x_wconf 78' lang='grc' dir='ltr'>αὕτη</span> <span class='ocrx_word' id='word_1_236' title='bbox 780 2264 838 2302; x_wconf 74' lang='grc' dir='ltr'><strong>ἐπὶ</strong></span> <span class='ocrx_word' id='word_1_237' title='bbox 870 2268 983 2302; x_wconf 74' lang='grc' dir='ltr'>ταῦτα</span> <span class='ocrx_word' id='word_1_238' title='bbox 1014 2264 1132 2314; x_wconf 83' lang='grc' dir='ltr'>αἰτία,</span> <span class='ocrx_word' id='word_1_239' title='bbox 1165 2265 1240 2304; x_wconf 77' lang='grc' dir='ltr'>θεὸν</span> <span class='ocrx_word' id='word_1_240' title='bbox 1268 2267 1351 2315; x_wconf 77' lang='grc' dir='ltr'>ἡμῖν</span> 
     </span>
     <span class='ocr_line' id='line_1_35' title="bbox 310 2321 1351 2378; baseline 0.004 -20"><span class='ocrx_word' id='word_1_241' title='bbox 310 2322 461 2374; x_wconf 83' lang='grc' dir='ltr'>ἀνευρεῖν</span> <span class='ocrx_word' id='word_1_242' title='bbox 489 2321 714 2374; x_wconf 79' lang='grc' dir='ltr'>δωρήσασθαί</span> <span class='ocrx_word' id='word_1_243' title='bbox 733 2338 771 2360; x_wconf 85' lang='grc' dir='ltr'><strong>τε</strong></span> <span class='ocrx_word' id='word_1_244' title='bbox 790 2322 868 2375; x_wconf 80' lang='grc' dir='ltr'>ὄψιν</span> <span class='ocrx_word' id='word_1_245' title='bbox 883 2353 893 2371; x_wconf 92' lang='grc'>,</span> <span class='ocrx_word' id='word_1_246' title='bbox 915 2321 973 2362; x_wconf 77' lang='grc' dir='ltr'><strong>ἵνα</strong></span> <span class='ocrx_word' id='word_1_247' title='bbox 992 2322 1053 2366; x_wconf 80' lang='grc' dir='ltr'><strong>τὰς</strong></span> <span class='ocrx_word' id='word_1_248' title='bbox 1074 2324 1107 2360; x_wconf 81' lang='grc' dir='ltr'>ἐν</span> <span class='ocrx_word' id='word_1_249' title='bbox 1128 2326 1262 2378; x_wconf 80' lang='grc' dir='ltr'>οὐρανῷ</span> <span class='ocrx_word' id='word_1_250' title='bbox 1285 2340 1351 2362; x_wconf 86' lang='grc' dir='ltr'>κα-</span> 
     </span>
     <span class='ocr_line' id='line_1_36' title="bbox 309 2381 1351 2435; baseline 0.003 -17"><span class='ocrx_word' id='word_1_251' title='bbox 309 2381 456 2425; x_wconf 84' lang='grc' dir='ltr'>τιδόντες</span> <span class='ocrx_word' id='word_1_252' title='bbox 476 2384 535 2419; x_wconf 75' lang='grc' dir='ltr'><strong>τοῦ</strong></span> <span class='ocrx_word' id='word_1_253' title='bbox 557 2384 614 2419; x_wconf 73' lang='grc' dir='ltr'><strong>νοῦ</strong></span> <span class='ocrx_word' id='word_1_254' title='bbox 638 2381 815 2434; x_wconf 71' lang='grc' dir='ltr'>περιόδους</span> <span class='ocrx_word' id='word_1_255' title='bbox 834 2382 1060 2435; x_wconf 79' lang='grc' dir='ltr'>χρησαίμεθα</span> <span class='ocrx_word' id='word_1_256' title='bbox 1085 2382 1143 2420; x_wconf 81' lang='grc' dir='ltr'><strong>ἐπὶ</strong></span> <span class='ocrx_word' id='word_1_257' title='bbox 1163 2382 1227 2426; x_wconf 86' lang='grc' dir='ltr'><strong>τὰς</strong></span> <span class='ocrx_word' id='word_1_258' title='bbox 1250 2399 1351 2435; x_wconf 80' lang='grc' dir='ltr'>περι-</span> 
     </span>
     <span class='ocr_line' id='line_1_37' title="bbox 309 2437 1351 2493; baseline 0.003 -17"><span class='ocrx_word' id='word_1_259' title='bbox 309 2437 412 2490; x_wconf 79' lang='grc' dir='ltr'>φορὰς</span> <span class='ocrx_word' id='word_1_260' title='bbox 459 2438 520 2483; x_wconf 82' lang='grc' dir='ltr'><strong>τὰς</strong></span> <span class='ocrx_word' id='word_1_261' title='bbox 557 2442 619 2486; x_wconf 75' lang='grc' dir='ltr'><strong>τῆς</strong></span> <span class='ocrx_word' id='word_1_262' title='bbox 656 2441 738 2491; x_wconf 90' lang='grc' dir='ltr'>παρ’</span> <span class='ocrx_word' id='word_1_263' title='bbox 775 2444 858 2490; x_wconf 79' lang='grc' dir='ltr'>ἡμῖν</span> <span class='ocrx_word' id='word_1_264' title='bbox 907 2439 1140 2492; x_wconf 73' lang='grc' dir='ltr'>διανοήσεως,</span> <span class='ocrx_word' id='word_1_265' title='bbox 1179 2441 1351 2493; x_wconf 82' lang='grc' dir='ltr'>ξυγγενεῖς</span> 
     </span>
     <span class='ocr_line' id='line_1_38' title="bbox 310 2496 1351 2551; baseline 0.005 -17"><span class='ocrx_word' id='word_1_266' title='bbox 310 2496 452 2541; x_wconf 77' lang='grc' dir='ltr'>ἐκείναις</span> <span class='ocrx_word' id='word_1_267' title='bbox 470 2496 591 2544; x_wconf 84' lang='grc' dir='ltr'>οὔσας,</span> <span class='ocrx_word' id='word_1_268' title='bbox 615 2498 820 2549; x_wconf 80' lang='grc' dir='ltr'>ἀταράκτοις</span> <span class='ocrx_word' id='word_1_269' title='bbox 838 2500 1099 2551; x_wconf 82' lang='grc' dir='ltr'>τεταραγμένας</span> <span class='ocrx_word' id='word_1_270' title='bbox 1112 2530 1122 2549; x_wconf 92' lang='grc'>,</span> <span class='ocrx_word' id='word_1_271' title='bbox 1141 2500 1351 2551; x_wconf 81' lang='grc' dir='ltr'>ἐκμαθόντες</span> 
     </span>
     <span class='ocr_line' id='line_1_39' title="bbox 311 2554 1350 2612; baseline 0.005 -19"><span class='ocrx_word' id='word_1_272' title='bbox 311 2554 346 2593; x_wconf 75' lang='grc' dir='ltr'>δὲ</span> <span class='ocrx_word' id='word_1_273' title='bbox 367 2555 425 2594; x_wconf 77' lang='grc' dir='ltr'>καὶ</span> <span class='ocrx_word' id='word_1_274' title='bbox 449 2557 626 2607; x_wconf 79' lang='grc' dir='ltr'>λογισμῶν</span> <span class='ocrx_word' id='word_1_275' title='bbox 647 2556 738 2594; x_wconf 67' lang='grc' dir='ltr'>κατὰ</span> <span class='ocrx_word' id='word_1_276' title='bbox 764 2557 862 2608; x_wconf 77' lang='grc' dir='ltr'>φύσιν</span> <span class='ocrx_word' id='word_1_277' title='bbox 885 2558 1069 2609; x_wconf 80' lang='grc' dir='ltr'>ὀρθότητος</span> <span class='ocrx_word' id='word_1_278' title='bbox 1098 2560 1350 2612; x_wconf 82' lang='grc' dir='ltr'>μετασχόντες,</span> 
     </span>
     <span class='ocr_line' id='line_1_40' title="bbox 316 2613 1352 2664; baseline 0.006 -14"><span class='ocrx_word' id='word_1_279' title='bbox 316 2613 521 2663; x_wconf 83' lang='grc' dir='ltr'>μιμούμενοι</span> <span class='ocrx_word' id='word_1_280' title='bbox 542 2613 602 2657; x_wconf 83' lang='grc' dir='ltr'><strong>τὰς</strong></span> <span class='ocrx_word' id='word_1_281' title='bbox 621 2618 680 2652; x_wconf 73' lang='grc' dir='ltr'><strong>τοῦ</strong></span> <span class='ocrx_word' id='word_1_282' title='bbox 702 2617 778 2652; x_wconf 80' lang='grc' dir='ltr'>θεοῦ</span> <span class='ocrx_word' id='word_1_283' title='bbox 800 2614 938 2659; x_wconf 84' lang='grc' dir='ltr'>πάντως</span> <span class='ocrx_word' id='word_1_284' title='bbox 958 2617 1125 2659; x_wconf 85' lang='grc' dir='ltr'>ἀπλανεῖς</span> <span class='ocrx_word' id='word_1_285' title='bbox 1145 2617 1269 2664; x_wconf 81' lang='grc' dir='ltr'>οὔσας,</span> <span class='ocrx_word' id='word_1_286' title='bbox 1288 2618 1352 2664; x_wconf 75' lang='grc' dir='ltr'><strong>τὰς</strong></span> 
     </span>
     <span class='ocr_line' id='line_1_41' title="bbox 313 2671 1351 2750; baseline 0.006 -42"><span class='ocrx_word' id='word_1_287' title='bbox 313 2673 346 2708; x_wconf 82' lang='grc' dir='ltr'>ἐν</span> <span class='ocrx_word' id='word_1_288' title='bbox 368 2675 452 2721; x_wconf 81' lang='grc' dir='ltr'>ἡμῖν</span> <span class='ocrx_word' id='word_1_289' title='bbox 479 2671 752 2721; x_wconf 81' lang='grc' dir='ltr'>πεπλανημένας</span> <span class='ocrx_word' id='word_1_290' title='bbox 772 2673 1100 2725; x_wconf 86' lang='grc' dir='ltr'>καταστησαίμεθα.</span> <span class='ocrx_word' id='word_1_291' title='bbox 1159 2677 1290 2750; x_wconf 39' lang='grc' dir='ltr'>Φιῖονῆς</span> <span class='ocrx_word' id='word_1_292' title='bbox 1314 2692 1351 2714; x_wconf 91' lang='grc' dir='ltr'><strong>τε</strong></span> 
     </span>
     <span class='ocr_line' id='line_1_42' title="bbox 311 2729 1350 2784; baseline 0.007 -18"><span class='ocrx_word' id='word_1_293' title='bbox 311 2729 353 2776; x_wconf 85' lang='grc' dir='ltr'>δὴ</span> <span class='ocrx_word' id='word_1_294' title='bbox 370 2729 428 2767; x_wconf 83' lang='grc' dir='ltr'>καὶ</span> <span class='ocrx_word' id='word_1_295' title='bbox 448 2730 551 2775; x_wconf 73' lang='grc' dir='ltr'>ἀκοῆς</span> <span class='ocrx_word' id='word_1_296' title='bbox 571 2729 650 2781; x_wconf 82' lang='grc' dir='ltr'>πέρι</span> <span class='ocrx_word' id='word_1_297' title='bbox 668 2730 772 2767; x_wconf 89' lang='grc' dir='ltr'>πάλιν</span> <span class='ocrx_word' id='word_1_298' title='bbox 794 2733 811 2768; x_wconf 84' lang='grc' dir='ltr'>ὃ</span> <span class='ocrx_word' id='word_1_299' title='bbox 826 2732 926 2775; x_wconf 78' lang='grc' dir='ltr'>αὐτὸς</span> <span class='ocrx_word' id='word_1_300' title='bbox 945 2732 1091 2784; x_wconf 88' lang='grc' dir='ltr'>λόγος,’</span> <span class='ocrx_word' id='word_1_301' title='bbox 1077 2749 1134 2771; x_wconf 91' lang='grc' dir='ltr'><strong>επι</strong></span> <span class='ocrx_word' id='word_1_302' title='bbox 1154 2733 1265 2772; x_wconf 75' lang='grc' dir='ltr'><strong>ταύτὰ</strong></span> <span class='ocrx_word' id='word_1_303' title='bbox 1281 2751 1350 2773; x_wconf 83' lang='grc' dir='ltr'>των</span> 
     </span>
     <span class='ocr_line' id='line_1_43' title="bbox 317 2786 1387 2847; baseline 0.01 -24"><span class='ocrx_word' id='word_1_304' title='bbox 317 2789 431 2825; x_wconf 81' lang='grc' dir='ltr'>αὐτῶν</span> <span class='ocrx_word' id='word_1_305' title='bbox 451 2786 551 2824; x_wconf 78' lang='grc' dir='ltr'>ἕνεκα</span> <span class='ocrx_word' id='word_1_306' title='bbox 580 2787 676 2839; x_wconf 86' lang='grc' dir='ltr'>παρὰ</span> <span class='ocrx_word' id='word_1_307' title='bbox 698 2790 780 2825; x_wconf 83' lang='grc' dir='ltr'>θεῶν</span> <span class='ocrx_word' id='word_1_308' title='bbox 807 2790 1036 2842; x_wconf 68' lang='grc' dir='ltr'>δεδωρῆσθαι.</span> <span class='ocrx_word' id='word_1_309' title='bbox 1094 2793 1204 2844; x_wconf 88' lang='grc' dir='ltr'>Λόγος</span> <span class='ocrx_word' id='word_1_310' title='bbox 1222 2809 1259 2831; x_wconf 85' lang='grc' dir='ltr'><strong>τε</strong></span> <span class='ocrx_word' id='word_1_311' title='bbox 1284 2794 1387 2847; x_wconf 82' lang='grc' dir='ltr'><strong>γαρ</strong></span> 
     </span>
     <span class='ocr_line' id='line_1_44' title="bbox 316 2845 1387 2901; baseline 0.01 -20"><span class='ocrx_word' id='word_1_312' title='bbox 316 2846 370 2882; x_wconf 81' lang='grc' dir='ltr'><strong>ἐπ’</strong></span> <span class='ocrx_word' id='word_1_313' title='bbox 399 2845 486 2883; x_wconf 70' lang='grc' dir='ltr'>αὒτὰ</span> <span class='ocrx_word' id='word_1_314' title='bbox 516 2861 626 2883; x_wconf 90' lang='grc' dir='ltr'>ταυτα</span> <span class='ocrx_word' id='word_1_315' title='bbox 652 2846 840 2895; x_wconf 78' lang='grc' dir='ltr'>τέτακται,</span> <span class='ocrx_word' id='word_1_316' title='bbox 875 2848 1042 2899; x_wconf 84' lang='grc' dir='ltr'>μεγίστην</span> <span class='ocrx_word' id='word_1_317' title='bbox 1072 2849 1387 2901; x_wconf 73' lang='grc' dir='ltr'>ξυμὸαλλόμενος</span> 
     </span>
     <span class='ocr_line' id='line_1_45' title="bbox 316 2902 1351 2968; baseline 0.007 -26"><span class='ocrx_word' id='word_1_318' title='bbox 316 2905 363 2947; x_wconf 86' lang='grc' dir='ltr'><strong>εἷς</strong></span> <span class='ocrx_word' id='word_1_319' title='bbox 382 2902 472 2941; x_wconf 78' lang='grc' dir='ltr'>αὐτὰ</span> <span class='ocrx_word' id='word_1_320' title='bbox 506 2909 651 2956; x_wconf 85' lang='grc' dir='ltr'>μοῖραν,</span> <span class='ocrx_word' id='word_1_321' title='bbox 673 2904 753 2943; x_wconf 76' lang='grc' dir='ltr'>ὅσον</span> <span class='ocrx_word' id='word_1_322' title='bbox 772 2905 801 2942; x_wconf 90' lang='grc' dir='ltr'><strong>τ’</strong></span> <span class='ocrx_word' id='word_1_323' title='bbox 828 2911 871 2944; x_wconf 80' lang='grc' dir='ltr'>αὖ</span> <span class='ocrx_word' id='word_1_324' title='bbox 894 2911 1062 2956; x_wconf 68' lang='grc' dir='ltr'>μουσικῆς</span> <span class='ocrx_word' id='word_1_325' title='bbox 1083 2911 1199 2968; x_wconf 55' lang='grc' dir='ltr'><strong>φωνῆᾗ</strong></span> <span class='ocrx_word' id='word_1_326' title='bbox 1226 2911 1351 2963; x_wconf 71' lang='grc' dir='ltr'>γρήσι-</span> 
     </span>
     <span class='ocr_line' id='line_1_46' title="bbox 317 2953 1353 3019; baseline 0.008 -20"><span class='ocrx_word' id='word_1_327' title='bbox 317 2977 401 3019; x_wconf 87' lang='grc' dir='ltr'>μον,</span> <span class='ocrx_word' id='word_1_328' title='bbox 429 2961 515 3013; x_wconf 87' lang='grc' dir='ltr'>πρὸς</span> <span class='ocrx_word' id='word_1_329' title='bbox 550 2961 657 3008; x_wconf 86' lang='grc' dir='ltr'>ἀκοὴν</span> <span class='ocrx_word' id='word_1_330' title='bbox 690 2961 790 3001; x_wconf 80' lang='grc' dir='ltr'>ἑνεκα</span> <span class='ocrx_word' id='word_1_331' title='bbox 819 2965 984 3016; x_wconf 84' lang='grc' dir='ltr'>ἁρμονίας</span> <span class='ocrx_word' id='word_1_332' title='bbox 1012 2966 1083 3004; x_wconf 81' lang='grc' dir='ltr'>ἐστι</span> <span class='ocrx_word' id='word_1_333' title='bbox 1114 2953 1229 3006; x_wconf 81' lang='grc' dir='ltr'>δοθέν·</span> <span class='ocrx_word' id='word_1_334' title='bbox 1262 2973 1284 3015; x_wconf 87' lang='grc' dir='ltr'>ἡ</span> <span class='ocrx_word' id='word_1_335' title='bbox 1317 2968 1353 3007; x_wconf 79' lang='grc' dir='ltr'>δὲ</span> 
     </span>
    </p>
   </div>
   <div class='ocr_carea' id='block_1_5' title="bbox 316 3019 1388 3144">
    <p class='ocr_par' dir='ltr' id='par_1_5' title="bbox 316 3019 1388 3135">
     <span class='ocr_line' id='line_1_47' title="bbox 316 3019 1388 3076; baseline 0.007 -17"><span class='ocrx_word' id='word_1_336' title='bbox 316 3019 484 3072; x_wconf 82' lang='grc' dir='ltr'>ἁρμονία,</span> <span class='ocrx_word' id='word_1_337' title='bbox 507 3019 675 3071; x_wconf 81' lang='grc' dir='ltr'>ξυγγενεις</span> <span class='ocrx_word' id='word_1_338' title='bbox 710 3021 838 3072; x_wconf 85' lang='grc' dir='ltr'>ἔχουσα</span> <span class='ocrx_word' id='word_1_339' title='bbox 874 3023 980 3075; x_wconf 73' lang='grc' dir='ltr'>φορὰς</span> <span class='ocrx_word' id='word_1_340' title='bbox 1015 3030 1090 3067; x_wconf 85' lang='grc' dir='ltr'>ταῖς</span> <span class='ocrx_word' id='word_1_341' title='bbox 1119 3027 1152 3063; x_wconf 82' lang='grc' dir='ltr'>ἐν</span> <span class='ocrx_word' id='word_1_342' title='bbox 1183 3029 1267 3076; x_wconf 73' lang='grc' dir='ltr'>ἡμῖν</span> <span class='ocrx_word' id='word_1_343' title='bbox 1294 3044 1354 3075; x_wconf 83' lang='grc' dir='ltr'><strong>της</strong></span> <span class='ocrx_word' id='word_1_344' title='bbox 1386 3027 1388 3038; x_wconf 74' lang='lat'><em>¹</em></span> 
     </span>
     <span class='ocr_line' id='line_1_48' title="bbox 319 3079 1387 3144; baseline 0.008 -27"><span class='ocrx_word' id='word_1_345' title='bbox 319 3081 435 3133; x_wconf 82' lang='grc' dir='ltr'>ψυχης</span> <span class='ocrx_word' id='word_1_346' title='bbox 453 3079 642 3131; x_wconf 85' lang='grc' dir='ltr'>περιόδοις,</span> <span class='ocrx_word' id='word_1_347' title='bbox 659 3082 709 3118; x_wconf 81' lang='grc' dir='ltr'><strong>τῶ</strong></span> <span class='ocrx_word' id='word_1_348' title='bbox 731 3081 819 3130; x_wconf 85' lang='grc' dir='ltr'>μετὰ</span> <span class='ocrx_word' id='word_1_349' title='bbox 836 3097 896 3119; x_wconf 91' lang='grc' dir='ltr'><strong>νου</strong></span> <span class='ocrx_word' id='word_1_350' title='bbox 913 3085 1176 3144; x_wconf 74' lang='grc' dir='ltr'>προσχρωμένυ</span> <span class='ocrx_word' id='word_1_351' title='bbox 1197 3087 1354 3132; x_wconf 81' lang='grc' dir='ltr'>Μούσαις</span> <span class='ocrx_word' id='word_1_352' title='bbox 1386 3092 1387 3102; x_wconf 69' lang='grc'>’</span> 
     </span>
    </p>
   </div>
   <div class='ocr_carea' id='block_1_6' title="bbox 318 3136 1352 3197">
    <p class='ocr_par' dir='ltr' id='par_1_6' title="bbox 318 3136 1352 3197">
     <span class='ocr_line' id='line_1_49' title="bbox 318 3136 1352 3197; baseline 0.006 -21"><span class='ocrx_word' id='word_1_353' title='bbox 318 3139 382 3176; x_wconf 80' lang='grc' dir='ltr'><strong>οὐκ</strong></span> <span class='ocrx_word' id='word_1_354' title='bbox 403 3139 443 3190; x_wconf 83' lang='grc' dir='ltr'><strong>ἐφ</strong></span> <span class='ocrx_word' id='word_1_355' title='bbox 459 3136 584 3183; x_wconf 81' lang='grc' dir='ltr'>ηδονὴν</span> <span class='ocrx_word' id='word_1_356' title='bbox 603 3137 747 3187; x_wconf 85' lang='grc' dir='ltr'>ἄλογον,</span> <span class='ocrx_word' id='word_1_357' title='bbox 770 3139 905 3177; x_wconf 82' lang='grc' dir='ltr'>καθάπε</span> <span class='ocrx_word' id='word_1_358' title='bbox 891 3156 927 3191; x_wconf 86' lang='grc' dir='ltr'><strong>ερ</strong></span> <span class='ocrx_word' id='word_1_359' title='bbox 947 3157 1025 3188; x_wconf 85' lang='grc' dir='ltr'>νυν,</span> <span class='ocrx_word' id='word_1_360' title='bbox 1046 3146 1133 3180; x_wconf 81' lang='grc' dir='ltr'>εἰναι</span> <span class='ocrx_word' id='word_1_361' title='bbox 1152 3144 1244 3181; x_wconf 82' lang='grc' dir='ltr'>δοκεῖ</span> <span class='ocrx_word' id='word_1_362' title='bbox 1264 3146 1352 3197; x_wconf 83' lang='grc' dir='ltr'>χρή-</span> 
     </span>
    </p>
   </div>
   <div class='ocr_carea' id='block_1_7' title="bbox 318 3194 1389 3254">
    <p class='ocr_par' dir='ltr' id='par_1_7' title="bbox 318 3194 1389 3254">
     <span class='ocr_line' id='line_1_50' title="bbox 318 3194 1389 3254; baseline 0.007 -20"><span class='ocrx_word' id='word_1_363' title='bbox 318 3211 441 3246; x_wconf 84' lang='grc' dir='ltr'>σιμος,</span> <span class='ocrx_word' id='word_1_364' title='bbox 465 3196 541 3233; x_wconf 85' lang='grc' dir='ltr'><strong>ἀλλ’</strong></span> <span class='ocrx_word' id='word_1_365' title='bbox 571 3195 628 3234; x_wconf 77' lang='grc' dir='ltr'><strong>ἐπὶ</strong></span> <span class='ocrx_word' id='word_1_366' title='bbox 655 3194 718 3242; x_wconf 81' lang='grc' dir='ltr'>τὴν</span> <span class='ocrx_word' id='word_1_367' title='bbox 745 3203 924 3247; x_wconf 84' lang='grc' dir='ltr'>γεγονυῖαν</span> <span class='ocrx_word' id='word_1_368' title='bbox 957 3214 991 3236; x_wconf 86' lang='grc' dir='ltr'><strong>εν</strong></span> <span class='ocrx_word' id='word_1_369' title='bbox 1022 3203 1106 3249; x_wconf 80' lang='grc' dir='ltr'>ἡμῖν</span> <span class='ocrx_word' id='word_1_370' title='bbox 1136 3202 1353 3254; x_wconf 83' lang='grc' dir='ltr'>ἀνάρμοστον</span> <span class='ocrx_word' id='word_1_371' title='bbox 1386 3200 1389 3222; x_wconf 53' lang='lat'>³</span> 
     </span>
    </p>
   </div>
   <div class='ocr_carea' id='block_1_8' title="bbox 317 3254 1352 3328">
    <p class='ocr_par' dir='ltr' id='par_1_8' title="bbox 317 3254 1352 3328">
     <span class='ocr_line' id='line_1_51' title="bbox 317 3254 1352 3328; baseline 0.009 -38"><span class='ocrx_word' id='word_1_372' title='bbox 317 3256 432 3306; x_wconf 72' lang='grc' dir='ltr'>ψυχης</span> <span class='ocrx_word' id='word_1_373' title='bbox 444 3312 459 3323; x_wconf 41' lang='grc' dir='ltr'>ν</span> <span class='ocrx_word' id='word_1_374' title='bbox 469 3254 657 3328; x_wconf 57' lang='grc' dir='ltr'>’πξρῑῦδθν</span> <span class='ocrx_word' id='word_1_375' title='bbox 680 3256 726 3297; x_wconf 76' lang='grc' dir='ltr'><strong>Εἷς</strong></span> <span class='ocrx_word' id='word_1_376' title='bbox 758 3270 858 3293; x_wconf 63' lang='lat' dir='ltr'><strong>&gt;texta</strong></span> <span class='ocrx_word' id='word_1_377' title='bbox 852 3257 1023 3306; x_wconf 65' lang='grc' dir='ltr'>ζόσμΐσῑν</span> <span class='ocrx_word' id='word_1_378' title='bbox 1061 3274 1120 3297; x_wconf 71' lang='grc' dir='ltr'><strong>και</strong></span> <span class='ocrx_word' id='word_1_379' title='bbox 1153 3275 1352 3313; x_wconf 64' lang='grc' dir='ltr'>συμφωνῑαν</span> 
     </span>
    </p>
   </div>
   <div class='ocr_carea' id='block_1_9' title="bbox 318 3312 1354 3370">
    <p class='ocr_par' dir='ltr' id='par_1_9' title="bbox 318 3312 1354 3370">
     <span class='ocr_line' id='line_1_52' title="bbox 318 3312 1354 3370; baseline 0.009 -21"><span class='ocrx_word' id='word_1_380' title='bbox 318 3314 422 3364; x_wconf 83' lang='grc' dir='ltr'>ἑαυτῃ</span> <span class='ocrx_word' id='word_1_381' title='bbox 444 3324 624 3365; x_wconf 79' lang='grc' dir='ltr'>ζυμμαγος</span> <span class='ocrx_word' id='word_1_382' title='bbox 644 3312 711 3351; x_wconf 77' lang='grc' dir='ltr'><strong>ὑπὸ</strong></span> <span class='ocrx_word' id='word_1_383' title='bbox 732 3315 810 3352; x_wconf 60' lang='lat' dir='ltr'><strong>Moe</strong></span> <span class='ocrx_word' id='word_1_384' title='bbox 805 3316 884 3351; x_wconf 61' lang='grc' dir='ltr'>τῶν</span> <span class='ocrx_word' id='word_1_385' title='bbox 905 3316 1060 3354; x_wconf 76' lang='grc' dir='ltr'>δέδοται·</span> <span class='ocrx_word' id='word_1_386' title='bbox 1083 3332 1141 3355; x_wconf 87' lang='grc' dir='ltr'><strong>και</strong></span> <span class='ocrx_word' id='word_1_387' title='bbox 1166 3319 1291 3370; x_wconf 79' lang='grc' dir='ltr'>ῥυθμὸς</span> <span class='ocrx_word' id='word_1_388' title='bbox 1312 3325 1354 3359; x_wconf 79' lang='grc' dir='ltr'>αὖ</span> 
     </span>
    </p>
   </div>
   <div class='ocr_carea' id='block_1_10' title="bbox 327 3394 2456 3416">
    <p class='ocr_par' dir='ltr' id='par_1_10' title="bbox 327 3394 2456 3416">
     <span class='ocr_line' id='line_1_53' title="bbox 327 3394 2456 3416; baseline 0.007 -16"><span class='ocrx_word' id='word_1_389' title='bbox 327 3394 2456 3416; x_wconf 56' lang='grc' dir='ltr'><em>Ἥ</em></span> 
     </span>
    </p>
   </div>
   <div class='ocr_carea' id='block_1_11' title="bbox 320 3439 1354 3488">
    <p class='ocr_par' dir='ltr' id='par_1_11' title="bbox 320 3439 1354 3488">
     <span class='ocr_line' id='line_1_54' title="bbox 320 3439 1354 3488; baseline 0.01 -17"><span class='ocrx_word' id='word_1_390' title='bbox 320 3439 523 3481; x_wconf 88' lang='lat' dir='ltr'><strong>impulerunt.</strong></span> <span class='ocrx_word' id='word_1_391' title='bbox 545 3442 670 3479; x_wconf 89' lang='lat' dir='ltr'><strong>Quibus</strong></span> <span class='ocrx_word' id='word_1_392' title='bbox 687 3452 725 3475; x_wconf 82' lang='lat' dir='ltr'><strong>ex</strong></span> <span class='ocrx_word' id='word_1_393' title='bbox 742 3443 838 3475; x_wconf 84' lang='lat' dir='ltr'><strong>rebus</strong></span> <span class='ocrx_word' id='word_1_394' title='bbox 858 3444 1094 3486; x_wconf 84' lang='lat' dir='ltr'><strong>philosophiam</strong></span> <span class='ocrx_word' id='word_1_395' title='bbox 1108 3446 1213 3488; x_wconf 82' lang='lat' dir='ltr'><strong>adepti</strong></span> <span class='ocrx_word' id='word_1_396' title='bbox 1232 3456 1354 3488; x_wconf 83' lang='lat' dir='ltr'><strong>sumus,</strong></span> 
     </span>
    </p>
   </div>
   <div class='ocr_carea' id='block_1_12' title="bbox 321 3499 1357 3548">
    <p class='ocr_par' dir='ltr' id='par_1_12' title="bbox 321 3499 1357 3548">
     <span class='ocr_line' id='line_1_55' title="bbox 321 3499 1357 3548; baseline 0.009 -18"><span class='ocrx_word' id='word_1_397' title='bbox 321 3507 386 3539; x_wconf 87' lang='lat' dir='ltr'><strong>quo</strong></span> <span class='ocrx_word' id='word_1_398' title='bbox 410 3499 493 3532; x_wconf 88' lang='lat' dir='ltr'><strong>bono</strong></span> <span class='ocrx_word' id='word_1_399' title='bbox 521 3500 644 3532; x_wconf 90' lang='lat' dir='ltr'><strong>nullum</strong></span> <span class='ocrx_word' id='word_1_400' title='bbox 663 3500 856 3542; x_wconf 75' lang='lat' dir='ltr'><strong>optabilius,</strong></span> <span class='ocrx_word' id='word_1_401' title='bbox 877 3503 1001 3535; x_wconf 83' lang='lat' dir='ltr'><strong>nullum</strong></span> <span class='ocrx_word' id='word_1_402' title='bbox 1023 3506 1227 3544; x_wconf 75' lang='lat' dir='ltr'><strong>prmstantius</strong></span> <span class='ocrx_word' id='word_1_403' title='bbox 1255 3515 1357 3548; x_wconf 83' lang='lat' dir='ltr'><strong>neque</strong></span> 
     </span>
    </p>
   </div>
   <div class='ocr_carea' id='block_1_13' title="bbox 1243 266 1509 306">
    <p class='ocr_par' dir='ltr' id='par_1_13' title="bbox 1243 266 1509 306">
     <span class='ocr_line' id='line_1_56' title="bbox 1243 266 1509 306; baseline -0.008 0"><span class='ocrx_word' id='word_1_404' title='bbox 1243 266 1509 306; x_wconf 82' lang='lat' dir='ltr'><strong>CHALClDH</strong></span> 
     </span>
    </p>
   </div>
   <div class='ocr_carea' id='block_1_14' title="bbox 1382 3450 2461 3535">
    <p class='ocr_par' dir='ltr' id='par_1_14' title="bbox 1382 3450 2461 3535">
     <span class='ocr_line' id='line_1_57' title="bbox 1382 3450 2461 3535; baseline 0 -53"><span class='ocrx_word' id='word_1_405' title='bbox 1382 3457 1391 3535; x_wconf 70' lang='grc' dir='ltr'>Ι</span> <span class='ocrx_word' id='word_1_406' title='bbox 1417 3450 1527 3483; x_wconf 86' lang='lat' dir='ltr'><strong>datum</strong></span> <span class='ocrx_word' id='word_1_407' title='bbox 1545 3457 1593 3485; x_wconf 88' lang='lat' dir='ltr'><strong>est</strong></span> <span class='ocrx_word' id='word_1_408' title='bbox 1611 3453 1795 3485; x_wconf 75' lang='lat' dir='ltr'><strong>mortalium</strong></span> <span class='ocrx_word' id='word_1_409' title='bbox 1816 3453 1922 3495; x_wconf 81' lang='lat' dir='ltr'><strong>generi</strong></span> <span class='ocrx_word' id='word_1_410' title='bbox 1950 3452 2084 3488; x_wconf 88' lang='lat' dir='ltr'><strong>deorum</strong></span> <span class='ocrx_word' id='word_1_411' title='bbox 2104 3461 2257 3484; x_wconf 87' lang='lat' dir='ltr'><strong>concessu</strong></span> <span class='ocrx_word' id='word_1_412' title='bbox 2281 3452 2377 3493; x_wconf 88' lang='lat' dir='ltr'><strong>atque</strong></span> <span class='ocrx_word' id='word_1_413' title='bbox 2393 3460 2461 3482; x_wconf 86' lang='lat' dir='ltr'><strong>mu-</strong></span> 
     </span>
    </p>
   </div>
   <div class='ocr_carea' id='block_1_15' title="bbox 2376 327 2638 1659">
    <p class='ocr_par' dir='ltr' id='par_1_15' title="bbox 2376 327 2638 1659">
     <span class='ocr_line' id='line_1_58' title="bbox 2439 327 2638 419; baseline 0 0"><span class='ocrx_word' id='word_1_414' title='bbox 2439 327 2638 419; x_wconf 95' lang='lat' dir='ltr'><strong>  </strong></span> 
     </span>
     <span class='ocr_line' id='line_1_59' title="bbox 2464 419 2638 476; baseline 0 3364"><span class='ocrx_word' id='word_1_415' title='bbox 2464 419 2638 476; x_wconf 95' lang='lat' dir='ltr'><strong> </strong></span> 
     </span>
     <span class='ocr_line' id='line_1_60' title="bbox 2463 476 2638 532; baseline 0 3308"><span class='ocrx_word' id='word_1_416' title='bbox 2463 476 2638 532; x_wconf 95' lang='lat' dir='ltr'><strong> </strong></span> 
     </span>
     <span class='ocr_line' id='line_1_61' title="bbox 2461 532 2638 593; baseline 0 -1"><span class='ocrx_word' id='word_1_417' title='bbox 2461 532 2638 593; x_wconf 95' lang='lat' dir='ltr'><strong>  </strong></span> 
     </span>
     <span class='ocr_line' id='line_1_62' title="bbox 2461 593 2638 651; baseline 0 3189"><span class='ocrx_word' id='word_1_418' title='bbox 2461 593 2638 651; x_wconf 95' lang='lat' dir='ltr'><strong> </strong></span> 
     </span>
     <span class='ocr_line' id='line_1_63' title="bbox 2461 651 2638 743; baseline 0 0"><span class='ocrx_word' id='word_1_419' title='bbox 2461 651 2638 743; x_wconf 95' lang='lat' dir='ltr'><strong>  </strong></span> 
     </span>
     <span class='ocr_line' id='line_1_64' title="bbox 2524 832 2638 889; baseline 0 2951"><span class='ocrx_word' id='word_1_420' title='bbox 2524 832 2638 889; x_wconf 95' lang='lat' dir='ltr'><strong> </strong></span> 
     </span>
     <span class='ocr_line' id='line_1_65' title="bbox 2521 889 2638 949; baseline 0 2891"><span class='ocrx_word' id='word_1_421' title='bbox 2521 889 2638 949; x_wconf 95' lang='lat' dir='ltr'><strong> </strong></span> 
     </span>
     <span class='ocr_line' id='line_1_66' title="bbox 2519 949 2638 1008; baseline 0 2832"><span class='ocrx_word' id='word_1_422' title='bbox 2519 949 2638 1008; x_wconf 95' lang='lat' dir='ltr'><strong> </strong></span> 
     </span>
     <span class='ocr_line' id='line_1_67' title="bbox 2519 1008 2638 1068; baseline 0 2772"><span class='ocrx_word' id='word_1_423' title='bbox 2519 1008 2638 1068; x_wconf 95' lang='lat' dir='ltr'><strong> </strong></span> 
     </span>
     <span class='ocr_line' id='line_1_68' title="bbox 2519 1068 2638 1126; baseline 0 2714"><span class='ocrx_word' id='word_1_424' title='bbox 2519 1068 2638 1126; x_wconf 95' lang='lat' dir='ltr'><strong> </strong></span> 
     </span>
     <span class='ocr_line' id='line_1_69' title="bbox 2556 1126 2638 1184; baseline 0 2656"><span class='ocrx_word' id='word_1_425' title='bbox 2556 1126 2638 1184; x_wconf 95' lang='lat' dir='ltr'><strong> </strong></span> 
     </span>
     <span class='ocr_line' id='line_1_70' title="bbox 2556 1184 2638 1241; baseline 0 2599"><span class='ocrx_word' id='word_1_426' title='bbox 2556 1184 2638 1241; x_wconf 95' lang='lat' dir='ltr'><strong> </strong></span> 
     </span>
     <span class='ocr_line' id='line_1_71' title="bbox 2546 1241 2638 1300; baseline 0 2540"><span class='ocrx_word' id='word_1_427' title='bbox 2546 1241 2638 1300; x_wconf 95' lang='lat' dir='ltr'><strong> </strong></span> 
     </span>
     <span class='ocr_line' id='line_1_72' title="bbox 2488 1300 2638 1360; baseline 0 2480"><span class='ocrx_word' id='word_1_428' title='bbox 2488 1300 2638 1360; x_wconf 95' lang='lat' dir='ltr'><strong> </strong></span> 
     </span>
     <span class='ocr_line' id='line_1_73' title="bbox 2382 1360 2638 1421; baseline 0 -4"><span class='ocrx_word' id='word_1_429' title='bbox 2382 1360 2638 1421; x_wconf 95' lang='lat' dir='ltr'><strong>  </strong></span> 
     </span>
     <span class='ocr_line' id='line_1_74' title="bbox 2378 1421 2638 1480; baseline 0 2360"><span class='ocrx_word' id='word_1_430' title='bbox 2378 1421 2638 1480; x_wconf 95' lang='lat' dir='ltr'><strong> </strong></span> 
     </span>
     <span class='ocr_line' id='line_1_75' title="bbox 2378 1480 2638 1542; baseline 0 2298"><span class='ocrx_word' id='word_1_431' title='bbox 2378 1480 2638 1542; x_wconf 95' lang='lat' dir='ltr'><strong> </strong></span> 
     </span>
     <span class='ocr_line' id='line_1_76' title="bbox 2376 1542 2638 1602; baseline 0 0"><span class='ocrx_word' id='word_1_432' title='bbox 2376 1542 2638 1602; x_wconf 95' lang='lat' dir='ltr'><strong>  </strong></span> 
     </span>
     <span class='ocr_line' id='line_1_77' title="bbox 2379 1602 2638 1659; baseline 0 0"><span class='ocrx_word' id='word_1_433' title='bbox 2379 1602 2638 1659; x_wconf 95' lang='lat' dir='ltr'><strong>  </strong></span> 
     </span>
    </p>
   </div>
   <div class='ocr_carea' id='block_1_16' title="bbox 1395 344 2497 1992">
    <p class='ocr_par' dir='ltr' id='par_1_16' title="bbox 1395 344 2528 1992">
     <span class='ocr_line' id='line_1_78' title="bbox 1396 344 2439 396; baseline -0.003 -9"><span class='ocrx_word' id='word_1_434' title='bbox 1396 363 1490 396; x_wconf 87' lang='lat' dir='ltr'><strong>nere;</strong></span> <span class='ocrx_word' id='word_1_435' title='bbox 1511 353 1799 396; x_wconf 83' lang='lat' dir='ltr'><strong>temperantiaeque</strong></span> <span class='ocrx_word' id='word_1_436' title='bbox 1818 361 1934 393; x_wconf 88' lang='lat' dir='ltr'><strong>causa,</strong></span> <span class='ocrx_word' id='word_1_437' title='bbox 1953 344 2059 393; x_wconf 84' lang='lat' dir='ltr'><strong>potius</strong></span> <span class='ocrx_word' id='word_1_438' title='bbox 2078 361 2176 393; x_wconf 85' lang='lat' dir='ltr'><strong>qnam</strong></span> <span class='ocrx_word' id='word_1_439' title='bbox 2194 350 2439 394; x_wconf 79' lang='lat' dir='ltr'><strong>oblectationis,</strong></span> 
     </span>
     <span class='ocr_line' id='line_1_79' title="bbox 1396 410 2442 455; baseline -0.002 -10"><span class='ocrx_word' id='word_1_440' title='bbox 1396 413 1473 446; x_wconf 84' lang='lat' dir='ltr'><strong>satis</strong></span> <span class='ocrx_word' id='word_1_441' title='bbox 1492 412 1681 452; x_wconf 86' lang='lat' dir='ltr'><strong>commoda,</strong></span> <span class='ocrx_word' id='word_1_442' title='bbox 1699 413 1817 455; x_wconf 84' lang='lat' dir='ltr'><strong>quippe</strong></span> <span class='ocrx_word' id='word_1_443' title='bbox 1836 421 1908 454; x_wconf 82' lang='lat' dir='ltr'><strong>quoe</strong></span> <span class='ocrx_word' id='word_1_444' title='bbox 1924 412 2157 453; x_wconf 77' lang='lat' dir='ltr'><strong>discrepantes,</strong></span> <span class='ocrx_word' id='word_1_445' title='bbox 2174 414 2208 443; x_wconf 86' lang='lat' dir='ltr'><strong>et</strong></span> <span class='ocrx_word' id='word_1_446' title='bbox 2228 410 2442 444; x_wconf 77' lang='lat' dir='ltr'><strong>inconsonan-</strong></span> 
     </span>
     <span class='ocr_line' id='line_1_80' title="bbox 1397 470 2444 512; baseline -0.003 -7"><span class='ocrx_word' id='word_1_447' title='bbox 1397 474 1446 505; x_wconf 89' lang='lat' dir='ltr'><strong>tes</strong></span> <span class='ocrx_word' id='word_1_448' title='bbox 1467 472 1587 505; x_wconf 86' lang='lat' dir='ltr'><strong>animae</strong></span> <span class='ocrx_word' id='word_1_449' title='bbox 1605 472 1839 505; x_wconf 83' lang='lat' dir='ltr'><strong>commotiones</strong></span> <span class='ocrx_word' id='word_1_450' title='bbox 1861 471 1900 504; x_wconf 83' lang='lat' dir='ltr'><strong>ad</strong></span> <span class='ocrx_word' id='word_1_451' title='bbox 1926 472 2119 504; x_wconf 85' lang='lat' dir='ltr'><strong>concentum</strong></span> <span class='ocrx_word' id='word_1_452' title='bbox 2137 470 2444 512; x_wconf 84' lang='lat' dir='ltr'><strong>exornationemqne</strong></span> 
     </span>
     <span class='ocr_line' id='line_1_81' title="bbox 1395 529 2441 572; baseline -0.002 -8"><span class='ocrx_word' id='word_1_453' title='bbox 1395 531 1588 572; x_wconf 84' lang='lat' dir='ltr'><strong>concordiae,</strong></span> <span class='ocrx_word' id='word_1_454' title='bbox 1625 531 1728 565; x_wconf 88' lang='lat' dir='ltr'><strong>Musis</strong></span> <span class='ocrx_word' id='word_1_455' title='bbox 1773 531 2003 563; x_wconf 77' lang='lat' dir='ltr'><strong>auxiliantibus</strong></span> <span class='ocrx_word' id='word_1_456' title='bbox 2016 555 2026 571; x_wconf 93' lang='lat'><strong>,</strong></span> <span class='ocrx_word' id='word_1_457' title='bbox 2073 531 2212 563; x_wconf 85' lang='lat' dir='ltr'><strong>revocet.</strong></span> <span class='ocrx_word' id='word_1_458' title='bbox 2258 529 2441 572; x_wconf 73' lang='lat' dir='ltr'><strong>Rhymmus</strong></span> 
     </span>
     <span class='ocr_line' id='line_1_82' title="bbox 1397 588 2444 630; baseline 0 -8"><span class='ocrx_word' id='word_1_459' title='bbox 1397 592 1502 623; x_wconf 91' lang='lat' dir='ltr'><strong>autem</strong></span> <span class='ocrx_word' id='word_1_460' title='bbox 1530 592 1578 624; x_wconf 87' lang='lat' dir='ltr'><strong>est</strong></span> <span class='ocrx_word' id='word_1_461' title='bbox 1611 590 1707 622; x_wconf 90' lang='lat' dir='ltr'><strong>datus</strong></span> <span class='ocrx_word' id='word_1_462' title='bbox 1735 593 1770 622; x_wconf 91' lang='lat' dir='ltr'><strong>ut</strong></span> <span class='ocrx_word' id='word_1_463' title='bbox 1794 589 1916 622; x_wconf 86' lang='lat' dir='ltr'><strong>medela</strong></span> <span class='ocrx_word' id='word_1_464' title='bbox 1944 592 2057 621; x_wconf 86' lang='lat' dir='ltr'><strong>eontra</strong></span> <span class='ocrx_word' id='word_1_465' title='bbox 2084 588 2268 630; x_wconf 75' lang='lat' dir='ltr'><strong>illepidam,</strong></span> <span class='ocrx_word' id='word_1_466' title='bbox 2293 596 2444 622; x_wconf 84' lang='lat' dir='ltr'><strong>numero·</strong></span> 
     </span>
     <span class='ocr_line' id='line_1_83' title="bbox 1398 646 2495 692; baseline 0 -9"><span class='ocrx_word' id='word_1_467' title='bbox 1398 659 1532 692; x_wconf 86' lang='lat' dir='ltr'><strong>rumque</strong></span> <span class='ocrx_word' id='word_1_468' title='bbox 1559 652 1591 683; x_wconf 89' lang='lat' dir='ltr'><strong>et</strong></span> <span class='ocrx_word' id='word_1_469' title='bbox 1622 650 1791 682; x_wconf 90' lang='lat' dir='ltr'><strong>modorum</strong></span> <span class='ocrx_word' id='word_1_470' title='bbox 1824 649 1983 688; x_wconf 88' lang='lat' dir='ltr'><strong>nesciam,</strong></span> <span class='ocrx_word' id='word_1_471' title='bbox 2018 649 2194 689; x_wconf 69' lang='lat' dir='ltr'><strong>gratiaeque</strong></span> <span class='ocrx_word' id='word_1_472' title='bbox 2220 651 2388 690; x_wconf 82' lang='lat' dir='ltr'><strong>expertem</strong></span> <span class='ocrx_word' id='word_1_473' title='bbox 2410 646 2445 680; x_wconf 84' lang='lat' dir='ltr'><strong>in</strong></span> <span class='ocrx_word' id='word_1_474' title='bbox 2464 651 2469 657; x_wconf 77' lang='grc'><em>“</em></span> <span class='ocrx_word' id='word_1_475' title='bbox 2488 677 2495 683; x_wconf 87' lang='grc'><strong>.</strong></span> 
     </span>
     <span class='ocr_line' id='line_1_84' title="bbox 1399 691 2497 751; baseline -0.006 -9"><span class='ocrx_word' id='word_1_476' title='bbox 1399 710 1580 751; x_wconf 89' lang='lat' dir='ltr'><strong>plerisque,</strong></span> <span class='ocrx_word' id='word_1_477' title='bbox 1602 711 1760 741; x_wconf 90' lang='lat' dir='ltr'><strong>naturam.</strong></span> <span class='ocrx_word' id='word_1_478' title='bbox 2492 691 2497 700; x_wconf 43' lang='lat'>¹</span> 
     </span>
     <span class='ocr_line' id='line_1_85' title="bbox 1441 765 2450 810; baseline -0.002 -9"><span class='ocrx_word' id='word_1_479' title='bbox 1441 768 1460 810; x_wconf 83' lang='lat'>§</span> <span class='ocrx_word' id='word_1_480' title='bbox 1483 772 1534 801; x_wconf 81' lang='lat'><strong>21.</strong></span> <span class='ocrx_word' id='word_1_481' title='bbox 1553 770 1645 801; x_wconf 85' lang='lat' dir='ltr'><strong>Nunc</strong></span> <span class='ocrx_word' id='word_1_482' title='bbox 1664 767 1818 810; x_wconf 84' lang='lat' dir='ltr'><strong>quoniam</strong></span> <span class='ocrx_word' id='word_1_483' title='bbox 1837 768 1953 799; x_wconf 88' lang='lat' dir='ltr'><strong>cuncta</strong></span> <span class='ocrx_word' id='word_1_484' title='bbox 1973 765 2114 807; x_wconf 80' lang='lat' dir='ltr'><strong>exceptis</strong></span> <span class='ocrx_word' id='word_1_485' title='bbox 2128 765 2304 799; x_wconf 87' lang='lat' dir='ltr'><strong>admodum</strong></span> <span class='ocrx_word' id='word_1_486' title='bbox 2326 765 2450 809; x_wconf 75' lang='lat' dir='ltr'><strong>paucis,</strong></span> 
     </span>
     <span class='ocr_line' id='line_1_86' title="bbox 1401 824 2446 868; baseline -0.003 -7"><span class='ocrx_word' id='word_1_487' title='bbox 1401 828 1527 861; x_wconf 82' lang='lat' dir='ltr'><strong>executi</strong></span> <span class='ocrx_word' id='word_1_488' title='bbox 1545 837 1678 867; x_wconf 89' lang='lat' dir='ltr'><strong>sumus,</strong></span> <span class='ocrx_word' id='word_1_489' title='bbox 1698 836 1772 867; x_wconf 79' lang='lat' dir='ltr'><strong>quae</strong></span> <span class='ocrx_word' id='word_1_490' title='bbox 1788 825 1933 868; x_wconf 83' lang='lat' dir='ltr'><strong>providae</strong></span> <span class='ocrx_word' id='word_1_491' title='bbox 1951 824 2070 858; x_wconf 87' lang='lat' dir='ltr'><strong>mentis</strong></span> <span class='ocrx_word' id='word_1_492' title='bbox 2086 824 2420 858; x_wconf 86' lang='lat' dir='ltr'><strong>intellectus&#39;instiiuit</strong></span> <span class='ocrx_word' id='word_1_493' title='bbox 2437 836 2446 858; x_wconf 76' lang='grc' dir='ltr'><strong>ε</strong></span> 
     </span>
     <span class='ocr_line' id='line_1_87' title="bbox 1401 882 2446 927; baseline -0.003 -8"><span class='ocrx_word' id='word_1_494' title='bbox 1401 887 1527 927; x_wconf 87' lang='lat' dir='ltr'><strong>oportet</strong></span> <span class='ocrx_word' id='word_1_495' title='bbox 1555 886 1652 919; x_wconf 85' lang='lat' dir='ltr'><strong>etiam</strong></span> <span class='ocrx_word' id='word_1_496' title='bbox 1671 886 1711 918; x_wconf 91' lang='lat' dir='ltr'><strong>de</strong></span> <span class='ocrx_word' id='word_1_497' title='bbox 1740 885 1823 925; x_wconf 88' lang='lat' dir='ltr'><strong>iilis,</strong></span> <span class='ocrx_word' id='word_1_498' title='bbox 1853 893 1927 926; x_wconf 63' lang='lat' dir='ltr'><strong>quae</strong></span> <span class='ocrx_word' id='word_1_499' title='bbox 1957 883 2134 916; x_wconf 86' lang='lat' dir='ltr'><strong>necessitas</strong></span> <span class='ocrx_word' id='word_1_500' title='bbox 2160 883 2307 925; x_wconf 82' lang='lat' dir='ltr'><strong>invehit,</strong></span> <span class='ocrx_word' id='word_1_501' title='bbox 2327 882 2446 924; x_wconf 78' lang='lat' dir='ltr'><strong>dicere.</strong></span> 
     </span>
     <span class='ocr_line' id='line_1_88' title="bbox 1408 942 2447 986; baseline -0.003 -8"><span class='ocrx_word' id='word_1_502' title='bbox 1408 946 1504 978; x_wconf 88' lang='lat' dir='ltr'><strong>Mixta</strong></span> <span class='ocrx_word' id='word_1_503' title='bbox 1527 945 1687 986; x_wconf 84' lang='lat' dir='ltr'><strong>siquidem</strong></span> <span class='ocrx_word' id='word_1_504' title='bbox 1711 943 1822 976; x_wconf 88' lang='lat' dir='ltr'><strong>mundi</strong></span> <span class='ocrx_word' id='word_1_505' title='bbox 1843 942 1972 976; x_wconf 87' lang='lat' dir='ltr'><strong>sensilis</strong></span> <span class='ocrx_word' id='word_1_506' title='bbox 1991 950 2029 975; x_wconf 83' lang='lat' dir='ltr'><strong>ex</strong></span> <span class='ocrx_word' id='word_1_507' title='bbox 2050 942 2248 975; x_wconf 81' lang='lat' dir='ltr'><strong>necessitatis</strong></span> <span class='ocrx_word' id='word_1_508' title='bbox 2270 942 2447 984; x_wconf 86' lang='lat' dir='ltr'><strong>intelligen-</strong></span> 
     </span>
     <span class='ocr_line' id='line_1_89' title="bbox 1403 1001 2450 1046; baseline -0.003 -9"><span class='ocrx_word' id='word_1_509' title='bbox 1403 1005 1521 1046; x_wconf 77' lang='lat' dir='ltr'><strong>tioeque</strong></span> <span class='ocrx_word' id='word_1_510' title='bbox 1543 1006 1629 1036; x_wconf 88' lang='lat' dir='ltr'><strong>coetu</strong></span> <span class='ocrx_word' id='word_1_511' title='bbox 1646 1003 1793 1035; x_wconf 88' lang='lat' dir='ltr'><strong>consistit</strong></span> <span class='ocrx_word' id='word_1_512' title='bbox 1807 1002 1995 1044; x_wconf 85' lang='lat' dir='ltr'><strong>generatio:</strong></span> <span class='ocrx_word' id='word_1_513' title='bbox 2011 1001 2198 1034; x_wconf 86' lang='lat' dir='ltr'><strong>dominante</strong></span> <span class='ocrx_word' id='word_1_514' title='bbox 2214 1001 2398 1042; x_wconf 84' lang='lat' dir='ltr'><strong>intellectu,</strong></span> <span class='ocrx_word' id='word_1_515' title='bbox 2417 1002 2450 1034; x_wconf 84' lang='lat' dir='ltr'><strong>et</strong></span> 
     </span>
     <span class='ocr_line' id='line_1_90' title="bbox 1402 1059 2452 1104; baseline -0.002 -8"><span class='ocrx_word' id='word_1_516' title='bbox 1402 1063 1523 1096; x_wconf 83' lang='lat' dir='ltr'><strong>salubri</strong></span> <span class='ocrx_word' id='word_1_517' title='bbox 1543 1062 1765 1104; x_wconf 87' lang='lat' dir='ltr'><strong>persuasione,</strong></span> <span class='ocrx_word' id='word_1_518' title='bbox 1786 1060 1924 1102; x_wconf 88' lang='lat' dir='ltr'><strong>rigorem</strong></span> <span class='ocrx_word' id='word_1_519' title='bbox 1942 1060 2140 1093; x_wconf 85' lang='lat' dir='ltr'><strong>necessitatis</strong></span> <span class='ocrx_word' id='word_1_520' title='bbox 2156 1059 2293 1093; x_wconf 74' lang='lat' dir='ltr'><strong>assiduae</strong></span> <span class='ocrx_word' id='word_1_521' title='bbox 2306 1059 2452 1094; x_wconf 77' lang='lat' dir='ltr'><strong>trahente</strong></span> 
     </span>
     <span class='ocr_line' id='line_1_91' title="bbox 1402 1114 2452 1164; baseline -0.002 -10"><span class='ocrx_word' id='word_1_522' title='bbox 1402 1123 1441 1154; x_wconf 83' lang='lat' dir='ltr'><strong>ad</strong></span> <span class='ocrx_word' id='word_1_523' title='bbox 1475 1122 1613 1164; x_wconf 83' lang='lat' dir='ltr'><strong>optimos</strong></span> <span class='ocrx_word' id='word_1_524' title='bbox 1641 1123 1745 1153; x_wconf 88' lang='lat' dir='ltr'><strong>actus.</strong></span> <span class='ocrx_word' id='word_1_525' title='bbox 1790 1122 1904 1162; x_wconf 88' lang='lat' dir='ltr'><strong>Itaque</strong></span> <span class='ocrx_word' id='word_1_526' title='bbox 1933 1119 2057 1161; x_wconf 82' lang='lat' dir='ltr'><strong>evicta,</strong></span> <span class='ocrx_word' id='word_1_527' title='bbox 2089 1121 2123 1152; x_wconf 87' lang='lat' dir='ltr'><strong>et</strong></span> <span class='ocrx_word' id='word_1_528' title='bbox 2147 1120 2280 1161; x_wconf 82' lang='lat' dir='ltr'><strong>parente</strong></span> <span class='ocrx_word' id='word_1_529' title='bbox 2308 1114 2452 1161; x_wconf 77' lang='lat' dir='ltr'><strong>providis</strong></span> 
     </span>
     <span class='ocr_line' id='line_1_92' title="bbox 1404 1177 2453 1220; baseline 0 -8"><span class='ocrx_word' id='word_1_530' title='bbox 1404 1180 1654 1213; x_wconf 87' lang='lat' dir='ltr'><strong>auetoritatibus</strong></span> <span class='ocrx_word' id='word_1_531' title='bbox 1667 1179 1874 1219; x_wconf 89' lang='lat' dir='ltr'><strong>necessitate,</strong></span> <span class='ocrx_word' id='word_1_532' title='bbox 1890 1178 1992 1220; x_wconf 88' lang='lat' dir='ltr'><strong>prima</strong></span> <span class='ocrx_word' id='word_1_533' title='bbox 2010 1187 2117 1211; x_wconf 88' lang='lat' dir='ltr'><strong>rerum</strong></span> <span class='ocrx_word' id='word_1_534' title='bbox 2131 1177 2307 1220; x_wconf 86' lang='lat' dir='ltr'><strong>mundique</strong></span> <span class='ocrx_word' id='word_1_535' title='bbox 2321 1178 2453 1212; x_wconf 78' lang='lat' dir='ltr'><strong>exordia</strong></span> 
     </span>
     <span class='ocr_line' id='line_1_93' title="bbox 1403 1237 2452 1279; baseline -0.001 -8"><span class='ocrx_word' id='word_1_536' title='bbox 1403 1240 1630 1272; x_wconf 88' lang='lat' dir='ltr'><strong>constiterunt.</strong></span> <span class='ocrx_word' id='word_1_537' title='bbox 1677 1238 1709 1271; x_wconf 87' lang='lat' dir='ltr'><strong>Si</strong></span> <span class='ocrx_word' id='word_1_538' title='bbox 1732 1237 1804 1279; x_wconf 82' lang='lat' dir='ltr'><strong>quis</strong></span> <span class='ocrx_word' id='word_1_539' title='bbox 1822 1246 1899 1278; x_wconf 88' lang='lat' dir='ltr'><strong>ergo</strong></span> <span class='ocrx_word' id='word_1_540' title='bbox 1916 1246 2011 1277; x_wconf 86' lang='lat' dir='ltr'><strong>vere,</strong></span> <span class='ocrx_word' id='word_1_541' title='bbox 2027 1237 2182 1279; x_wconf 77' lang='lat' dir='ltr'><strong>juxtaque</strong></span> <span class='ocrx_word' id='word_1_542' title='bbox 2201 1245 2322 1270; x_wconf 89' lang='lat' dir='ltr'><strong>meram</strong></span> <span class='ocrx_word' id='word_1_543' title='bbox 2342 1237 2452 1279; x_wconf 84' lang='lat' dir='ltr'><strong>iidem,</strong></span> 
     </span>
     <span class='ocr_line' id='line_1_94' title="bbox 1405 1296 2452 1339; baseline -0.002 -8"><span class='ocrx_word' id='word_1_544' title='bbox 1405 1299 1517 1331; x_wconf 88' lang='lat' dir='ltr'><strong>mundi</strong></span> <span class='ocrx_word' id='word_1_545' title='bbox 1538 1298 1632 1339; x_wconf 88' lang='lat' dir='ltr'><strong>hujus</strong></span> <span class='ocrx_word' id='word_1_546' title='bbox 1651 1297 1885 1330; x_wconf 90' lang='lat' dir='ltr'><strong>institutionem</strong></span> <span class='ocrx_word' id='word_1_547' title='bbox 1903 1297 2126 1329; x_wconf 87' lang='lat' dir='ltr'><strong>insinuaturus</strong></span> <span class='ocrx_word' id='word_1_548' title='bbox 2143 1296 2203 1329; x_wconf 87' lang='lat' dir='ltr'><strong>erit</strong></span> <span class='ocrx_word' id='word_1_549' title='bbox 2220 1307 2228 1326; x_wconf 89' lang='lat'><em>=</em></span> <span class='ocrx_word' id='word_1_550' title='bbox 2246 1296 2336 1329; x_wconf 88' lang='lat' dir='ltr'><strong>hunc</strong></span> <span class='ocrx_word' id='word_1_551' title='bbox 2353 1305 2452 1338; x_wconf 85' lang='lat' dir='ltr'><strong>opor·</strong></span> 
     </span>
     <span class='ocr_line' id='line_1_95' title="bbox 1404 1357 2453 1400; baseline -0.002 -8"><span class='ocrx_word' id='word_1_552' title='bbox 1404 1360 1451 1392; x_wconf 88' lang='lat' dir='ltr'><strong>tet</strong></span> <span class='ocrx_word' id='word_1_553' title='bbox 1470 1359 1615 1392; x_wconf 65' lang='lat' dir='ltr'><strong>erraticae</strong></span> <span class='ocrx_word' id='word_1_554' title='bbox 1638 1367 1770 1400; x_wconf 89' lang='lat' dir='ltr'><strong>qnoque</strong></span> <span class='ocrx_word' id='word_1_555' title='bbox 1781 1366 1898 1390; x_wconf 51' lang='lat' dir='ltr'><strong>‘causae</strong></span> <span class='ocrx_word' id='word_1_556' title='bbox 1917 1357 2057 1399; x_wconf 89' lang='lat' dir='ltr'><strong>speciem</strong></span> <span class='ocrx_word' id='word_1_557' title='bbox 2080 1357 2313 1392; x_wconf 84' lang='lat' dir='ltr'><strong>demonstrare.</strong></span> <span class='ocrx_word' id='word_1_558' title='bbox 2358 1357 2453 1397; x_wconf 85' lang='lat' dir='ltr'><strong>Quod</strong></span> 
     </span>
     <span class='ocr_line' id='line_1_96' title="bbox 1407 1417 2463 1461; baseline -0.003 -9"><span class='ocrx_word' id='word_1_559' title='bbox 1407 1421 1451 1452; x_wconf 90' lang='lat' dir='ltr'><strong>ita</strong></span> <span class='ocrx_word' id='word_1_560' title='bbox 1471 1419 1602 1452; x_wconf 87' lang='lat' dir='ltr'><strong>demum</strong></span> <span class='ocrx_word' id='word_1_561' title='bbox 1630 1418 1804 1451; x_wconf 89' lang='lat' dir='ltr'><strong>commode</strong></span> <span class='ocrx_word' id='word_1_562' title='bbox 1829 1417 1904 1459; x_wconf 86' lang='lat' dir='ltr'><strong>liet,</strong></span> <span class='ocrx_word' id='word_1_563' title='bbox 1925 1417 1951 1450; x_wconf 87' lang='lat' dir='ltr'><strong>si</strong></span> <span class='ocrx_word' id='word_1_564' title='bbox 1977 1417 2019 1450; x_wconf 83' lang='lat' dir='ltr'><strong>ad</strong></span> <span class='ocrx_word' id='word_1_565' title='bbox 2044 1426 2176 1456; x_wconf 90' lang='lat' dir='ltr'><strong>eorum,</strong></span> <span class='ocrx_word' id='word_1_566' title='bbox 2198 1425 2273 1459; x_wconf 81' lang='lat' dir='ltr'><strong>quoe</strong></span> <span class='ocrx_word' id='word_1_567' title='bbox 2290 1417 2390 1450; x_wconf 85' lang='lat' dir='ltr'><strong>error’</strong></span> <span class='ocrx_word' id='word_1_568' title='bbox 2459 1460 2463 1461; x_wconf 22' lang='lat'><em>⁷</em></span> 
     </span>
     <span class='ocr_line' id='line_1_97' title="bbox 1405 1475 2484 1520; baseline -0.002 -10"><span class='ocrx_word' id='word_1_569' title='bbox 1405 1478 1620 1520; x_wconf 84' lang='lat' dir='ltr'><strong>implicantur,</strong></span> <span class='ocrx_word' id='word_1_570' title='bbox 1637 1478 1791 1518; x_wconf 80' lang='lat' dir='ltr'><strong>originem</strong></span> <span class='ocrx_word' id='word_1_571' title='bbox 1810 1477 1895 1509; x_wconf 81' lang='lat' dir='ltr'><strong>i&#39;acto</strong></span> <span class='ocrx_word' id='word_1_572' title='bbox 1914 1485 2070 1518; x_wconf 77' lang='lat' dir='ltr'><strong>recursu,</strong></span> <span class='ocrx_word' id='word_1_573' title='bbox 2103 1475 2237 1517; x_wconf 87' lang='lat' dir='ltr'><strong>perinde</strong></span> <span class='ocrx_word' id='word_1_574' title='bbox 2264 1477 2300 1509; x_wconf 93' lang='lat' dir='ltr'><strong>ut</strong></span> <span class='ocrx_word' id='word_1_575' title='bbox 2327 1475 2359 1508; x_wconf 89' lang='lat' dir='ltr'><strong>in</strong></span> <span class='ocrx_word' id='word_1_576' title='bbox 2436 1488 2484 1508; x_wconf 98' lang='grc'><strong>.</strong></span> 
     </span>
     <span class='ocr_line' id='line_1_98' title="bbox 1406 1537 2466 1581; baseline 0 -9"><span class='ocrx_word' id='word_1_577' title='bbox 1406 1549 1482 1581; x_wconf 82' lang='lat' dir='ltr'><strong>quae</strong></span> <span class='ocrx_word' id='word_1_578' title='bbox 1499 1549 1536 1572; x_wconf 89' lang='lat' dir='ltr'><strong>ex</strong></span> <span class='ocrx_word' id='word_1_579' title='bbox 1555 1541 1662 1572; x_wconf 86' lang='lat' dir='ltr'><strong>mente</strong></span> <span class='ocrx_word' id='word_1_580' title='bbox 1676 1540 1770 1580; x_wconf 89' lang='lat' dir='ltr'><strong>sunt,</strong></span> <span class='ocrx_word' id='word_1_581' title='bbox 1787 1538 1919 1572; x_wconf 76' lang='lat' dir='ltr'><strong>fecimus</strong></span> <span class='ocrx_word' id='word_1_582' title='bbox 1934 1537 2151 1580; x_wconf 87' lang='lat' dir='ltr'><strong>:genituram,</strong></span> <span class='ocrx_word' id='word_1_583' title='bbox 2165 1523 2466 1579; x_wconf 34' lang='grc' dir='ltr'>ευὺεῐαηίίαῐηῖῗι</span> 
     </span>
     <span class='ocr_line' id='line_1_99' title="bbox 1407 1587 2460 1639; baseline -0.001 -7"><span class='ocrx_word' id='word_1_584' title='bbox 1407 1609 1519 1632; x_wconf 89' lang='lat' dir='ltr'><strong>eorum</strong></span> <span class='ocrx_word' id='word_1_585' title='bbox 1533 1599 1573 1631; x_wconf 90' lang='lat' dir='ltr'><strong>ab</strong></span> <span class='ocrx_word' id='word_1_586' title='bbox 1588 1598 1721 1632; x_wconf 86' lang='lat' dir='ltr'><strong>exordio</strong></span> <span class='ocrx_word' id='word_1_587' title='bbox 1735 1600 1919 1631; x_wconf 83' lang='lat' dir='ltr'><strong>retexamus</strong></span> <span class='ocrx_word' id='word_1_588' title='bbox 1939 1608 1947 1630; x_wconf 74' lang='grc' dir='ltr'><strong>ε</strong></span> <span class='ocrx_word' id='word_1_589' title='bbox 1963 1599 2176 1639; x_wconf 86' lang='lat' dir='ltr'><strong>naturamque</strong></span> <span class='ocrx_word' id='word_1_590' title='bbox 2189 1597 2286 1638; x_wconf 81' lang='lat' dir='ltr'><strong>ignis,</strong></span> <span class='ocrx_word' id='word_1_591' title='bbox 2301 1599 2335 1631; x_wconf 87' lang='lat' dir='ltr'><strong>et</strong></span> <span class='ocrx_word' id='word_1_592' title='bbox 2347 1599 2379 1631; x_wconf 82' lang='lat' dir='ltr'><strong>te</strong></span> <span class='ocrx_word' id='word_1_593' title='bbox 2413 1588 2421 1592; x_wconf 47' lang='grc'><strong>”</strong></span> <span class='ocrx_word' id='word_1_594' title='bbox 2435 1595 2439 1599; x_wconf 77' lang='grc'><strong>”</strong></span> <span class='ocrx_word' id='word_1_595' title='bbox 2452 1587 2460 1592; x_wconf 60' lang='grc'><strong>’</strong></span> 
     </span>
     <span class='ocr_line' id='line_1_100' title="bbox 1407 1655 2457 1698; baseline -0.001 -8"><span class='ocrx_word' id='word_1_596' title='bbox 1407 1662 1599 1690; x_wconf 71' lang='lat' dir='ltr'><strong>ca‘terarum</strong></span> <span class='ocrx_word' id='word_1_597' title='bbox 1622 1658 1701 1690; x_wconf 89' lang='lat' dir='ltr'><strong>item</strong></span> <span class='ocrx_word' id='word_1_598' title='bbox 1724 1657 1933 1690; x_wconf 89' lang='lat' dir='ltr'><strong>materiarum</strong></span> <span class='ocrx_word' id='word_1_599' title='bbox 1948 1680 1958 1698; x_wconf 93' lang='lat'><strong>,</strong></span> <span class='ocrx_word' id='word_1_600' title='bbox 1982 1665 2021 1690; x_wconf 81' lang='lat' dir='ltr'><strong>ex</strong></span> <span class='ocrx_word' id='word_1_601' title='bbox 2054 1656 2174 1697; x_wconf 73' lang='lat' dir='ltr'><strong>quilius</strong></span> <span class='ocrx_word' id='word_1_602' title='bbox 2197 1655 2311 1688; x_wconf 86' lang='lat' dir='ltr'><strong>mundi</strong></span> <span class='ocrx_word' id='word_1_603' title='bbox 2329 1655 2457 1691; x_wconf 76' lang='lat' dir='ltr'><strong>sensitis</strong></span> 
     </span>
     <span class='ocr_line' id='line_1_101' title="bbox 1406 1714 2457 1758; baseline -0.001 -10"><span class='ocrx_word' id='word_1_604' title='bbox 1406 1718 1627 1758; x_wconf 83' lang='lat' dir='ltr'><strong>coagmentata</strong></span> <span class='ocrx_word' id='word_1_605' title='bbox 1668 1716 1791 1748; x_wconf 91' lang='lat' dir='ltr'><strong>molitio</strong></span> <span class='ocrx_word' id='word_1_606' title='bbox 1822 1717 1894 1756; x_wconf 87' lang='lat' dir='ltr'><strong>est,</strong></span> <span class='ocrx_word' id='word_1_607' title='bbox 1923 1714 2175 1748; x_wconf 63' lang='lat' dir='ltr'><strong>consideremus</strong></span> <span class='ocrx_word' id='word_1_608' title='bbox 2219 1715 2286 1747; x_wconf 83' lang='lat' dir='ltr'><strong>Nec</strong></span> <span class='ocrx_word' id='word_1_609' title='bbox 2310 1715 2457 1747; x_wconf 83' lang='lat' dir='ltr'><strong>naturam</strong></span> 
     </span>
     <span class='ocr_line' id='line_1_102' title="bbox 1410 1773 2455 1817; baseline -0.001 -9"><span class='ocrx_word' id='word_1_610' title='bbox 1410 1776 1508 1808; x_wconf 86' lang='lat' dir='ltr'><strong>modo</strong></span> <span class='ocrx_word' id='word_1_611' title='bbox 1528 1784 1637 1808; x_wconf 81' lang='lat' dir='ltr'><strong>veram</strong></span> <span class='ocrx_word' id='word_1_612' title='bbox 1658 1775 1745 1807; x_wconf 87' lang='lat' dir='ltr'><strong>iilam</strong></span> <span class='ocrx_word' id='word_1_613' title='bbox 1764 1778 1906 1808; x_wconf 86' lang='lat' dir='ltr'><strong>veterem</strong></span> <span class='ocrx_word' id='word_1_614' title='bbox 1919 1799 1928 1815; x_wconf 89' lang='lat'><strong>‚</strong></span> <span class='ocrx_word' id='word_1_615' title='bbox 1948 1783 2022 1815; x_wconf 84' lang='lat' dir='ltr'><strong>quae</strong></span> <span class='ocrx_word' id='word_1_616' title='bbox 2041 1773 2100 1806; x_wconf 83' lang='lat' dir='ltr'><strong>fuit</strong></span> <span class='ocrx_word' id='word_1_617' title='bbox 2116 1775 2190 1806; x_wconf 86' lang='lat' dir='ltr'><strong>ante</strong></span> <span class='ocrx_word' id='word_1_618' title='bbox 2206 1773 2455 1817; x_wconf 86' lang='lat' dir='ltr'><strong>concretionem,</strong></span> 
     </span>
     <span class='ocr_line' id='line_1_103' title="bbox 1408 1831 2458 1876; baseline -0.001 -9"><span class='ocrx_word' id='word_1_619' title='bbox 1408 1836 1464 1868; x_wconf 88' lang='lat' dir='ltr'><strong>sed</strong></span> <span class='ocrx_word' id='word_1_620' title='bbox 1494 1835 1645 1876; x_wconf 88' lang='lat' dir='ltr'><strong>antiquas</strong></span> <span class='ocrx_word' id='word_1_621' title='bbox 1666 1834 1767 1867; x_wconf 88' lang='lat' dir='ltr'><strong>etiam</strong></span> <span class='ocrx_word' id='word_1_622' title='bbox 1799 1834 1943 1875; x_wconf 88' lang='lat' dir='ltr'><strong>ipsorum</strong></span> <span class='ocrx_word' id='word_1_623' title='bbox 1972 1833 2205 1866; x_wconf 88' lang='lat' dir='ltr'><strong>elementorum</strong></span> <span class='ocrx_word' id='word_1_624' title='bbox 2224 1831 2458 1874; x_wconf 73' lang='lat' dir='ltr'><strong>perpessiones.</strong></span> 
     </span>
     <span class='ocr_line' id='line_1_104' title="bbox 1408 1885 2458 1935; baseline -0.001 -9"><span class='ocrx_word' id='word_1_625' title='bbox 1408 1893 1523 1927; x_wconf 86' lang='lat' dir='ltr'><strong>Nullus</strong></span> <span class='ocrx_word' id='word_1_626' title='bbox 1545 1885 1663 1935; x_wconf 84' lang='lat' dir='ltr'><strong>quippe</strong></span> <span class='ocrx_word' id='word_1_627' title='bbox 1679 1893 1721 1925; x_wconf 87' lang='lat' dir='ltr'><strong>ad</strong></span> <span class='ocrx_word' id='word_1_628' title='bbox 1738 1893 1801 1926; x_wconf 88' lang='lat' dir='ltr'><strong>hoc</strong></span> <span class='ocrx_word' id='word_1_629' title='bbox 1818 1901 1922 1934; x_wconf 88' lang='lat' dir='ltr'><strong>usque</strong></span> <span class='ocrx_word' id='word_1_630' title='bbox 1939 1893 2070 1934; x_wconf 86' lang='lat' dir='ltr'><strong>tempus</strong></span> <span class='ocrx_word' id='word_1_631' title='bbox 2089 1892 2265 1932; x_wconf 83' lang='lat' dir='ltr'><strong>genituram</strong></span> <span class='ocrx_word' id='word_1_632' title='bbox 2279 1899 2391 1925; x_wconf 84' lang='lat' dir='ltr'><strong>eorum</strong></span> <span class='ocrx_word' id='word_1_633' title='bbox 2409 1892 2458 1925; x_wconf 87' lang='lat' dir='ltr'><strong>iu-</strong></span> 
     </span>
     <span class='ocr_line' id='line_1_105' title="bbox 1411 1949 2456 1992; baseline -0.003 -8"><span class='ocrx_word' id='word_1_634' title='bbox 1411 1952 1529 1984; x_wconf 85' lang='lat' dir='ltr'><strong>dicavit</strong></span> <span class='ocrx_word' id='word_1_635' title='bbox 1546 1964 1554 1984; x_wconf 76' lang='lat' dir='ltr'>z</span> <span class='ocrx_word' id='word_1_636' title='bbox 1573 1952 1628 1984; x_wconf 90' lang='lat' dir='ltr'><strong>sed</strong></span> <span class='ocrx_word' id='word_1_637' title='bbox 1645 1953 1800 1992; x_wconf 85' lang='lat' dir='ltr'><strong>tanquam</strong></span> <span class='ocrx_word' id='word_1_638' title='bbox 1818 1951 1995 1984; x_wconf 81' lang='lat' dir='ltr'><strong>scientibus</strong></span> <span class='ocrx_word' id='word_1_639' title='bbox 2006 1950 2083 1991; x_wconf 88' lang='lat' dir='ltr'><strong>quid</strong></span> <span class='ocrx_word' id='word_1_640' title='bbox 2097 1950 2141 1982; x_wconf 87' lang='lat' dir='ltr'><strong>sit</strong></span> <span class='ocrx_word' id='word_1_641' title='bbox 2152 1949 2235 1990; x_wconf 81' lang='lat' dir='ltr'><strong>ignis</strong></span> <span class='ocrx_word' id='word_1_642' title='bbox 2246 1973 2256 1990; x_wconf 93' lang='lat'><strong>,</strong></span> <span class='ocrx_word' id='word_1_643' title='bbox 2270 1951 2303 1983; x_wconf 91' lang='lat' dir='ltr'><strong>et</strong></span> <span class='ocrx_word' id='word_1_644' title='bbox 2316 1951 2431 1982; x_wconf 75' lang='lat' dir='ltr'><strong>caetera</strong></span> <span class='ocrx_word' id='word_1_645' title='bbox 2445 1958 2456 1981; x_wconf 74' lang='lat' dir='ltr'><strong><em>z</em></strong></span> 
     </span>
    </p>
   </div>
   <div class='ocr_carea' id='block_1_17' title="bbox 1383 2084 2595 3377">
    <p class='ocr_par' dir='ltr' id='par_1_17' title="bbox 1383 2084 2632 2674">
     <span class='ocr_line' id='line_1_106' title="bbox 1412 2084 2512 2142; baseline -0.002 -16"><span class='ocrx_word' id='word_1_646' title='bbox 1412 2087 1468 2127; x_wconf 81' lang='grc' dir='ltr'><strong>διὰ</strong></span> <span class='ocrx_word' id='word_1_647' title='bbox 1489 2087 1552 2136; x_wconf 83' lang='grc' dir='ltr'>τὴν</span> <span class='ocrx_word' id='word_1_648' title='bbox 1574 2088 1722 2142; x_wconf 81' lang='grc' dir='ltr'>ἄμετρον</span> <span class='ocrx_word' id='word_1_649' title='bbox 1741 2094 1776 2128; x_wconf 78' lang='grc' dir='ltr'>ἐν</span> <span class='ocrx_word' id='word_1_650' title='bbox 1795 2090 1881 2139; x_wconf 80' lang='grc' dir='ltr'>ἡμῖν</span> <span class='ocrx_word' id='word_1_651' title='bbox 1900 2087 1961 2127; x_wconf 79' lang='grc' dir='ltr'>καὶ</span> <span class='ocrx_word' id='word_1_652' title='bbox 1980 2086 2137 2140; x_wconf 83' lang='grc' dir='ltr'>χαρίτων</span> <span class='ocrx_word' id='word_1_653' title='bbox 2157 2087 2278 2125; x_wconf 81' lang='grc' dir='ltr'>ἐπιδεᾶ</span> <span class='ocrx_word' id='word_1_654' title='bbox 2295 2084 2459 2138; x_wconf 80' lang='grc' dir='ltr'>γιγνομέ·</span> <span class='ocrx_word' id='word_1_655' title='bbox 2482 2090 2512 2124; x_wconf 74' lang='grc' dir='ltr'>Β</span> 
     </span>
     <span class='ocr_line' id='line_1_107' title="bbox 1391 2144 2460 2199; baseline -0.002 -14"><span class='ocrx_word' id='word_1_656' title='bbox 1391 2190 1396 2195; x_wconf 45' lang='grc'>,</span> <span class='ocrx_word' id='word_1_657' title='bbox 1411 2163 1473 2195; x_wconf 94' lang='grc' dir='ltr'><strong>νην</strong></span> <span class='ocrx_word' id='word_1_658' title='bbox 1495 2150 1530 2186; x_wconf 84' lang='grc' dir='ltr'>ἐν</span> <span class='ocrx_word' id='word_1_659' title='bbox 1542 2154 1613 2192; x_wconf 86' lang='grc' dir='ltr'>τοῖς</span> <span class='ocrx_word' id='word_1_660' title='bbox 1629 2148 1804 2191; x_wconf 86' lang='grc' dir='ltr'>πλείστοις</span> <span class='ocrx_word' id='word_1_661' title='bbox 1819 2146 1888 2192; x_wconf 77' lang='grc' dir='ltr'>ἕξιν</span> <span class='ocrx_word' id='word_1_662' title='bbox 1907 2146 2086 2199; x_wconf 84' lang='grc' dir='ltr'>ἐπίκουρος</span> <span class='ocrx_word' id='word_1_663' title='bbox 2104 2145 2162 2184; x_wconf 82' lang='grc' dir='ltr'>ἐπὶ</span> <span class='ocrx_word' id='word_1_664' title='bbox 2175 2149 2288 2185; x_wconf 78' lang='grc' dir='ltr'>ταῦτα</span> <span class='ocrx_word' id='word_1_665' title='bbox 2308 2144 2377 2184; x_wconf 76' lang='grc' dir='ltr'>ὑπὸ</span> <span class='ocrx_word' id='word_1_666' title='bbox 2388 2146 2460 2184; x_wconf 79' lang='grc' dir='ltr'>τῶν</span> 
     </span>
     <span class='ocr_line' id='line_1_108' title="bbox 1413 2207 1666 2255; baseline 0.012 -11"><span class='ocrx_word' id='word_1_667' title='bbox 1413 2208 1527 2244; x_wconf 76' lang='grc' dir='ltr'>αὐτῶν</span> <span class='ocrx_word' id='word_1_668' title='bbox 1540 2207 1666 2255; x_wconf 74' lang='grc' dir='ltr'>ἐδόθη.</span> 
     </span>
     <span class='ocr_line' id='line_1_109' title="bbox 1466 2259 2458 2318; baseline -0.003 -14"><span class='ocrx_word' id='word_1_669' title='bbox 1466 2267 1488 2316; x_wconf 72' lang='lat' dir='ltr'>S</span> <span class='ocrx_word' id='word_1_670' title='bbox 1517 2278 1566 2306; x_wconf 84' lang='lat'><strong>21.</strong></span> <span class='ocrx_word' id='word_1_671' title='bbox 1597 2266 1654 2306; x_wconf 84' lang='grc' dir='ltr'><strong>Τὰ</strong></span> <span class='ocrx_word' id='word_1_672' title='bbox 1683 2264 1745 2316; x_wconf 82' lang='grc' dir='ltr'><strong>μὲν</strong></span> <span class='ocrx_word' id='word_1_673' title='bbox 1772 2259 1830 2304; x_wconf 61' lang='grc' dir='ltr'><strong>οὖν</strong></span> <span class='ocrx_word' id='word_1_674' title='bbox 1860 2264 2127 2318; x_wconf 84' lang='grc' dir='ltr'>παρεληλυθότα</span> <span class='ocrx_word' id='word_1_675' title='bbox 2147 2267 2215 2304; x_wconf 83' lang='grc' dir='ltr'>τῶν</span> <span class='ocrx_word' id='word_1_676' title='bbox 2243 2263 2458 2316; x_wconf 76' lang='grc' dir='ltr'>εἰρημένων,</span> 
     </span>
     <span class='ocr_line' id='line_1_110' title="bbox 1411 2323 2458 2378; baseline -0.001 -16"><span class='ocrx_word' id='word_1_677' title='bbox 1411 2326 1503 2371; x_wconf 82' lang='grc' dir='ltr'>πλὴν</span> <span class='ocrx_word' id='word_1_678' title='bbox 1530 2324 1711 2377; x_wconf 78' lang='grc' dir='ltr'>βραχέων,</span> <span class='ocrx_word' id='word_1_679' title='bbox 1734 2323 1968 2363; x_wconf 83' lang='grc' dir='ltr'>ἐπιδέδεικται</span> <span class='ocrx_word' id='word_1_680' title='bbox 1986 2324 2031 2364; x_wconf 73' lang='grc' dir='ltr'><strong>τὰ</strong></span> <span class='ocrx_word' id='word_1_681' title='bbox 2049 2323 2104 2363; x_wconf 80' lang='grc' dir='ltr'><strong>δια</strong></span> <span class='ocrx_word' id='word_1_682' title='bbox 2123 2339 2182 2363; x_wconf 91' lang='grc' dir='ltr'><strong>νου</strong></span> <span class='ocrx_word' id='word_1_683' title='bbox 2205 2323 2458 2378; x_wconf 83' lang='grc' dir='ltr'>δεδημιουργη·</span> 
     </span>
     <span class='ocr_line' id='line_1_111' title="bbox 1414 2380 2460 2434; baseline -0.001 -14"><span class='ocrx_word' id='word_1_684' title='bbox 1414 2381 1522 2432; x_wconf 84' lang='grc' dir='ltr'>μένα·</span> <span class='ocrx_word' id='word_1_685' title='bbox 1549 2384 1599 2421; x_wconf 88' lang='grc' dir='ltr'><strong>δεῖ</strong></span> <span class='ocrx_word' id='word_1_686' title='bbox 1620 2382 1656 2421; x_wconf 81' lang='grc' dir='ltr'>δὲ</span> <span class='ocrx_word' id='word_1_687' title='bbox 1681 2381 1807 2421; x_wconf 82' lang='grc' dir='ltr'>καὶτὰ</span> <span class='ocrx_word' id='word_1_688' title='bbox 1827 2383 1872 2420; x_wconf 85' lang='grc' dir='ltr'><strong>δι’</strong></span> <span class='ocrx_word' id='word_1_689' title='bbox 1893 2382 2046 2433; x_wconf 75' lang='grc' dir='ltr'>ἀνάριης</span> <span class='ocrx_word' id='word_1_690' title='bbox 2072 2380 2262 2434; x_wconf 88' lang='grc' dir='ltr'>γιγνόμενα</span> <span class='ocrx_word' id='word_1_691' title='bbox 2287 2385 2338 2433; x_wconf 77' lang='grc' dir='ltr'><strong>τῷ</strong></span> <span class='ocrx_word' id='word_1_692' title='bbox 2364 2380 2460 2432; x_wconf 82' lang='grc' dir='ltr'>λόγῳ</span> 
     </span>
     <span class='ocr_line' id='line_1_112' title="bbox 1411 2424 2595 2495; baseline -0.004 -14"><span class='ocrx_word' id='word_1_693' title='bbox 1411 2441 1643 2495; x_wconf 82' lang='grc' dir='ltr'>παραθέσθαι.</span> <span class='ocrx_word' id='word_1_694' title='bbox 1700 2440 1913 2492; x_wconf 87' lang='grc' dir='ltr'>Μεμιγμένη</span> <span class='ocrx_word' id='word_1_695' title='bbox 1931 2441 1999 2494; x_wconf 85' lang='grc' dir='ltr'>γὰρ</span> <span class='ocrx_word' id='word_1_696' title='bbox 2015 2435 2073 2480; x_wconf 90' lang='grc' dir='ltr'><strong>ουν</strong></span> <span class='ocrx_word' id='word_1_697' title='bbox 2091 2444 2113 2488; x_wconf 86' lang='grc' dir='ltr'>ἡ</span> <span class='ocrx_word' id='word_1_698' title='bbox 2130 2441 2231 2480; x_wconf 78' lang='grc' dir='ltr'>τοῦδε</span> <span class='ocrx_word' id='word_1_699' title='bbox 2246 2443 2307 2479; x_wconf 77' lang='grc' dir='ltr'><strong>τοῦ</strong></span> <span class='ocrx_word' id='word_1_700' title='bbox 2325 2439 2459 2491; x_wconf 80' lang='grc' dir='ltr'>κόσμου</span> <span class='ocrx_word' id='word_1_701' title='bbox 2482 2424 2546 2480; x_wconf 50' lang='grc' dir='ltr'><strong>’ἡ</strong></span> <span class='ocrx_word' id='word_1_702' title='bbox 2592 2485 2595 2488; x_wconf 15' lang='lat' dir='ltr'>y</span> 
     </span>
     <span class='ocr_line' id='line_1_113' title="bbox 1411 2498 2460 2553; baseline -0.002 -13"><span class='ocrx_word' id='word_1_703' title='bbox 1411 2502 1544 2553; x_wconf 86' lang='grc' dir='ltr'>γένεσις</span> <span class='ocrx_word' id='word_1_704' title='bbox 1575 2500 1649 2547; x_wconf 72' lang='grc' dir='ltr'><strong>ἐξ’</strong></span> <span class='ocrx_word' id='word_1_705' title='bbox 1630 2500 1785 2553; x_wconf 78' lang='grc' dir='ltr'>ανάγκης</span> <span class='ocrx_word' id='word_1_706' title='bbox 1815 2516 1854 2539; x_wconf 82' lang='grc' dir='ltr'><strong>τε</strong></span> <span class='ocrx_word' id='word_1_707' title='bbox 1882 2517 1942 2539; x_wconf 88' lang='grc' dir='ltr'><strong>και</strong></span> <span class='ocrx_word' id='word_1_708' title='bbox 1972 2517 2031 2540; x_wconf 91' lang='grc' dir='ltr'><strong>νου</strong></span> <span class='ocrx_word' id='word_1_709' title='bbox 2055 2500 2254 2543; x_wconf 82' lang='grc' dir='ltr'>συστάσεως</span> <span class='ocrx_word' id='word_1_710' title='bbox 2273 2498 2460 2551; x_wconf 77' lang='grc' dir='ltr'>ἐγεννηθη·</span> 
     </span>
     <span class='ocr_line' id='line_1_114' title="bbox 1412 2557 2460 2612; baseline 0 -17"><span class='ocrx_word' id='word_1_711' title='bbox 1412 2562 1469 2596; x_wconf 80' lang='grc' dir='ltr'><strong>νοῦ</strong></span> <span class='ocrx_word' id='word_1_712' title='bbox 1487 2559 1522 2598; x_wconf 82' lang='grc' dir='ltr'>δὲ</span> <span class='ocrx_word' id='word_1_713' title='bbox 1544 2558 1700 2610; x_wconf 78' lang='grc' dir='ltr'>ἀνάγκης</span> <span class='ocrx_word' id='word_1_714' title='bbox 1721 2557 1889 2612; x_wconf 83' lang='grc' dir='ltr'>ἄρχοντος</span> <span class='ocrx_word' id='word_1_715' title='bbox 1910 2561 1959 2611; x_wconf 80' lang='grc' dir='ltr'><strong>τῷ</strong></span> <span class='ocrx_word' id='word_1_716' title='bbox 1979 2559 2109 2598; x_wconf 83' lang='grc' dir='ltr'>πείθειν</span> <span class='ocrx_word' id='word_1_717' title='bbox 2128 2557 2237 2606; x_wconf 72' lang='grc' dir='ltr'>αὐτὴν</span> <span class='ocrx_word' id='word_1_718' title='bbox 2255 2559 2323 2596; x_wconf 78' lang='grc' dir='ltr'>τῶν</span> <span class='ocrx_word' id='word_1_719' title='bbox 2343 2570 2460 2608; x_wconf 78' lang='grc' dir='ltr'>γιγνο·</span> 
     </span>
     <span class='ocr_line' id='line_1_115' title="bbox 1383 2614 2463 2674; baseline -0.001 -19"><span class='ocrx_word' id='word_1_720' title='bbox 1383 2626 1386 2674; x_wconf 59' lang='lat' dir='ltr'><strong>l</strong></span> <span class='ocrx_word' id='word_1_721' title='bbox 1413 2617 1525 2668; x_wconf 82' lang='grc' dir='ltr'>με’νων</span> <span class='ocrx_word' id='word_1_722' title='bbox 1540 2618 1585 2656; x_wconf 82' lang='grc' dir='ltr'><strong>τὰ</strong></span> <span class='ocrx_word' id='word_1_723' title='bbox 1605 2620 1755 2658; x_wconf 87' lang='grc' dir='ltr'>πλεῖστα</span> <span class='ocrx_word' id='word_1_724' title='bbox 1776 2621 1832 2658; x_wconf 79' lang='grc' dir='ltr'><strong>ἐπὶ</strong></span> <span class='ocrx_word' id='word_1_725' title='bbox 1845 2618 1884 2656; x_wconf 81' lang='grc' dir='ltr'><strong>τὸ</strong></span> <span class='ocrx_word' id='word_1_726' title='bbox 1907 2619 2085 2671; x_wconf 85' lang='grc' dir='ltr'>βέλτιστον</span> <span class='ocrx_word' id='word_1_727' title='bbox 2102 2618 2219 2670; x_wconf 80' lang='grc' dir='ltr'>ἄγειν,</span> <span class='ocrx_word' id='word_1_728' title='bbox 2240 2616 2352 2669; x_wconf 76' lang='grc' dir='ltr'>ταύτῃ</span> <span class='ocrx_word' id='word_1_729' title='bbox 2368 2614 2463 2655; x_wconf 73' lang='grc' dir='ltr'>κατὰ</span> 
     </span>
    </p>

    <p class='ocr_par' dir='ltr' id='par_1_18' title="bbox 1384 2674 2462 3377">
     <span class='ocr_line' id='line_1_116' title="bbox 1412 2674 2462 2729; baseline -0.005 -12"><span class='ocrx_word' id='word_1_730' title='bbox 1412 2679 1524 2717; x_wconf 73' lang='grc' dir='ltr'>ταῦτά</span> <span class='ocrx_word' id='word_1_731' title='bbox 1543 2694 1580 2717; x_wconf 92' lang='grc' dir='ltr'><strong>τε</strong></span> <span class='ocrx_word' id='word_1_732' title='bbox 1598 2678 1640 2717; x_wconf 91' lang='grc' dir='ltr'><strong>δι’</strong></span> <span class='ocrx_word' id='word_1_733' title='bbox 1663 2678 1816 2729; x_wconf 82' lang='grc' dir='ltr'>ἀνάγκης</span> <span class='ocrx_word' id='word_1_734' title='bbox 1832 2678 2036 2728; x_wconf 79' lang='grc' dir='ltr'>ἡττωμένης</span> <span class='ocrx_word' id='word_1_735' title='bbox 2055 2678 2124 2716; x_wconf 84' lang='grc' dir='ltr'><strong>υπὸ</strong></span> <span class='ocrx_word' id='word_1_736' title='bbox 2139 2679 2276 2720; x_wconf 88' lang='grc' dir='ltr'>πειθους</span> <span class='ocrx_word' id='word_1_737' title='bbox 2291 2674 2462 2729; x_wconf 73' lang='grc' dir='ltr'>ἔμφρονος</span> 
     </span>
     <span class='ocr_line' id='line_1_117' title="bbox 1384 2726 2460 2791; baseline -0.003 -16"><span class='ocrx_word' id='word_1_738' title='bbox 1384 2751 1386 2783; x_wconf 74' lang='grc' dir='ltr'>ι</span> <span class='ocrx_word' id='word_1_739' title='bbox 1413 2737 1504 2776; x_wconf 71' lang='grc' dir='ltr'>οὕτω</span> <span class='ocrx_word' id='word_1_740' title='bbox 1523 2739 1600 2776; x_wconf 87' lang='grc' dir='ltr'>κατ’</span> <span class='ocrx_word' id='word_1_741' title='bbox 1625 2737 1735 2791; x_wconf 83' lang='grc' dir='ltr'>ἀρχὰς</span> <span class='ocrx_word' id='word_1_742' title='bbox 1756 2735 1936 2781; x_wconf 81' lang='grc' dir='ltr'>ξυνίστατο</span> <span class='ocrx_word' id='word_1_743' title='bbox 1955 2737 2033 2775; x_wconf 81' lang='grc' dir='ltr'>τόδε</span> <span class='ocrx_word' id='word_1_744' title='bbox 2054 2737 2094 2775; x_wconf 83' lang='grc' dir='ltr'><strong>τὸ</strong></span> <span class='ocrx_word' id='word_1_745' title='bbox 2115 2741 2202 2775; x_wconf 77' lang='grc' dir='ltr'>πᾶν.</span> <span class='ocrx_word' id='word_1_746' title='bbox 2262 2733 2309 2774; x_wconf 82' lang='grc' dir='ltr'><strong>Εἴ</strong></span> <span class='ocrx_word' id='word_1_747' title='bbox 2323 2750 2376 2778; x_wconf 86' lang='grc' dir='ltr'><strong>τις</strong></span> <span class='ocrx_word' id='word_1_748' title='bbox 2400 2726 2460 2773; x_wconf 68' lang='grc' dir='ltr'><strong>οἶν</strong></span> 
     </span>
     <span class='ocr_line' id='line_1_118' title="bbox 1384 2792 2462 2852; baseline -0.004 -17"><span class='ocrx_word' id='word_1_749' title='bbox 1384 2794 1387 2836; x_wconf 72' lang='lat' dir='ltr'><strong>l</strong></span> <span class='ocrx_word' id='word_1_750' title='bbox 1412 2801 1434 2849; x_wconf 87' lang='grc' dir='ltr'>ᾑ</span> <span class='ocrx_word' id='word_1_751' title='bbox 1456 2796 1595 2849; x_wconf 83' lang='grc' dir='ltr'>γέγονε,</span> <span class='ocrx_word' id='word_1_752' title='bbox 1614 2797 1707 2834; x_wconf 85' lang='grc' dir='ltr'>κατὰ</span> <span class='ocrx_word' id='word_1_753' title='bbox 1733 2799 1845 2834; x_wconf 75' lang='grc' dir='ltr'>ταῦτα</span> <span class='ocrx_word' id='word_1_754' title='bbox 1865 2794 1971 2840; x_wconf 83' lang='grc' dir='ltr'>ὄντως</span> <span class='ocrx_word' id='word_1_755' title='bbox 1989 2797 2076 2848; x_wconf 84' lang='grc' dir='ltr'>ἐρεῖ,</span> <span class='ocrx_word' id='word_1_756' title='bbox 2101 2793 2241 2846; x_wconf 73' lang='grc' dir='ltr'>μικτέον</span> <span class='ocrx_word' id='word_1_757' title='bbox 2259 2792 2320 2832; x_wconf 74' lang='grc' dir='ltr'>καὶ</span> <span class='ocrx_word' id='word_1_758' title='bbox 2339 2807 2379 2832; x_wconf 72' lang='grc' dir='ltr'><strong>το</strong></span> <span class='ocrx_word' id='word_1_759' title='bbox 2372 2795 2462 2852; x_wconf 48' lang='grc' dir='ltr'>..τῆς</span> 
     </span>
     <span class='ocr_line' id='line_1_119' title="bbox 1385 2843 2461 2912; baseline -0.005 -18"><span class='ocrx_word' id='word_1_760' title='bbox 1385 2863 1387 2912; x_wconf 66' lang='lat' dir='ltr'>j</span> <span class='ocrx_word' id='word_1_761' title='bbox 1413 2855 1645 2906; x_wconf 81' lang='grc' dir='ltr'>πλανωμένης</span> <span class='ocrx_word' id='word_1_762' title='bbox 1670 2848 1758 2898; x_wconf 81' lang='grc' dir='ltr'>εἶδος</span> <span class='ocrx_word' id='word_1_763' title='bbox 1788 2853 1926 2901; x_wconf 82' lang='grc' dir='ltr'>αἰτίας,</span> <span class='ocrx_word' id='word_1_764' title='bbox 1954 2857 1976 2904; x_wconf 85' lang='grc' dir='ltr'>ᾑ</span> <span class='ocrx_word' id='word_1_765' title='bbox 1998 2853 2113 2907; x_wconf 77' lang='grc' dir='ltr'>φέρειν</span> <span class='ocrx_word' id='word_1_766' title='bbox 2145 2853 2313 2906; x_wconf 70' lang='grc' dir='ltr'>πέφυκεν.</span> <span class='ocrx_word' id='word_1_767' title='bbox 2372 2843 2461 2891; x_wconf 70' lang='grc' dir='ltr'><strong>Ὧδε</strong></span> 
     </span>
     <span class='ocr_line' id='line_1_120' title="bbox 1385 2909 2461 2987; baseline -0.005 -35"><span class='ocrx_word' id='word_1_768' title='bbox 1385 2915 1387 2971; x_wconf 68' lang='grc' dir='ltr'>ξ</span> <span class='ocrx_word' id='word_1_769' title='bbox 1413 2918 1471 2952; x_wconf 89' lang='grc' dir='ltr'><strong>οὐν</strong></span> <span class='ocrx_word' id='word_1_770' title='bbox 1499 2914 1606 2954; x_wconf 86' lang='grc' dir='ltr'>πάλιν</span> <span class='ocrx_word' id='word_1_771' title='bbox 1628 2912 1896 2987; x_wconf 28' lang='grc' dir='ltr'>ἀναχωρητέλον</span> <span class='ocrx_word' id='word_1_772' title='bbox 1916 2928 1977 2950; x_wconf 83' lang='grc' dir='ltr'><strong>και</strong></span> <span class='ocrx_word' id='word_1_773' title='bbox 1994 2912 2165 2950; x_wconf 70' lang='grc' dir='ltr'>λαὸοῧσιν</span> <span class='ocrx_word' id='word_1_774' title='bbox 2189 2913 2304 2950; x_wconf 77' lang='grc' dir='ltr'>αὐτῶν</span> <span class='ocrx_word' id='word_1_775' title='bbox 2329 2909 2461 2950; x_wconf 74' lang='grc' dir='ltr'>τούτων</span> 
     </span>
     <span class='ocr_line' id='line_1_121' title="bbox 1386 2965 2461 3045; baseline -0.006 -33"><span class='ocrx_word' id='word_1_776' title='bbox 1386 2981 1387 3017; x_wconf 66' lang='grc' dir='ltr'>ζ</span> <span class='ocrx_word' id='word_1_777' title='bbox 1413 2973 1661 3025; x_wconf 79' lang='grc' dir='ltr'>προσήκουσαν</span> <span class='ocrx_word' id='word_1_778' title='bbox 1689 2971 1800 3025; x_wconf 71' lang='grc' dir='ltr'>ἀρχὴν</span> <span class='ocrx_word' id='word_1_779' title='bbox 1831 2971 1951 3045; x_wconf 81' lang='grc' dir='ltr'>ἑτέραν</span> <span class='ocrx_word' id='word_1_780' title='bbox 1979 2966 2075 3015; x_wconf 65' lang='grc' dir='ltr'>αὖθις</span> <span class='ocrx_word' id='word_1_781' title='bbox 2107 2965 2170 3020; x_wconf 66' lang='grc' dir='ltr'><strong>αὖ,</strong></span> <span class='ocrx_word' id='word_1_782' title='bbox 2198 2970 2357 3021; x_wconf 84' lang='grc' dir='ltr'>καθάπερ</span> <span class='ocrx_word' id='word_1_783' title='bbox 2379 2967 2461 3021; x_wconf 78' lang='grc' dir='ltr'>περὶ</span> 
     </span>
     <span class='ocr_line' id='line_1_122' title="bbox 1386 3028 2460 3087; baseline -0.004 -18"><span class='ocrx_word' id='word_1_784' title='bbox 1386 3046 1388 3087; x_wconf 43' lang='lat' dir='ltr'><strong>j</strong></span> <span class='ocrx_word' id='word_1_785' title='bbox 1414 3035 1482 3070; x_wconf 82' lang='grc' dir='ltr'>τῶν</span> <span class='ocrx_word' id='word_1_786' title='bbox 1503 3033 1603 3080; x_wconf 84' lang='grc' dir='ltr'>τότε,</span> <span class='ocrx_word' id='word_1_787' title='bbox 1621 3047 1681 3070; x_wconf 92' lang='grc' dir='ltr'><strong>νυν</strong></span> <span class='ocrx_word' id='word_1_788' title='bbox 1712 3030 1803 3071; x_wconf 79' lang='grc' dir='ltr'>οὕτω</span> <span class='ocrx_word' id='word_1_789' title='bbox 1826 3031 1906 3083; x_wconf 84' lang='grc' dir='ltr'>περὶ</span> <span class='ocrx_word' id='word_1_790' title='bbox 1926 3029 2056 3069; x_wconf 81' lang='grc' dir='ltr'>τούτων</span> <span class='ocrx_word' id='word_1_791' title='bbox 2084 3030 2190 3068; x_wconf 81' lang='grc' dir='ltr'>πάλιν</span> <span class='ocrx_word' id='word_1_792' title='bbox 2225 3028 2369 3083; x_wconf 79' lang='grc' dir='ltr'>ἀρκτέον</span> <span class='ocrx_word' id='word_1_793' title='bbox 2394 3029 2460 3069; x_wconf 73' lang='grc' dir='ltr'>ἀπ’</span> 
     </span>
     <span class='ocr_line' id='line_1_123' title="bbox 1386 3086 2460 3161; baseline -0.001 -34"><span class='ocrx_word' id='word_1_794' title='bbox 1386 3139 1388 3141; x_wconf 26' lang='lat'>¹</span> <span class='ocrx_word' id='word_1_795' title='bbox 1415 3092 1536 3161; x_wconf 74' lang='grc' dir='ltr'>ἀρχῆς</span> <span class='ocrx_word' id='word_1_796' title='bbox 1598 3090 1714 3138; x_wconf 76' lang='grc' dir='ltr'>Τὴν</span> <span class='ocrx_word' id='word_1_797' title='bbox 1696 3090 1737 3136; x_wconf 85' lang='grc' dir='ltr'><strong>οὴ</strong></span> <span class='ocrx_word' id='word_1_798' title='bbox 1753 3089 1820 3143; x_wconf 81' lang='grc' dir='ltr'><strong>πρὸ</strong></span> <span class='ocrx_word' id='word_1_799' title='bbox 1835 3092 1898 3136; x_wconf 74' lang='grc' dir='ltr'><strong>τῆς</strong></span> <span class='ocrx_word' id='word_1_800' title='bbox 1916 3090 2060 3140; x_wconf 71' lang='grc' dir='ltr'>οὗρανοῧ</span> <span class='ocrx_word' id='word_1_801' title='bbox 2078 3089 2243 3139; x_wconf 78' lang='grc' dir='ltr'>γενέσεως</span> <span class='ocrx_word' id='word_1_802' title='bbox 2258 3088 2364 3140; x_wconf 84' lang='grc' dir='ltr'>πυρὸς</span> <span class='ocrx_word' id='word_1_803' title='bbox 2379 3086 2460 3126; x_wconf 78' lang='grc' dir='ltr'>ὕδα-</span> 
     </span>
     <span class='ocr_line' id='line_1_124' title="bbox 1386 3143 2458 3201; baseline -0.003 -14"><span class='ocrx_word' id='word_1_804' title='bbox 1386 3154 1388 3185; x_wconf 62' lang='lat'><em>}</em></span> <span class='ocrx_word' id='word_1_805' title='bbox 1414 3150 1471 3192; x_wconf 85' lang='grc' dir='ltr'><strong>τός</strong></span> <span class='ocrx_word' id='word_1_806' title='bbox 1490 3166 1528 3188; x_wconf 81' lang='grc' dir='ltr'><strong>τε</strong></span> <span class='ocrx_word' id='word_1_807' title='bbox 1549 3166 1609 3189; x_wconf 87' lang='grc' dir='ltr'><strong>και</strong></span> <span class='ocrx_word' id='word_1_808' title='bbox 1635 3149 1734 3201; x_wconf 79' lang='grc' dir='ltr'>ἀέρος</span> <span class='ocrx_word' id='word_1_809' title='bbox 1753 3165 1813 3188; x_wconf 80' lang='grc' dir='ltr'><strong>και</strong></span> <span class='ocrx_word' id='word_1_810' title='bbox 1833 3152 1896 3199; x_wconf 71' lang='grc' dir='ltr'><strong>(ἧς</strong></span> <span class='ocrx_word' id='word_1_811' title='bbox 1917 3148 2016 3201; x_wconf 68' lang='grc' dir='ltr'>φύσιν</span> <span class='ocrx_word' id='word_1_812' title='bbox 2038 3146 2177 3185; x_wconf 82' lang='grc' dir='ltr'>θεατέον</span> <span class='ocrx_word' id='word_1_813' title='bbox 2206 3147 2314 3194; x_wconf 82' lang='grc' dir='ltr'>αὖτὴν</span> <span class='ocrx_word' id='word_1_814' title='bbox 2334 3162 2395 3185; x_wconf 82' lang='grc' dir='ltr'><strong>και</strong></span> <span class='ocrx_word' id='word_1_815' title='bbox 2414 3143 2458 3184; x_wconf 71' lang='grc' dir='ltr'><strong>τὰ</strong></span> 
     </span>
     <span class='ocr_line' id='line_1_125' title="bbox 1415 3205 2458 3260; baseline -0.004 -16"><span class='ocrx_word' id='word_1_816' title='bbox 1415 3209 1482 3259; x_wconf 76' lang='grc' dir='ltr'><strong>πρὸ</strong></span> <span class='ocrx_word' id='word_1_817' title='bbox 1500 3225 1621 3247; x_wconf 76' lang='grc' dir='ltr'>τουτου</span> <span class='ocrx_word' id='word_1_818' title='bbox 1642 3210 1750 3255; x_wconf 86' lang='grc' dir='ltr'>πάθη.</span> <span class='ocrx_word' id='word_1_819' title='bbox 1808 3207 1881 3247; x_wconf 80' lang='grc' dir='ltr'>Νῦν</span> <span class='ocrx_word' id='word_1_820' title='bbox 1901 3207 1970 3260; x_wconf 82' lang='grc' dir='ltr'>γὰρ</span> <span class='ocrx_word' id='word_1_821' title='bbox 1990 3206 2100 3250; x_wconf 77' lang='grc' dir='ltr'>οὐδείς</span> <span class='ocrx_word' id='word_1_822' title='bbox 2119 3222 2175 3244; x_wconf 84' lang='grc' dir='ltr'><strong>πω</strong></span> <span class='ocrx_word' id='word_1_823' title='bbox 2195 3205 2329 3257; x_wconf 81' lang='grc' dir='ltr'>γένεσιν</span> <span class='ocrx_word' id='word_1_824' title='bbox 2344 3206 2458 3243; x_wconf 77' lang='grc' dir='ltr'>αὐτων</span> 
     </span>
     <span class='ocr_line' id='line_1_126' title="bbox 1417 3264 2459 3318; baseline -0.002 -15"><span class='ocrx_word' id='word_1_825' title='bbox 1417 3267 1638 3318; x_wconf 74' lang='grc' dir='ltr'>μεμήνυκεν,</span> <span class='ocrx_word' id='word_1_826' title='bbox 1659 3269 1736 3305; x_wconf 80' lang='grc' dir='ltr'><strong>ἀλλ’</strong></span> <span class='ocrx_word' id='word_1_827' title='bbox 1763 3269 1808 3311; x_wconf 81' lang='grc' dir='ltr'><strong>ὡς</strong></span> <span class='ocrx_word' id='word_1_828' title='bbox 1838 3267 1944 3305; x_wconf 84' lang='grc' dir='ltr'>εἰδόσι</span> <span class='ocrx_word' id='word_1_829' title='bbox 1972 3271 2040 3318; x_wconf 82' lang='grc' dir='ltr'><strong>πῦρ</strong></span> <span class='ocrx_word' id='word_1_830' title='bbox 2069 3265 2098 3312; x_wconf 84' lang='grc' dir='ltr'>ὅ,</span> <span class='ocrx_word' id='word_1_831' title='bbox 2119 3265 2152 3303; x_wconf 83' lang='grc' dir='ltr'>τί</span> <span class='ocrx_word' id='word_1_832' title='bbox 2180 3265 2266 3303; x_wconf 84' lang='grc' dir='ltr'>ποτέ</span> <span class='ocrx_word' id='word_1_833' title='bbox 2298 3266 2373 3303; x_wconf 81' lang='grc' dir='ltr'>ἐστι</span> <span class='ocrx_word' id='word_1_834' title='bbox 2400 3264 2459 3301; x_wconf 78' lang='grc' dir='ltr'>καὶ</span> 
     </span>
     <span class='ocr_line' id='line_1_127' title="bbox 1416 3322 2458 3377; baseline -0.001 -17"><span class='ocrx_word' id='word_1_835' title='bbox 1416 3323 1559 3362; x_wconf 76' lang='grc' dir='ltr'>ἕκαστον</span> <span class='ocrx_word' id='word_1_836' title='bbox 1582 3326 1694 3362; x_wconf 76' lang='grc' dir='ltr'>αὐτῶν</span> <span class='ocrx_word' id='word_1_837' title='bbox 1713 3324 1859 3376; x_wconf 86' lang='grc' dir='ltr'>λέγομεν</span> <span class='ocrx_word' id='word_1_838' title='bbox 1876 3324 1985 3377; x_wconf 77' lang='grc' dir='ltr'>ἀρχὰς</span> <span class='ocrx_word' id='word_1_839' title='bbox 2001 3322 2092 3362; x_wconf 73' lang='grc' dir='ltr'>αὐτὰ</span> <span class='ocrx_word' id='word_1_840' title='bbox 2110 3322 2283 3373; x_wconf 82' lang='grc' dir='ltr'>τιθέμενοι</span> <span class='ocrx_word' id='word_1_841' title='bbox 2300 3326 2458 3374; x_wconf 74' lang='grc' dir='ltr'>στοιχεῖα</span> 
     </span>
    </p>
   </div>
   <div class='ocr_carea' id='block_1_18' title="bbox 1419 3511 1773 3552">
    <p class='ocr_par' dir='ltr' id='par_1_19' title="bbox 1419 3511 1773 3552">
     <span class='ocr_line' id='line_1_128' title="bbox 1419 3511 1773 3552; baseline 0.011 -11"><span class='ocrx_word' id='word_1_842' title='bbox 1419 3517 1506 3550; x_wconf 81' lang='lat' dir='ltr'><strong>nere,</strong></span> <span class='ocrx_word' id='word_1_843' title='bbox 1521 3519 1625 3552; x_wconf 88' lang='lat' dir='ltr'><strong>neque</strong></span> <span class='ocrx_word' id='word_1_844' title='bbox 1638 3511 1773 3545; x_wconf 86' lang='lat' dir='ltr'><strong>dabitur.</strong></span> 
     </span>
    </p>
   </div>
   <div class='ocr_carea' id='block_1_19' title="bbox 1839 3528 2050 3584">
    <p class='ocr_par' dir='ltr' id='par_1_20' title="bbox 1839 3528 2050 3584">
     <span class='ocr_line' id='line_1_129' title="bbox 1839 3528 2050 3584; baseline 0.014 -2"><span class='ocrx_word' id='word_1_845' title='bbox 1839 3528 2050 3584; x_wconf 64' lang='lat' dir='ltr'><strong>wtss·</strong></span> 
     </span>
    </p>
   </div>
  </div>
 </body>
</html>
