2638 3840
331 253 500 282 XXXVHI

329 330 479 369 artibus
494 328 891 374 imbuerentur.Quod
906 341 983 378 quo
1000 326 1150 364 facilius
1165 324 1372 371 obtineret,

329 391 422 429 satis
452 390 688 427 luculentum
720 388 1016 439 disciplinarum
1052 384 1278 422 doctoribus
1306 385 1373 423 sti-

329 450 513 502 pendium
526 449 572 486 de
591 448 748 500 publico
760 450 903 493 statuit,
914 455 954 483 ut
969 445 1083 484 simul
1097 453 1250 493 egentes
1259 444 1373 482 simul

328 510 539 561 locupletes
554 509 671 558 gratis
687 507 823 545 iisdem
840 505 1040 556 praeceptis
1061 512 1098 541 et
1118 516 1195 541 una
1218 503 1374 541 institu-

328 571 433 608 tione
447 569 702 606 formarentur
710 576 746 604 et
757 567 803 604 ad
814 573 971 603 cunctos
981 564 1126 601 civium
1137 561 1297 601 ordines
1305 563 1375 601 do-

328 629 452 666 ctrina
469 635 582 677 atque
602 626 771 664 eruditio
793 624 1028 676 perveniret.
1046 622 1142 662 Nam
1157 622 1373 660 litterarum

328 686 467 725 studiis
480 686 577 724 nihil
590 697 713 734 neque
727 682 951 734 praeclarius
962 694 1089 731 neque
1106 680 1229 730 magis
1244 693 1374 719 neces-

327 746 471 784 sarium
489 745 594 783 domi
610 743 835 792 militiaeque
848 753 930 778 esse
951 739 1228 778 arbitrabatur.
1245 739 1371 778 Porro

327 804 542 843 liberorum
565 802 641 854 (25)
665 800 822 839 orbitati
852 808 1002 837 tutores
1033 798 1204 837 instituit
1226 798 1368 850 partim

330 873 502 914 agnatos,
525 862 664 914 partim
686 868 885 909 cognatos,
908 860 961 896 ita
979 866 1022 896 ut
1046 858 1108 896 illi
1126 858 1369 909 pupillorum

327 935 407 961 rem
425 922 650 960 familiarem
672 918 1005 964 administrarent,
1027 916 1069 954 hi
1083 916 1196 954 orbis
1219 916 1368 954 victum

326 981 543 1034 praeberent
562 992 706 1029 eosque
735 978 904 1028 ingenue
923 976 1150 1016 educarent.
1177 976 1371 1015 Praeterea

325 1041 539 1078 desertores
562 1038 640 1092 (26)
656 1047 722 1076 aut
738 1037 916 1076 imbelles
933 1037 1177 1090 omninoque
1191 1036 1371 1074 militiam

325 1101 573 1138 detrectantes
605 1096 790 1136 muliebri
826 1096 968 1135 vestitu
1000 1096 1159 1135 indutos
1194 1095 1368 1135 triduum

322 1232 475 1272 ὁμιλοῦσι.
492 1232 566 1265 Ταῖς
583 1240 616 1261 τε
634 1228 715 1260 κατὰ
738 1228 874 1267 πόλεμον
894 1227 1062 1265 συνθήκαις
1078 1226 1110 1259 ἐν
1134 1226 1251 1259 ἔθνεσιν
1268 1227 1287 1265 ἢ
1310 1227 1368 1268 βα-

323 1279 442 1311 σιλεῦσι
466 1277 538 1318 πρὸς
554 1276 703 1317 διαμονὴν
719 1278 780 1306 τῶν
801 1275 974 1315 ὁμολογιῶν
997 1275 1018 1312 ἡ
1037 1273 1089 1306 διὰ
1105 1276 1167 1305 τῶν
1180 1274 1371 1316 γραμμάτων

321 1326 472 1368 ἀσφάλεια
492 1323 693 1367 βεὸαιοτάτην
711 1322 775 1364 ἔχει
792 1322 907 1354 πίστιν.
927 1322 1071 1353 Καθόλου
1087 1321 1120 1353 δὲ
1135 1321 1190 1358 τὰς
1208 1322 1371 1363 χαριεστά-

321 1385 374 1410 τας
390 1375 452 1404 τῶν
465 1371 618 1414 φρονίμων
642 1370 759 1410 ἀνδρῶν
780 1368 950 1410 ἀποφάσεις
964 1369 1017 1400 καὶ
1033 1370 1109 1401 θεῶν
1130 1369 1303 1410 χρησμούς,
1325 1369 1370 1401 ἔτι

321 1423 354 1453 δὲ
374 1419 554 1462 φιλοσοφίαν
571 1418 624 1450 καὶ
640 1420 745 1450 πᾶσαν
770 1416 912 1448 παιδείαν
939 1416 1016 1458 μόνη
1037 1419 1127 1457 τηρεῖ
1146 1416 1199 1448 καὶ
1221 1420 1283 1453 τοῖς
1306 1418 1371 1450 ἐπι·

320 1469 489 1511 γινομένοις
511 1467 558 1499 ἀεὶ
587 1466 798 1506 παραδίδωσιν
819 1465 860 1501 εἰς
881 1464 1005 1496 ἅπαντα
1030 1464 1083 1495 τὸν
1100 1465 1212 1496 αἰῶνα.
1238 1465 1295 1497 Διὸ
1316 1466 1369 1498 καὶ

320 1520 375 1548 τοῦ
390 1516 443 1557 μὲν
463 1518 515 1554 ζῆν
528 1515 582 1552 τήν
599 1514 691 1554 φύσιν
707 1511 808 1544 αἰτίαν
824 1512 1019 1550 ὑποληπτέον
1030 1536 1039 1552 ,
1064 1514 1119 1543 τοῦ
1144 1513 1177 1544 δὲ
1194 1513 1297 1550 καλῶς
1316 1516 1369 1552 ζῆν

320 1565 375 1603 τὴν
415 1564 450 1595 ἐκ
486 1565 547 1594 τῶν
588 1561 777 1603 γραμμάτων
809 1560 1011 1600 συγκειμένην
1038 1560 1192 1592 παιδείαν·
1225 1561 1292 1593 ὅθεν
1327 1563 1369 1598 ὡς

322 1610 464 1651 μεγάλων
495 1611 587 1641 τινῶν
622 1609 747 1647 ἀγαθῶν
779 1607 1067 1648 ἀποστερουμένους
1107 1608 1178 1645 τοὺς
1203 1608 1368 1649 ἀγραμμά-

319 1669 390 1694 τους
414 1657 613 1698 διωρθώσατο
637 1659 675 1697 τῇ
701 1654 870 1696 νομοθεσίᾳ
892 1655 988 1696 ταύτῃ
1006 1655 1059 1687 καὶ
1083 1655 1236 1697 δημοσίας
1263 1656 1370 1699 ἐπιμε-

319 1705 400 1741 λείας
419 1715 452 1736 τε
465 1704 518 1735 καὶ
533 1703 670 1741 δαπάνης
687 1702 802 1741 ἠξίωσε
814 1726 823 1740 ,
840 1703 893 1733 καὶ
912 1706 1062 1735 τοσοῦτον
1078 1703 1284 1746 ὑπερεῧάλετο
1299 1705 1368 1742 τοὺς

320 1751 465 1792 πρότερον
513 1749 777 1790 νομοθετήσαντας
813 1748 956 1790 δημοσίῳ
990 1751 1092 1791 μισθῷ
1128 1751 1199 1787 τοὺς
1244 1754 1369 1783 νοσοῦν-

319 1809 373 1834 τας
388 1800 449 1829 τῶν
471 1798 603 1829 ἰδιωτῶν
619 1797 680 1828 ὑπὸ
703 1797 816 1837 ἰατρῶν
844 1796 1076 1837 θεραπεύεσθαι,
1103 1797 1181 1829 ὥσθ’
1205 1799 1235 1829 οἱ
1258 1798 1313 1838 μὲν
1329 1799 1368 1831 τὰ

319 1846 454 1887 σώματα
463 1844 621 1887 θεραπείας
631 1844 779 1885 ἠξίωσαν,
789 1844 806 1875 ὁ
814 1844 847 1875 δὲ
857 1844 908 1880 τὰς
919 1844 1022 1886 ψυχὰς
1035 1845 1088 1881 τὰς
1095 1845 1149 1877 ὑπ’
1161 1844 1366 1884 ἀπαιδευσίας

318 1893 538 1933 ἐνοχλουμένας
552 1891 752 1933 ἐθεράπευσε,
765 1892 920 1924 κάκείνων
934 1893 988 1932 μὲν
1008 1897 1069 1925 τῶν
1083 1894 1198 1936 ἰατρῶν
1212 1895 1367 1936 εὐχόμεθα

319 1941 472 1980 μηδέποτε
485 1940 590 1981 χρείαν
609 1939 705 1981 ἔχειν,
723 1944 788 1976 τοῖς
801 1940 833 1972 δὲ
846 1943 902 1979 τῆς
919 1941 1060 1978 παιδείας
1076 1942 1276 1979 διδασκάλοις
1295 1944 1363 1975 ἐπι-

318 1989 473 2028 θυμοῦμεν
492 1987 615 2019 ἅπαντα
632 1987 685 2018 τὸν
705 1986 814 2028 χρόνον
834 1989 1070 2030 συνδιατρίὸειν.
1089 2008 1130 2015 -
1155 1990 1221 2031 (25)
1241 1990 1363 2023 Diodo-

317 2044 375 2076 rus⁴
392 2036 518 2068 Siculus
534 2035 588 2069 lib.
604 2036 667 2066 XlI
683 2043 754 2075 cap.
775 2037 812 2066 15
832 2047 840 2066 ε
861 2036 878 2066 ὁ
897 2034 923 2067 δ’
937 2035 990 2066 οὖν
1007 2037 1177 2079 Χαρώνδας
1197 2039 1250 2070 καὶ
1263 2039 1365 2080 ἔτερόν

317 2094 386 2114 τινα
409 2082 502 2123 νόμον
524 2081 681 2123 ἀποδοχῆς
710 2081 889 2123 ἀξιούμενον
909 2082 1044 2124 ἔγραψε,
1059 2085 1112 2116 τὸν
1130 2085 1201 2126 περὶ
1225 2089 1279 2124 τῆς
1302 2090 1365 2118 τῶν

317 2130 456 2172 ὀρφανῶν
473 2132 618 2169 φυλακῆς.
633 2129 731 2165 Οὗτος
741 2129 767 2161 δ’
782 2130 812 2166 ἐξ
819 2130 965 2169 ἐπιπολῆς
982 2132 1037 2172 μὲν
1051 2133 1260 2174 θεωρούμενος
1276 2134 1364 2166 οὐδὲν

318 2177 456 2218 φαίνεται
469 2178 608 2218 περιττόν
626 2177 708 2218 ἔχειν
721 2177 790 2208 οὐδὲ
804 2178 964 2219 ἀποδοχῆς
980 2179 1076 2218 ἄξιον,
1095 2180 1364 2223 ἀναθεωρούμενος

317 2227 349 2257 δὲ
365 2226 419 2258 καὶ
430 2225 495 2266 μετ’
512 2225 670 2266 ἀκριὸείας
691 2225 905 2267 ἐξεταζόμενος
924 2227 1058 2268 μεγάλην
1073 2228 1139 2269 ἔχει
1160 2231 1298 2269 σπουδὴν
1311 2233 1363 2263 καὶ

317 2274 418 2311 δόξαν.
435 2273 578 2315 Ἔγραψε
602 2273 662 2314 γὰρ
680 2276 743 2304 τῶν
769 2273 824 2314 μὲν
844 2274 1019 2315 ὀρφανικῶν
1041 2275 1211 2317 χρημάτων
1240 2279 1363 2320 ἐπιτρο-

315 2322 418 2353 πεύειν
447 2321 518 2357 τοὺς
537 2321 696 2362 ἀγχιστεῖς
712 2321 783 2358 τοὺς
811 2321 874 2353 ἀπὸ
896 2322 1030 2364 πατρός,
1056 2324 1219 2365 τρέφεσθαι
1242 2326 1275 2358 δὲ
1293 2328 1364 2365 τοὺς

316 2368 463 2409 ὀρφανοὺς
483 2367 568 2409 παρὰ
588 2371 651 2404 τοῖς
671 2368 835 2409 συγγενέσι
848 2371 913 2405 τοῖς
933 2370 995 2401 ἀπὸ
1013 2371 1137 2412 μητρός.
1159 2372 1292 2406 Αὐτόθεν
1310 2376 1364 2415 μὲν

316 2415 368 2447 οὖν
386 2417 403 2447 ὀ
415 2415 508 2455 νόμος
523 2415 611 2447 οὐδὲν
632 2416 741 2456 ὁρᾶται
757 2417 911 2457 περιέχων
931 2418 1027 2456 σοφὸν
1047 2419 1066 2457 ἢ
1083 2420 1244 2461 περιττόν,
1262 2422 1365 2459 ἐξετα-

316 2463 440 2503 ζόμενος
452 2463 484 2494 δὲ
499 2462 582 2494 κατὰ
602 2463 694 2504 βάθος
712 2463 886 2505 εὑρίσκεται
903 2465 1033 2503 δικαίως
1048 2467 1091 2499 ὢν
1116 2468 1199 2505 ἄξιος
1219 2470 1360 2505 ἐπαίνου.

317 2511 509 2551 Ζητουμένης
524 2510 583 2552 γὰρ
600 2514 654 2548 τῆς
671 2510 771 2546 αἰτίας
788 2510 826 2542 δι’
843 2512 880 2549 ἢν
897 2511 1000 2549 ἄλλοις
1021 2513 1075 2553 μὲν
1100 2516 1155 2554 τὴν
1170 2517 1282 2549 οὐσίαν
1300 2521 1365 2551 ἑτέ.

316 2569 379 2598 ροις
401 2558 433 2589 δὲ
455 2558 511 2596 τὴν
533 2562 595 2589 τῶν
618 2558 759 2599 ὀρφανῶν
775 2560 889 2600 τροφὴν
908 2560 1108 2603 ἐπίστευσεν,
1126 2564 1302 2605 ἐκφαίνεταί
1317 2579 1362 2605 τις

319 2605 439 2637 ἐπίνοια
460 2607 515 2636 τοῦ
529 2605 697 2644 νομοθέτου
715 2607 842 2647 περιττή
853 2617 861 2626 ·
877 2608 906 2638 οἱ
925 2608 979 2648 μὲν
991 2609 1051 2651 γὰρ
1066 2609 1128 2642 ἀπὸ
1146 2613 1260 2654 μητρὸς
1287 2626 1363 2655 συγ-

319 2654 414 2691 γενεῖς
432 2652 468 2683 οὗ
480 2652 688 2692 προσήκοντες
703 2656 742 2693 τῇ
769 2654 960 2695 κληρονομίᾳ
977 2659 1039 2687 τῶν
1058 2656 1198 2698 ὀρφανῶν
1215 2661 1274 2692 οὐκ
1297 2663 1361 2694 ἐπι-

320 2700 558 2738 δουλεύσουσιν,
572 2701 600 2731 οἱ
611 2700 639 2731 δ’
658 2699 720 2731 ἀπὸ
735 2704 791 2732 τοῦ
810 2702 924 2742 πατρὸς
941 2703 1051 2735 οἰκεῖοι
1072 2705 1290 2741 ἐπιδουλεῦσαι
1309 2711 1363 2743 μὲν

318 2747 356 2778 οὐ
369 2747 512 2778 δύνανται
531 2745 582 2777 διὰ
597 2746 633 2777 τὸ
655 2746 698 2786 μὴ
720 2747 919 2779 πιστεύεσθαι
938 2752 994 2780 τοῦ
1011 2751 1177 2794 σώματος,
1195 2759 1249 2794 τῆς
1271 2757 1297 2788 δ’
1309 2742 1363 2790 “οὐ.

319 2793 390 2830 σίας
410 2794 451 2829 εἷς
471 2792 606 2828 ἐκείνους
634 2793 832 2831 καθηκούσης
856 2794 910 2826 ἐὰν
936 2797 965 2827 οἱ
988 2796 1114 2838 ὀρφανοὶ
1134 2802 1362 2841 τελευτήσωσιν

321 2841 339 2879 ἢ
353 2840 403 2871 διὰ
422 2839 513 2871 νόσον
530 2839 550 2878 ἦ
563 2850 632 2871 τινα
644 2839 738 2878 ἄλλην
753 2840 936 2881 περίστασιν
947 2865 956 2882 ,
968 2843 1183 2888 ἀκριὸέστερον
1197 2849 1361 2891 οἰκονομή-

319 2897 411 2929 σουσι
432 2887 472 2917 τὰ
490 2887 636 2927 χρήματα
661 2888 703 2922 ὡς
725 2887 805 2923 ἰδίας
824 2887 880 2923 τὰς
902 2889 938 2920 ἐκ
950 2893 1004 2928 τῆς
1019 2891 1115 2932 τύχης
1132 2894 1255 2932 ἐλπίδας
1276 2897 1364 2938 ἕχον-

317 2946 378 2970 τες.
393 2953 431 2960 -
448 2933 513 2974 (26)
531 2933 691 2965 Diodorus
708 2934 835 2966 siculus
852 2935 907 2967 lib.
929 2939 1003 2979 ΧΙΙ,
1020 2946 1090 2979 cap.
1111 2943 1169 2973 16:
1187 2943 1314 2985 Ἕτερον
1331 2947 1362 2979 δὲ

319 2981 410 3018 ἔθηκε
425 2979 520 3021 νόμον
542 2981 625 3011 κατὰ
649 2984 710 3011 τῶν
728 2980 882 3014 λιπόντων
901 2983 957 3021 τήν
982 2984 1013 3016 ἐν
1035 2987 1162 3028 πολέμῳ
1178 2990 1262 3025 τάξιν
1284 2994 1303 3030 ἢ
1325 2995 1361 3025 τὸ

320 3027 447 3066 σύνολον
476 3027 518 3066 μή
539 3026 756 3059 ἀναλαδόντων
774 3028 813 3059 τὰ
830 3029 914 3061 ὅπλα
940 3031 1016 3072 ὑπὲρ
1037 3036 1091 3070 τῆς
1109 3036 1267 3076 πατρίδος.
1291 3041 1361 3071 Τῶν

318 3073 379 3114 γὰρ
395 3073 496 3104 ἄλλων
515 3074 689 3114 νομοθετῶν
711 3075 793 3106 κατὰ
808 3079 871 3107 τῶν
894 3078 1046 3110 τοιούτων
1060 3081 1244 3115 τεθεικότων
1266 3086 1359 3117 θάνα-

320 3126 372 3146 τον
401 3115 438 3146 τὸ
465 3114 656 3155 πρόστιμον,
685 3115 773 3151 οὗτος
802 3118 972 3156 προσέταξε
998 3121 1068 3157 τοὺς
1094 3124 1252 3161 τοιούτους
1277 3127 1307 3158 ἐν
1325 3132 1361 3168 τῇ

321 3162 420 3203 ἀγορᾷ
437 3162 480 3202 ἐφ’
502 3162 616 3203 ἡμέρας
628 3165 709 3204 τρεῖς
727 3164 879 3201 καθῆσθαι
897 3165 928 3196 ἐν
943 3167 1051 3204 ἐσθῆσι
1068 3170 1267 3209 γυναικείαις.
1282 3172 1319 3205 Ὁ
1331 3177 1363 3208 δὲ

320 3209 413 3250 νόμος
438 3210 526 3246 οὗτος
548 3209 615 3250 ἅμα
641 3209 696 3250 μὲν
715 3211 997 3255 φιλανθρωπότερός
1025 3215 1090 3247 ἐστι
1107 3220 1169 3248 τῶν
1193 3220 1278 3259 παρὰ
1298 3227 1363 3260 τοῖς

322 3257 438 3296 ἄλλοις,
455 3257 521 3297 ἅμα
538 3258 570 3288 δὲ
587 3256 758 3294 λεληθότως
776 3261 822 3298 τῷ
847 3260 964 3298 μεγέθει
984 3265 1038 3299 τῆς
1054 3262 1178 3303 ἀτιμίας
1197 3265 1362 3308 ἀποτρέπει

323 3303 394 3338 τοὺς
407 3303 532 3343 ὁμοίους
548 3304 668 3339 τούτοις
681 3307 736 3341 τῆς
756 3304 919 3345 ἀνανδρίας
930 3316 939 3324 ·
953 3311 1092 3347 κρεῖττον
1111 3310 1170 3350 γάρ
1185 3311 1267 3344 ἐστιν
1283 3315 1361 3348 ἀπο-

325 3350 423 3380 θανεῖν
443 3351 461 3387 ἢ
481 3350 624 3388 τοιαύτης
646 3351 761 3391 ὕδρεως
779 3351 810 3382 ἐν
834 3355 872 3393 τῇ
889 3353 1011 3394 πατρίδι
1025 3358 1222 3397 πειραθῆναι·
1241 3359 1307 3401 ἅμα
1331 3365 1363 3396 δὲ

324 3398 375 3427 καὶ
397 3399 465 3433 τοὺς
486 3399 714 3439 ἁμαρτάνοντας
742 3400 798 3431 οὐκ
823 3399 985 3441 ἠφάνισεν,
1004 3403 1082 3435 ἀλλὰ
1110 3408 1147 3446 τῇ
1177 3407 1263 3440 πόλει
1285 3413 1360 3452 πρὸς

325 3444 380 3479 τὰς
405 3446 573 3493 πολεμικάς
595 3447 698 3489 χρείας
717 3448 867 3490 ἐτήρησε,
896 3450 1156 3492 διορθωσόμένους
1180 3459 1218 3496 τῇ
1242 3458 1292 3489 διὰ
1311 3464 1363 3498 τῆς

1206 237 1274 276 DE
1303 235 1623 278 PYTHAGORA

1442 327 1482 364 in
1504 327 1588 364 foro
1603 325 1736 364 sedere
1753 325 1874 377 jussit
1890 354 1901 374 ‚
1930 335 1973 365 ut
1994 327 2171 367 ludibrio
2198 329 2325 369 habiti
2346 339 2384 370 et
2413 344 2486 384 per

1441 399 1509 424 ora
1528 386 1731 423 hominum
1754 385 1924 424 traducti
1948 386 1996 424 ad
2016 386 2159 426 bonam
2184 389 2331 440 frugem
2361 403 2403 429 se
2422 405 2485 430 re·-

1439 445 1625 497 ciperent.
1647 443 1819 494 Negabat
1835 445 1939 483 enim
1961 446 2055 485 tales
2074 460 2159 486 esse
2175 448 2483 499 interficiendos,

1439 505 1533 556 quia
1547 503 1773 552 confideret,
1796 513 1878 542 tum
1893 505 1982 544 aliis
2002 505 2232 547 hominibus
2251 509 2345 549 illos
2357 523 2486 549 exem-

1438 564 1503 615 pla
1525 564 1694 610 futuros,
1717 571 1797 601 tum
1817 564 1925 615 ipsos
1945 564 1987 602 in
2012 574 2217 616 posterum
2240 567 2485 609 fortitudinis

1438 623 1707 674 experimenta
1736 622 1923 661 edituros.

1492 682 1542 719 At
1561 681 1603 719 in
1625 680 1829 719 comoediis
1842 681 1921 732 (27)
1941 695 2173 734 quemquam
2188 684 2335 725 civium
2344 697 2488 739 praeter

1439 740 1634 779 adulteros
1660 749 1698 778 et
1717 741 1893 779 curiosos
1913 742 2042 781 notari
2073 751 2189 795 atque
2209 746 2397 796 exagitari
2418 761 2488 786 ve-

1438 799 1525 838 tuit.
1555 799 1730 851 Namque
1760 800 1994 839 adulterium
2028 802 2186 842 videtur
2213 816 2298 843 esse
2329 807 2486 846 curiosa

1435 858 1572 896 alienae
1591 859 1804 910 voluptatis
1824 859 2031 909 inquisitio
2054 874 2270 915 eorumque
2289 877 2377 914 quae
2398 865 2484 904 abs-

1434 918 1656 956 conduntur
1688 931 1732 955 ac
1751 918 1960 970 plerosque
1985 919 2139 971 fugiunt
2165 922 2377 973 indagatio,
2407 925 2485 965 Cu-

1433 977 1589 1016 riositas
1615 990 1711 1016 vero
1727 990 1961 1016 arcanorum
1980 981 2182 1032 corruptio
2205 991 2243 1020 et
2259 975 2386 1034 xquasi
2406 998 2487 1023 nu-

1433 1036 1538 1075 datio
1566 1046 1637 1077 est.
1660 1037 1839 1088 Denique
1858 1046 1966 1076 suam
1985 1038 2235 1091 disciplinam
2249 1040 2329 1095 (28)
2346 1043 2389 1082 in
2407 1058 2486 1096 qua

1433 1096 1537 1134 salus
1557 1096 1729 1134 civitatis
1751 1095 1948 1148 nitebatur
1966 1096 2268 1150 haudquaquam
2284 1101 2484 1152 negligen-

1433 1154 1521 1192 dam
1534 1184 1544 1202 ‚
1567 1155 1636 1193 sed
1655 1155 1764 1193 omni
1785 1168 1879 1194 cura
1896 1156 2100 1195 colendam
2121 1167 2229 1197 ratus
2248 1159 2377 1209 legum
2395 1173 2484 1212 per-

1434 1213 1728 1264 fringendarum
1746 1214 1952 1253 occasione
1970 1216 2128 1266 privare
2143 1216 2326 1257 homines
2346 1231 2484 1271 pecca-

1432 1281 1640 1324 torumque
1666 1287 1802 1313 causas
1821 1274 2035 1325 praecidere
2056 1276 2240 1315 omnibus
2256 1277 2481 1320 destinavit.

1431 1331 1675 1383 Quamquam
1694 1333 1816 1383 igitur
1835 1333 1960 1383 leges,
1979 1334 2013 1372 si
2036 1334 2184 1387 iniquae
2202 1345 2351 1385 essent,
2367 1336 2483 1376 abro-

1431 1392 1516 1441 gari
1533 1404 1649 1443 posse
1673 1391 1910 1431 concedebat
1931 1407 1939 1430 :
1961 1401 2088 1432 tamen
2107 1396 2353 1445 rogationum
2382 1397 2482 1436 lato-

1430 1449 1539 1488 ribus
1563 1464 1690 1503 poenae
1717 1460 1861 1490 metum
1892 1451 2040 1502 injecit.
2086 1452 2257 1493 cavebat
2289 1456 2416 1504 enim,
2440 1466 2483 1496 ut

1431 1523 1546 1548 novae
1588 1511 1686 1560 legis
1719 1506 1854 1549 auctor
1884 1511 2075 1563 tantisper
2102 1512 2195 1551 dum
2237 1515 2480 1564 rogationem

1432 1569 1548 1608 ferret
1575 1570 1677 1608 collo
1699 1570 1742 1608 in
1760 1570 1944 1622 laqueum
1965 1571 2112 1610 inserto
2135 1572 2244 1623 quasi
2271 1574 2398 1626 capite
2414 1575 2480 1614 da-

1429 1638 1582 1668 mnatus
1593 1630 1635 1668 in
1651 1630 1839 1669 concione
1849 1630 2045 1669 assisteret
2056 1632 2272 1684 populique
2283 1632 2480 1683 judicium

1428 1697 1683 1741 exspectaret.
1718 1688 1804 1727 Jam
1842 1690 1876 1728 si
1907 1690 2077 1741 populus
2106 1691 2230 1741 legem
2269 1691 2478 1742 sciscebat,

1429 1747 1514 1799 ejus
1542 1749 1644 1787 lator
1667 1749 1710 1787 in
1739 1749 1915 1801 periculo
1944 1763 2025 1787 non
2045 1750 2287 1799 versabatur,
2313 1751 2380 1790 sed
2401 1752 2479 1790 im-

1428 1821 1533 1858 pune
1568 1808 1715 1847 ferebat
1751 1823 1759 1846 :
1797 1810 1859 1847 sin
1891 1809 2143 1861 repudiabat,
2175 1811 2302 1849 statim
2338 1811 2479 1864 laqueo

1430 1868 1691 1918 strangulatus
1711 1867 1966 1908 moriebatur.
1988 1867 2035 1906 In
2054 1868 2126 1906 hac
2152 1868 2307 1919 legibus
2325 1869 2479 1909 obtem-

1426 1926 1590 1976 perandi
1616 1926 1842 1965 necessitate
1864 1940 1985 1978 quum
2004 1928 2250 1979 gravissimae
2269 1942 2397 1981 poenae
2410 1929 2478 1982 ju-

1427 2093 1542 2134 ὕὸρεως
1556 2093 1684 2125 κολάσει
1700 2094 1754 2126 καὶ
1771 2094 1964 2132 σπεύσοντας
1981 2095 2094 2138 ἑτέροις
2110 2095 2386 2139 ἆνδραγαθῆμασιν
2405 2100 2474 2137 ἐξα-

1426 2143 1530 2183 λεῖψαι
1551 2143 1607 2179 τήν
1626 2143 1895 2184 προγεγενημένην
1911 2144 2074 2185 αἰσχύνην.
2089 2162 2133 2168 —-
2145 2145 2212 2187 (27)
2227 2146 2418 2180 Plutarchus
2433 2148 2475 2181 de

1425 2189 1610 2220 curiositate
1632 2197 1703 2230 cap.
1722 2194 1754 2228 8,
1775 2191 1840 2222 vol.
1858 2191 1900 2231 X,
1916 2199 1946 2231 p.
1974 2193 2032 2223 139
2050 2191 2102 2224 ed.
2126 2193 2285 2225 nuttam:
2305 2193 2349 2225 Εὖ
2371 2194 2403 2227 δὲ
2422 2196 2475 2228 καὶ

1424 2236 1442 2267 ὁ
1459 2239 1522 2268 τῶν
1546 2235 1687 2276 Θουρίων
1713 2237 1899 2278 νομοθέτης·
1917 2239 2137 2279 κωμῳδεῖσθαι
2162 2239 2222 2281 γὰρ
2239 2239 2379 2273 ἐκώλυσε
2403 2242 2475 2280 τοὺς

1426 2283 1573 2324 πολίτας,
1596 2284 1676 2322 πλὴν
1693 2284 1823 2326 μοιχοὺς
1842 2285 1895 2316 καὶ
1908 2285 2181 2327 πολυπράγμονας.
2200 2287 2307 2320 Ἕοικε
2323 2289 2383 2330 γὰρ
2403 2289 2425 2329 ἡ
2440 2301 2474 2323 τε

1426 2331 1552 2372 μοιχεία
1573 2331 1860 2374 πολυπραγμοσύνη
1892 2336 1946 2372 τῆς
1971 2333 2134 2375 ἀλλοτρίας
2163 2335 2274 2374 ἡδονῆς
2295 2336 2393 2377 εἶναι,
2419 2339 2474 2370 καὶ

1424 2379 1547 2417 ζήτησις
1563 2379 1616 2410 καὶ
1631 2379 1738 2421 ἔρευνα
1760 2383 1823 2411 τῶν
1848 2381 2085 2423 φυλαττομένων
2102 2382 2156 2413 καὶ
2171 2382 2384 2415 λανθανόντων
2403 2384 2476 2421 τοὺς

1423 2426 1557 2463 πολλούς
1566 2435 1575 2443 ·
1591 2427 1612 2465 ἦ
1626 2438 1660 2459 τε
1675 2428 1961 2470 πολυπραγμοσύνη
1978 2429 2149 2470 παράλυσίς
2162 2430 2228 2462 ἐστι
2243 2431 2297 2462 καὶ
2311 2431 2408 2474 φθορὰ
2421 2433 2474 2464 καὶ

1425 2474 1646 2514 ἀπογύμνωσις
1662 2478 1725 2506 τῶν
1741 2474 1938 2517 ἀπορρήτων.
1949 2493 1991 2498 -
2004 2477 2071 2516 (28)
2091 2476 2250 2509 Diodorus
2270 2478 2400 2510 Siculus
2417 2478 2472 2511 lib.

1424 2523 1496 2562 XII,
1513 2529 1582 2562 cap.
1604 2524 1701 2555 16-17
1719 2534 1728 2554 2
1743 2522 1804 2554 Διὰ
1827 2522 1860 2554 δὲ
1876 2526 1931 2561 τῆς
1948 2522 2121 2563 ἀποτομίας
2134 2527 2196 2557 τῶν
2212 2524 2316 2566 νόμων
2335 2525 2469 2560 διέσωσε

1422 2568 1493 2605 τοὺς
1506 2568 1618 2610 νόμους
1632 2569 1649 2600 ὁ
1661 2569 1837 2609 νομοθέτης·
1851 2569 2022 2610 προσέταξε
2033 2571 2092 2611 γὰρ
2105 2571 2141 2603 ἐκ
2152 2572 2266 2609 παντὸς
2277 2572 2394 2614 τρόπου
2404 2575 2472 2607 πεί-

1424 2617 1529 2647 θεσθαι
1540 2618 1587 2656 τῷ
1597 2615 1696 2657 νόμῳ,
1705 2616 1762 2647 κᾶν
1774 2615 1794 2657 ᾗ
1805 2617 1962 2653 παντελῶς
1968 2621 2076 2654 κακῶς
2088 2619 2299 2660 γεγραμμένος
2310 2630 2318 2638 ·
2333 2620 2474 2662 διορθοῦν

1424 2663 1459 2694 δὲ
1481 2663 1684 2704 συνεχώρησε
1699 2663 1752 2695 τὸν
1779 2662 1886 2703 χρείαν
1905 2663 2020 2705 ἔχοντα
2044 2664 2250 2706 διορθώσεως.
2269 2666 2314 2698 Τὸ
2334 2666 2390 2707 μὲν
2411 2668 2473 2710 γὰρ

1425 2710 1576 2747 ἡττᾶσθαι
1595 2710 1657 2741 ὑπὸ
1675 2710 1845 2751 νομοθέτου
1858 2710 1954 2742 καλὸν
1971 2711 2051 2742 εἶναι
2068 2711 2284 2754 ὑπελάμὸανε,
2301 2713 2338 2745 τὸ
2360 2713 2393 2745 δὲ
2409 2715 2471 2748 ὑπὸ

1424 2757 1550 2788 ἰδιώτου
1565 2759 1725 2794 παντελῶς
1744 2757 1880 2797 ἄτοπον,
1893 2758 1946 2789 καὶ
1963 2759 1990 2790 εἰ
2006 2759 2056 2790 ἐπὶ
2069 2761 2115 2800 τῷ
2138 2759 2322 2803 συμφέροντι
2341 2760 2470 2800 γίνεται.

1425 2805 1486 2836 Καὶ
1511 2803 1648 2844 μάλιστα
1664 2804 1716 2836 διὰ
1737 2807 1793 2836 τοῦ
1807 2805 1950 2837 τοιούτου
1966 2805 2082 2846 τρόπου
2103 2806 2174 2843 τοὺς
2193 2807 2224 2838 ἐν
2241 2810 2304 2844 τοῖς
2321 2808 2471 2846 δικαστη-

1424 2851 1498 2892 ρίοις
1514 2855 1575 2883 τῶν
1592 2852 1896 2894 παρανενομηκότων
1912 2853 2079 2894 προφάσεις
2092 2854 2144 2885 καὶ
2164 2854 2300 2892 διανοίας
2322 2855 2389 2888 ἀντὶ
2409 2859 2471 2888 τῶν

1424 2899 1525 2940 ῥητῶν
1543 2898 1724 2938 εἰσάγοντας
1738 2899 1878 2931 ἐκώλυσε
1893 2903 1959 2937 ταῖς
1970 2900 2060 2937 ἰδίαις
2074 2902 2293 2942 εὑρεσιλογίαις
2306 2903 2470 2935 καταλύειν

1422 2946 1477 2982 τὴν
1495 2948 1557 2977 τῶν
1573 2945 1677 2986 νόμων
1696 2947 1854 2988 ὑπεροχήν
1865 2955 1872 2962 ”
1890 2947 1938 2979 διὸ
1951 2947 2006 2979 καί
2022 2959 2105 2984 τινας
2120 2951 2183 2980 τῶν
2203 2950 2348 2986 τοιαύτας
2371 2961 2470 2988 κατη·

1423 2992 1528 3033 γορίας
1539 2994 1759 3034 πεποιημένων
1776 2995 1852 3036 πρὸς
1862 2995 1934 3031 τοὺς
1948 2995 2099 3031 δικαστὰς
2112 2996 2185 3032 τοὺς
2207 2996 2385 3033 δικάζοντας
2399 2999 2469 3039 περὶ

1422 3043 1474 3077 τῆς
1493 3043 1555 3072 τῶν
1574 3042 1876 3083 παρανενομηκότων
1894 3042 2045 3083 τιμωρίας
2059 3043 2158 3075 εἰπεῖν
2174 3043 2222 3075 ὅτι
2242 3043 2353 3081 σώζειν
2373 3044 2471 3083 ἀναγ-

1422 3089 1514 3118 καῖον
1535 3088 1555 3126 ἢ
1573 3087 1627 3120 τὸν
1646 3088 1742 3129 νόμον
1757 3089 1777 3127 ἢ
1796 3089 1849 3121 τὸν
1875 3088 1980 3131 ἄνδρα.
2001 3090 2063 3121 Τὸν
2086 3089 2113 3121 δ’
2129 3089 2183 3121 οὖν
2200 3090 2370 3132 Χαρώνδαν
2393 3092 2469 3130 φασὶ

1423 3134 1672 3173 παραδοξότατον
1691 3136 1964 3176 νενομοθετηκέναι
1977 3137 2045 3177 περὶ
2061 3140 2115 3175 τῆς
2135 3137 2328 3179 διορθώσεως
2341 3141 2403 3169 τῶν
2420 3138 2471 3170 νό-

1424 3192 1503 3220 μων.
1522 3182 1663 3223 Ὀρῶντα
1691 3182 1752 3225 γὰρ
1779 3183 1873 3215 αὐτὸν
1899 3184 1930 3215 ἐν
1951 3186 2018 3220 ταῖς
2048 3183 2207 3221 πλείσταις
2236 3184 2347 3216 πόλεσι
2364 3185 2416 3216 διὰ
2434 3185 2471 3217 τὸ

1423 3229 1536 3266 πλῆθος
1551 3233 1613 3261 τῶν
1630 3230 1868 3272 ἐπιχειρούντων
1890 3229 2085 3271 ἐπανορθοῦν
2103 3231 2174 3267 τοὺς
2193 3229 2306 3269 νόμους
2324 3232 2469 3272 λυμαινο-

1425 3277 1531 3316 μένους
1549 3278 1602 3318 μὲν
1621 3278 1676 3314 τὰς
1693 3277 1956 3320 προϋπαρχούσας
1969 3277 2152 3319 νομοθεσίας
2162 3301 2171 3316 ,
2185 3278 2228 3314 εἰς
2241 3276 2366 3314 στάσεις
2385 3278 2418 3309 δὲ
2430 3278 2470 3310 τὰ

1423 3323 1523 3361 πλήθη
1542 3325 1792 3365 προαγομένους,
1811 3323 1893 3355 ἴδιόν
1921 3335 1951 3355 τι
1983 3324 2036 3355 καὶ
2065 3324 2222 3360 παντελῶς
2245 3324 2470 3364 ἐξηλλαγμένον

1424 3371 1643 3410 νομοθετῆσαι.
1664 3371 1843 3412 Προσέταξε
1861 3370 1920 3412 γὰρ
1935 3371 1989 3402 τὸν
2007 3371 2195 3412 βουλόμενον
2214 3370 2383 3412 διορθῶσαί
2401 3382 2470 3403 τινα

1424 3416 1538 3457 νόμον,
1560 3417 1633 3449 ὅταν
1652 3421 1779 3456 ποιῆται
1804 3419 1860 3454 τήν
1886 3418 1955 3459 περὶ
1975 3421 2029 3456 τῆς
2052 3418 2245 3458 διορθώσεως
2260 3417 2469 3458 συμὸουλίαν,

1425 3464 1480 3495 τὸν
1500 3465 1612 3496 ἑαυτοῦ
1631 3465 1784 3507 τράχηλον
1810 3465 1853 3501 εἰς
1874 3464 1987 3506 βρόχον
2011 3465 2177 3504 ἐντιθέναι,
2196 3466 2248 3496 καὶ
2266 3465 2366 3506 μένειν
2382 3465 2469 3506 ἄχρις
