2606 3828
317 262 389 295 8⁰2
1067 251 1367 291 CYNICORUM
1394 251 1726 309 RRAGMENTA.

313 346 410 393 κοινῇ
430 342 514 395 πρὸς
541 342 699 385 ἅπαντας
726 342 963 393 ἀγωνιεῖσθαι·
985 338 1125 390 παρέὸη
1152 338 1188 376 δὲ
1218 338 1353 388 Ὀλυμ·

312 402 481 454 πιόδωρος
495 402 557 445 τὰς
577 402 760 447 συνθήκας.
818 398 923 437 Οὕτω
939 397 1008 450 γὰρ
1025 396 1224 451 ἀμφοτέρας
1241 398 1354 445 λελη-

313 459 420 503 θότως
447 460 510 504 τὰς
537 458 722 502 ἀντιθέσεις
744 456 940 508 μεθοδεύει,
957 454 1045 505 μηδὲ
1074 456 1199 504 ἥντινα
1223 456 1355 501 συνθεὶς

313 521 352 558 ἐκ
370 519 649 572 προηγουμένου.
708 518 810 568 Λέγω
828 515 863 554 δὲ
883 515 936 554 ὅτι
957 515 1014 554 διὰ
1030 515 1093 560 τὰς
1107 515 1280 563 συνθήκας
1294 518 1355 555 οὐκ

311 576 591 630 ἠμφισὸήτησα,
613 574 759 624 νομίζων
782 589 819 612 σε
840 573 962 612 πιστὸν
993 567 1098 612 εἶναι·
1125 573 1287 621 ἐνίκησας
1318 573 1355 612 δὲ

311 637 397 686 ἐμοῦ
417 635 656 682 σιωπήσαντος
675 633 764 671 κατὰ
785 633 829 671 τὰ
851 633 1007 678 δόξαντα.

367 694 411 735 θ’.
445 697 633 747 Παραινων
652 693 686 731 δὲ
707 709 756 730 ‘tn
775 692 959 746 ἀντιδίκω“,
979 692 1072 732 καὶ’
1054 709 1100 736 ως
1117 693 1218 731 δοκω
1249 692 1355 731 αὐτοῦ

312 753 566 805 προκήδεσθαι,
590 752 714 790 ἄλυτον
745 754 832 789 εἰναι
856 752 1024 790 δοκοῦσαν
1051 750 1195 803 μεθοδε’
1176 766 1269 794 beet<
1289 753 1350 790 ἀν-

311 813 454 860 τίθεσιν,
474 829 519 855 ως
539 814 556 849 6
574 811 799 862 Δημοσθένης
815 827 857 849 πε
861 810 1033 859 ποίηκεν’
1018 827 1052 850 εν
1074 813 1124 849 τῶ
1142 810 1226 863 πρὸς
1246 812 1354 849 Βοιω-

309 871 369 909 τὸν
388 869 467 921 περὶ
490 873 549 908 τοῦ
571 870 752 920 ὀνόματος.
812 870 980 921 Λέγοντος
1003 869 1073 923 γὰρ
1096 874 1156 909 τοῦ
1176 870 1351 918 Βοιωτοῦ,

311 930 502 973 Μαντίθεος
530 928 690 980 λέγομαι·
720 928 876 980 δεύτερον
896 928 963 981 γὰρ
986 931 1004 967 6
1030 928 1148 981 πατὴρ
1169 928 1353 980 εἰσήγαγεν

310 991 357 1033 εἰς
383 1004 460 1031 τους
484 987 669 1041 φράτορας·
694 987 757 1035 τὴν
789 989 871 1038 μὲν
880 988 1050 1026 ἀντίθεσιν
1085 987 1353 1040 προηγουμένως

309 1050 371 1086 οὐκ
385 1047 515 1094 ἔθηκεν·
534 1049 552 1084 6
573 1045 765 1090 Μαντίθεος
781 1047 849 1099 γὰρ
869 1040 910 1094 ην
931 1046 1044 1090 αὐτός·
1067 1048 1114 1090 ὡς
1139 1046 1354 1119 προνοούμε-

307 1122 360 1149 νος
378 1105 413 1144 δὲ
431 1104 621 1155 μεθοδεύει,
633 1106 808 1179 ἐρωτῶν,
799 1105 923 1144 Βούλει
942 1105 1028 1157 πρὸς
1044 1107 1145 1153 θεῶν,
1157 1108 1186 1143 ὠ
1205 1105 1352 1152 Βοιωτέ,

308 1163 462 1203 Μαντίθε
449 1179 500 1207 εος
512 1162 695 1214 λέγεσθαι;
715 1162 754 1201 σὲ
769 1157 827 1202 ουν
844 1163 1012 1216 εἰσήγαγε
1029 1163 1188 1216 δευτερον
1202 1166 1219 1202 6
1233 1163 1351 1216 πατὴρ

308 1225 355 1266 εἷς
383 1222 461 1266 τοὺς
489 1221 680 1275 φράτορας,
712 1221 749 1274 ὃν
788 1222 1017 1274 ἀναγκασθεὶς
1048 1222 1238 1269 ἐποιήσατο
1269 1222 1351 1261 ὄντα

310 1281 379 1319 ἀπὸ
402 1284 465 1328 τ’ῆς
496 1280 635 1333 ἑταίρας
669 1279 887 1332 Πλαγγόνος.
946 1280 1138 1320 Ἀδυνατῶν
1172 1280 1239 1333 γὰρ
1265 1283 1351 1320 κάν*

307 1344 417 1379 ταῦθα
446 1341 550 1378 λῦσαι
577 1340 640 1387 τὴν
662 1339 856 1388 ἀντίθεσιν,
880 1339 982 1387 ἔθηκε
1011 1339 1281 1392 προηγουμένως
1308 1342 1354 1384 ὡς

306 1400 486 1450 παραινῶν
506 1400 556 1450 τῷ
579 1397 762 1450 ἀντιδίκῳ,
785 1397 846 1436 καὶ
877 1398 1154 1451 κατεσοφίσατο,
1179 1398 1238 1436 καὶ
1259 1399 1352 1437 λύειν

307 1456 398 1502 ἔδοξε
409 1486 418 1504 ,
436 1456 524 1506 μετὰ
539 1460 600 1495 τοῦ
608 1457 674 1495 ’καὶ
690 1456 863 1501 ὀνειδίζειν
879 1459 974 1509 αὐτῷ
984 1458 1046 1501 τὰς
1059 1457 1229 1510 προτέρας
1245 1457 1354 1510 τύχας

307 1515 374 1551 τῶν
394 1515 568 1567 πατέρων.

363 1573 399 1615 ι’,
432 1571 703 1625 Παρεμπλέκων
724 1572 762 1611 δέ
783 1589 818 1611 τι
836 1572 977 1612 εὔλυτον
1004 1576 1049 1624 τῇ
1076 1573 1193 1626 ἀλύτῳ
1222 1574 1353 1612 ἀντιθέ-

309 1647 386 1677 σει,
411 1631 518 1677 δόξεις
549 1631 765 1684 παρέχεσθαι
784 1631 895 1679 λύσιν,
916 1631 979 1678 τὴν
1009 1631 1170 1684 ἀφορμὴν
1191 1631 1261 1670 ἀπὸ
1289 1635 1353 1671 τοῦ

308 1689 595 1740 συμπλεκομένου
616 1690 758 1729 εὖλύτου
782 1689 985 1739 λαμέάνων·
1006 1691 1053 1734 ὡς
1072 1689 1298 1739 Δημοσθένης
1319 1691 1352 1728 ἐν

307 1750 357 1800 τῷ
391 1748 477 1800 πρὸς
509 1748 685 1796 Λεπτίνην
714 1747 920 1796 πεποίηκεν.
978 1748 1033 1787 Οὔ
1064 1748 1252 1798 δυνάμενος
1284 1748 1352 1801 γὰρ

307 1808 411 1845 λῦσαι
428 1808 475 1851 ὣς
495 1808 532 1845 οὐ
551 1807 675 1846 πολλοὶ
695 1806 827 1852 ἀνάξιοι
849 1806 969 1858 ἔχουσι
984 1809 1046 1851 τὰς
1075 1807 1234 1851 ἀτελείας
1248 1837 1259 1858 ,
1283 1824 1353 1846 πα-

309 1864 477 1916 ραπλέκει
495 1881 527 1903 τι
553 1865 686 1919 τούτῳ,
716 1866 777 1903 καὶ
804 1865 920 1918 λέγει,
956 1865 1010 1903 ὅτι
1043 1865 1128 1918 φησὶ
1156 1866 1350 1916 Λεπτίνης,

307 1924 427 1973 ἐπειδὴ
448 1924 581 1973 ἀνάξιοι
601 1924 719 1977 ἔχουσι
731 1923 793 1968 τὰς
810 1923 969 1968 ἀτελείας
982 1954 993 1972 ,
1015 1925 1072 1964 διὰ
1089 1928 1190 1963 τοῦτο
1206 1925 1267 1969 τὰς
1292 1926 1355 1963 δω-

308 1983 386 2034 ρεὰς
404 1982 482 2027 τοὺς
503 1981 686 2035 εὐεργέτας
705 1981 930 2034 ἀφελώμεθα.
1008 1982 1092 2021 Ἀπὸ
1118 1986 1180 2021 τοῦ
1211 1999 1353 2036 πεπρα-

306 2041 459 2092 γμένου,
483 2041 535 2080 ὅτι
560 2041 622 2085 τὰς
649 2041 782 2093 δωρεὰς
808 2040 888 2084 τοὺς
916 2041 1097 2093 εὐεργέτας
1117 2041 1327 2094 ἀφελώμεθα
1342 2073 1352 2090 ,

310 2102 466 2153 εὐπορεῖν
489 2099 580 2144 ἔδοξε
597 2100 750 2150 λύσεως,
772 2099 856 2152 πρὸς
874 2099 914 2138 τὸ
933 2098 987 2138 ὅτι
1005 2099 1130 2139 πολλοὶ
1143 2100 1276 2146 ἀνάξιοι
1294 2101 1354 2146 τὰς

307 2159 461 2202 ἀτελείας
481 2159 632 2211 ἔχουσιν.

361 2218 420 2258 ια’.
436 2216 522 2256 Ἐὰν
538 2217 574 2255 δὲ
594 2219 616 2263 ἡ
634 2217 802 2261 ἀντίθεσις
823 2217 947 2260 ἅλυτος
967 2211 1015 2269 ᾗ,
1037 2217 1180 2271 ἐλπίζῃς
1212 2217 1249 2256 δὲ
1277 2219 1365 2267 τοὺςΧ

308 2275 474 2320 δικαστὰς
494 2275 724 2323 ἐπιλήσεσθαι
753 2278 882 2324 αὐτῆς,
905 2274 962 2314 διὰ
980 2276 1020 2314 τὸ
1037 2278 1167 2323 πλῆθος
1190 2278 1257 2315 τῶν
1275 2279 1351 2317 ἐπι-

306 2335 451 2383 τηδείων
474 2336 508 2373 ἐν
530 2337 579 2387 τῷ
593 2337 687 2388 λόγῳ
701 2334 1027 2389 συμπραχθέντων,
1047 2335 1174 2385 μηκέτι
1192 2336 1352 2387 μέμνησο

308 2396 342 2433 ἐν
362 2396 411 2447 τῷ
430 2393 524 2448 λόγῳ
544 2395 664 2441 αὐτῆς.
719 2396 836 2434 Τοῦτο
854 2395 890 2432 δὲ
911 2393 971 2432 καὶ
991 2395 1009 2431 6
1030 2394 1148 2447 ῥήτωρ
1162 2395 1349 2443 πεποίηκε.

306 2452 475 2504 Λέγοντος
493 2452 561 2504 γὰρ
577 2451 746 2505 Αἰσχίνου
758 2482 768 2501 ,
797 2451 903 2491 Ἀλλὰ
920 2451 1002 2504 πρὶν
1030 2451 1093 2502 ἐμὲ
1113 2451 1273 2501 ἐξελθεῖν,
1293 2455 1354 2493 καὶ

307 2510 579 2564 Κερσοὸλέπτης
606 2510 780 2549 ἀπώλετο·
813 2510 876 2549 οὒκ
906 2509 1007 2557 ἔθηκε
1027 2510 1091 2558 τὴν
1121 2510 1290 2551 ἀντίθεσιν
1318 2513 1353 2551 ἐν

309 2571 359 2621 τῷ
379 2569 492 2623 λόγῳ,
522 2571 572 2621 τῷ
592 2568 708 2621 χρόνῳ
728 2567 827 2613 δόξας
856 2568 990 2616 πολλὴν
1011 2567 1217 2618 ἀντιθέσεων
1248 2572 1353 2623 ἀφθο·

308 2628 383 2666 νίαν
405 2626 621 2680 παρέχεσθαι
653 2626 799 2679 ἑτέρων,
824 2626 885 2665 καὶ
909 2626 1076 2678 σύγχυσιν
1099 2626 1355 2678 ἐργασάμενος,

310 2684 372 2731 τὴν
406 2684 645 2737 ἀνθυποφορόιν
671 2683 732 2731 τὴν
763 2683 842 2736 περὶ
861 2686 929 2722 τῶν
948 2684 1083 2736 χρόνων
1096 2715 1106 2732 ,
1128 2687 1189 2724 οὐκ
1209 2687 1355 2732 ἐλπίσας

308 2743 385 2787 τοὺς
420 2742 586 2796 δικαστᾲς
615 2745 661 2786 ὡς
696 2742 776 2795 περὶ
806 2746 908 2780 τοῦτο
937 2743 1139 2795 κρινόμενον
1171 2746 1353 2793 ἐνεστήσε-

311 2806 401 2842 σθαα

365 2859 426 2912 ιβ’.
458 2860 661 2911 Συντρέχων
679 2858 714 2897 δὲ
730 2862 773 2911 τῇ
789 2859 904 2911 ἀλύτῳ
922 2859 1111 2912 ἀντιθέσει,
1132 2860 1193 2907 τὴν
1211 2861 1354 2914 γνώμην

311 2920 488 2962 διαὸαλεῖς
507 2917 526 2945 k
545 2922 604 2956 τοῦ
635 2917 826 2965 ἀντιδίκου,
844 2916 901 2955 ἵνα
924 2919 1025 2970 δοκῇς
1057 2919 1287 2971 προσχήματι
1310 2923 1355 2965 ὡς

310 2978 409 3017 λύσιν
433 2977 473 3024 δή
491 2992 568 3015 τινα
589 2975 651 3022 τὴν
669 2975 879 3027 κατηγορίαν
896 2975 1036 3027 γνώμης
1053 2976 1288 3029 παρέχεσθαι,
1309 2979 1354 3021 ὥς

311 3038 346 3074 ἐν
360 3039 409 3089 τῷ
423 3035 516 3075 κατὰ
536 3034 819 3086 Ἀριστοκράτους
834 3036 852 3071 6
874 3034 989 3087 ῥήτωρ
1009 3035 1193 3082 πεποίηκε.
1213 3036 1274 3083 Μὴ
1292 3037 1353 3074 δυ-

310 3095 456 3143 νάμενος
470 3093 538 3146 γαρ
560 3093 668 3138 δεῖξαι
691 3091 743 3130 ὅτι
760 3093 823 3131 οὐκ
843 3092 916 3130 ἔστι
936 3092 976 3130 τὸ
990 3094 1156 3146 ψήφισμα
1175 3094 1214 3132 τὸ
1225 3095 1353 3149 γραφὲν

311 3155 360 3190 τῶ
377 3151 637 3205 Ἀριστοκράτει
656 3149 925 3203 προδούλευμα,
945 3150 1008 3197 τὴν
1023 3151 1167 3202 γνώμην
1182 3156 1243 3190 τοῦ
1267 3153 1352 3205 γρά-

311 3213 438 3263 ψαντος
462 3211 658 3249 διαὸάλλει.
717 3208 815 3261 Ἐγὼ
835 3208 873 3248 δέ
888 3239 898 3258 ,
917 3209 1038 3261 φησίν,
1060 3213 1178 3271 duanm
1180 3211 1230 3248 δε
1220 3227 1248 3248 ιν
1266 3214 1356 3262 ὑμᾶς

313 3271 422 3308 ἐκεῖνο
439 3269 713 3320 ὓπολαμὸάνειν,
728 3267 832 3307 ὅτιτὸ
852 3267 1016 3320 ψήφισμα
1031 3271 1124 3307 τοῦθ’
1140 3272 1234 3313 οὗτος
1253 3269 1354 3321 ἔγρα-

313 3328 396 3378 ψεν,
411 3328 475 3378 οὐχ
491 3325 549 3365 ἵνα
567 3327 661 3371 ὄντος
685 3326 813 3380 ἀκύρου
826 3356 839 3376 ‚
863 3326 971 3376 μηδὲν
996 3326 1098 3373 ἀηδὲς
1128 3328 1210 3375 ὑμῖν
1238 3328 1355 3380 συμὸῇ

317 3387 400 3437 (τὴν
425 3388 536 3439 ἀρχὴν
556 3388 624 3441 γὰρ
654 3388 731 3436 ἐξῆν
765 3389 860 3440 αὐτῷ
891 3388 940 3439 μὴ
969 3387 1127 3440 γράφειν,
1157 3388 1227 3439 εἴγε
1254 3389 1292 3427 τὸ
1312 3392 1355 3441 τῇ

318 3446 412 3484 πόλει
434 3447 609 3486 θέλτιστον
630 3452 771 3486 σκοπεῖν
798 3445 978 3498 ἔδούλετο)
1006 3447 1085 3484 ἀλλ’
1105 3446 1160 3484 ἵνα
1179 3446 1354 3494 ἐξαπατη-

1415 339 1533 374 vimus.
1577 341 1832 383 Olympiodorus
1852 349 1929 374 vero
1950 342 2032 375 hanc
2051 344 2230 384 pactionem
2249 344 2457 383 perturbavit.

1414 399 1460 431 Ita
1478 400 1649 442 utramque
1668 401 1764 433 simul
1788 401 2033 441 objectationem
2056 401 2176 434 sensim
2201 402 2320 436 evertit
2344 404 2458 436 Demo·

1415 458 1556 500 sthenes,
1569 459 1641 492 licet
1654 461 1802 492 neutram
1813 468 1852 492 ex
1862 460 2011 492 instituto
2023 462 2190 501 proponat.
2235 461 2294 502 Aio
2306 460 2459 494 nimirum

1415 525 1466 550 me
1482 518 1612 559 propter
1623 521 1753 560 pactum
1776 526 1981 560 nequaquam
2002 518 2182 560 dubitasse,
2205 519 2238 552 te
2265 518 2360 553 tidem
2382 528 2459 552 con-

1414 577 1619 610 servaturum
1637 585 1709 611 esse
1724 579 1824 610 ratus.
1869 579 1917 610 Tu
1937 579 2042 611 autem
2063 578 2150 611 litem
2166 577 2346 620 obtinuisti,
2359 587 2462 621 quum

1414 643 1472 676 ego
1486 644 1526 668 ex
1544 636 1723 678 composito
1739 637 1921 669 tacuissem.

1455 698 1487 728 9.
1510 695 1670 728 Monendo
1687 695 1928 736 adversarium,
1943 704 1980 727 ac
1997 695 2085 728 velut
2098 703 2208 728 curam
2232 695 2303 737 ejus
2320 695 2461 738 agendo,

1414 759 1682 801 objectationem,
1702 770 1776 803 quoe
1798 761 1974 794 insolubilis
1997 761 2184 801 videbatur,
2215 761 2388 802 discuties,
2422 764 2461 795 ut

1415 823 1488 856 fecit
1503 825 1737 858 Demosthenes
1758 825 1791 858 in
1817 826 1960 858 oratione
1984 825 2141 858 adversus
2168 827 2316 860 Boeotum
2340 825 2382 861 de
2401 835 2463 861 no-

1415 887 1516 922 mine.
1565 890 1674 927 Quum
1703 890 1789 922 enim
1815 891 1947 922 Boeotus
1966 890 2158 930 affirmaret,
2186 899 2222 924 se
2250 891 2462 926 Mantillneum

1415 953 1542 995 vocari,
1556 954 1699 987 secundo
1714 955 1799 987 enim
1824 954 1896 987 loco
1915 964 1933 987 a
1953 957 2040 998 patre
2056 956 2088 988 in
2115 956 2250 990 curiales
2276 959 2462 1000 cooptatum

1415 1029 1486 1053 esse
1505 1031 1513 1053 ε
1541 1021 1593 1054 ille
1614 1021 1858 1062 objectationem
1876 1022 1995 1055 diserte
2021 1033 2082 1056 nou
2105 1024 2232 1066 posuit,
2251 1033 2327 1057 nam
2342 1024 2463 1057 Manti-

1414 1086 1507 1117 theus
1537 1086 1604 1127 ipse
1623 1087 1713 1127 erat,
1742 1086 1797 1119 sed
1826 1086 1915 1120 velut
1938 1088 2133 1129 prospiciens
2160 1088 2357 1128 adversario,
2387 1097 2460 1121 eam

1414 1149 1526 1190 eludit,
1547 1149 1625 1181 dum
1645 1151 1748 1190 rogat,
1763 1151 1824 1182 Vis
1838 1151 1947 1192 igitur,
1963 1160 2018 1192 per
2041 1154 2138 1193 Deos,
2158 1161 2178 1184 o
2199 1145 2321 1193 Boeote,
2344 1152 2463 1186 Manti-

1414 1212 1509 1245 theus
1539 1212 1674 1244 vocari?
1702 1214 1747 1245 Te
1765 1216 1851 1246 certe
1879 1213 2022 1246 secundo
2051 1214 2122 1247 loco
2148 1216 2240 1256 pater
2266 1215 2300 1248 in
2327 1215 2465 1261 curiales

1414 1276 1597 1316 cooptavit,
1614 1284 1712 1317 quem
1737 1277 1869 1309 coactus
1891 1277 2077 1318 adoptasset
2098 1279 2283 1320 susceptum
2304 1287 2343 1311 ex
2359 1279 2462 1312 amica

1415 1338 1588 1378 Plangone.
1633 1340 1744 1376 Quum
1771 1338 1858 1371 enim
1883 1338 2010 1373 solvere
2036 1340 2092 1372 hio
2118 1339 2368 1381 oblectationem
2396 1349 2464 1374 non

1415 1401 1534 1440 posset,
1551 1401 1657 1441 posuit
1673 1400 1724 1433 vel
1744 1400 1885 1434 maxime
1900 1401 1989 1442 quasi
2012 1401 2197 1435 moniturus
2216 1401 2438 1454 adversarium
2451 1427 2462 1443 ,
2524 1402 2531 1411 ’

1413 1464 1511 1501 atque
1533 1461 1576 1494 ita
1592 1462 1707 1502 elusit,
1725 1462 1880 1503 visusque
1898 1464 1947 1495 est
1962 1463 2087 1497 solvere
2100 1487 2110 1504 ,
2129 1464 2268 1506 priorem
2280 1463 2379 1497 etiam
2400 1472 2462 1506 pa·

1415 1525 1542 1555 rentum
1559 1523 1775 1556 conditionem
1797 1523 2033 1564 exprobrando.

1461 1583 1508 1612 10.
1532 1580 1700 1613 Insolubili
1734 1580 1940 1621 objectationi
1970 1581 2102 1624 aliquid,
2136 1582 2224 1624 quod
2255 1582 2348 1616 facile
2376 1583 2459 1615 solvi

1415 1642 1542 1680 potest,
1568 1640 1711 1672 inserens
1735 1640 1893 1672 videberis
1928 1640 2120 1674 solutionem
2150 1641 2285 1683 attone,
2317 1642 2345 1674 si
2369 1650 2461 1683 argu-

1414 1700 1560 1730 mentum
1578 1691 1618 1731 ex
1634 1698 1688 1730 illo
1701 1699 1788 1739 quod
1804 1698 1896 1732 facile
1913 1700 1963 1732 est
1977 1699 2018 1732 ad
2036 1699 2228 1733 solvendum
2254 1699 2403 1742 duxeris,
2424 1702 2462 1734 nt

1414 1757 1533 1790 factum
1549 1759 1600 1790 est
1621 1766 1639 1789 a
1656 1757 1877 1790 Demosthene
1893 1758 1925 1790 in
1943 1759 2088 1791 oratione
2106 1759 2261 1792 adversus
2276 1759 2458 1802 Leptinen.

1413 1816 1522 1852 Quum
1541 1814 1626 1847 enim
1643 1823 1707 1847 non
1730 1816 1837 1855 posset
1847 1815 2021 1848 dissolvere
2031 1838 2041 1856 ,
2056 1816 2144 1855 quod
2160 1815 2328 1850 dicebatur
2340 1817 2461 1851 multos

1413 1873 1509 1904 etiam
1526 1872 1672 1914 indignos
1688 1873 1834 1905 omnium
1849 1882 1957 1905 rerum
1986 1874 2220 1907 immunitatem
2241 1875 2377 1916 habere,
2401 1875 2460 1908 ad-

1403 1933 1527 1964 ·miscet
1546 1933 1574 1965 ei
1591 1932 1709 1972 aliquid
1730 1934 1761 1965 et
1778 1932 1822 1965 ait
1845 1933 2011 1974 Leptinem
2031 1933 2222 1974 defendere,
2243 1934 2321 1976 qnia
2340 1934 2460 1977 indigni

1414 1991 1671 2024 immunitatibus
1682 1991 1848 2032 juventur,
1858 1991 1977 2023 idcirco
1993 1991 2090 2025 etiam
2106 1990 2185 2024 bene
2195 1991 2318 2026 meritis
2325 1992 2460 2034 proemia

1413 2059 1484 2083 esse
1500 2050 1674 2090 eripienda.
1696 2052 1745 2082 Ex
1768 2050 1830 2082 hoc
1849 2050 1934 2082 enirn
1953 2049 2040 2091 quod
2064 2049 2217 2090 agebatur
2235 2050 2276 2084 de
2294 2051 2458 2093 eripiendo

1413 2110 1494 2143 bene
1518 2109 1641 2142 meritis
1675 2110 1810 2150 praemio
1839 2109 1928 2142 visus
1959 2112 2008 2142 est
2031 2109 2128 2142 etiam
2151 2109 2288 2143 alterurn
2309 2110 2388 2144 illud
2417 2112 2458 2146 dc

1413 2169 1522 2201 multis
1538 2169 1676 2210 indignis
1692 2169 1912 2202 immunitates
1929 2168 2121 2201 habentibus
2138 2177 2232 2209 posse
2248 2168 2382 2202 diluere.

1458 2231 1507 2261 lt.
1529 2228 1561 2260 Si
1585 2227 1717 2260 dissolvi
1746 2231 1884 2269 nequeat
1900 2227 2101 2269 *objectatim
2121 2230 2154 2260 et
2179 2236 2256 2269 spes
2274 2227 2319 2260 sit
2333 2227 2460 2268 judices

1413 2292 1484 2332 ejus
1502 2292 1545 2324 ob
1563 2290 1807 2324 multitudinem
1828 2299 1934 2324 rerum
1959 2293 2213 2332 opportunarum
2228 2291 2263 2324 in
2282 2291 2456 2324 adversarii

1413 2359 1556 2392 oratione
1584 2359 1678 2392 simul
1705 2359 1871 2391 allatarum
1899 2358 2075 2400 oblituros,
2105 2368 2146 2392 ue
2170 2359 2308 2401 amplius
2337 2360 2407 2402 eius
2424 2361 2460 2393 iu

1413 2425 1557 2457 oratione
1578 2427 1631 2457 tua
1643 2424 1837 2457 memineris.
1881 2425 1952 2457 Hoc
1974 2425 2208 2458 Demosthenes
2229 2434 2360 2467 quoque
2373 2425 2460 2459 tecit.

1414 2471 1523 2527 Quum
1542 2488 1629 2522 enim
1648 2488 1817 2523 AEschines
1835 2488 1978 2528 diceret,
1997 2489 2172 2530 antequam
2190 2489 2260 2531 ipse
2277 2493 2361 2522 esset
2381 2498 2456 2531 pro-

1415 2553 1529 2594 fectus,
1551 2552 1779 2594 Gersoblepten
1808 2552 1960 2595 periisse,
1986 2552 2235 2593 objectationem
2258 2553 2293 2585 in
2317 2552 2461 2586 oratioue

1414 2627 1474 2650 sua
1500 2625 1567 2650 non
1590 2617 1718 2658 posuit,
1746 2617 1835 2650 ratus
1862 2625 2010 2658 magnam
2038 2616 2176 2648 aliarum
2204 2615 2460 2657 objectationun

1413 2684 1538 2724 copiam
1562 2682 1711 2723 deinceps
1727 2691 1762 2715 se
1784 2683 1818 2714 in
1843 2681 1986 2714 medium
2010 2681 2208 2722 prolaturum
2224 2690 2310 2733 esse,
2329 2685 2362 2714 et
2377 2682 2461 2714 rela-
2504 2678 2507 2681 ’

1415 2749 1534 2780 tionem
1563 2746 1602 2779 de
1621 2748 1766 2787 tempore
1785 2754 1859 2778 cum
1888 2735 1958 2777 aliis
1984 2743 2187 2777 contundens
2223 2746 2368 2795 speravit
2392 2754 2460 2778 non

1416 2812 1500 2850 tore,
1521 2812 1557 2843 ut
1574 2810 1698 2851 Judices
1714 2810 1790 2842 huic
1805 2809 2035 2841 controversiae
2050 2809 2241 2841 insisterent.

1460 2875 1511 2903 12.
1537 2871 1696 2901 Concessa
1714 2868 1875 2901 insolubili
1903 2867 2117 2909 obiectatione
2144 2868 2316 2900 consilium
2347 2867 2462 2902 adver-

1413 2929 1487 2961 sarii
1504 2927 1688 2968 accusabis,
1709 2928 1745 2959 ut
1763 2927 1826 2959 isto
1847 2927 2006 2966 praetextu
2034 2926 2175 2958 videaris
2190 2925 2281 2958 velut
2296 2934 2353 2968 pro
2368 2927 2458 2959 solu-

1416 2989 1502 3021 tione
1524 2986 1664 3028 quadam
1695 2986 1818 3019 consilii
1849 2985 2084 3018 accusationem
2110 2985 2299 3027 intendere,
2322 2987 2359 3019 ut
2384 2986 2457 3019 l'e'cit

1415 3046 1651 3079 Demosthenes
1671 3046 1702 3078 in
1721 3045 1867 3078 oratione
1880 3045 2037 3077 adversus
2054 3044 2295 3077 Aristocratem.
2345 3046 2457 3083 Quum

1414 3106 1501 3138 enim
1526 3114 1589 3137 non
1610 3106 1720 3146 posset
1742 3104 1976 3139 demonstrare,
2007 3103 2173 3136 decretum
2197 3102 2238 3135 ab
2265 3095 2460 3136 Aristocrate

1416 3164 1534 3196 tactum
1563 3171 1626 3195 nou
1654 3171 1723 3196 esse
1739 3162 1830 3204 quasi
1856 3162 2104 3203 praecursorium
2121 3161 2456 3202 senatusconsultum,

1414 3222 1584 3254 consilium
1611 3221 1750 3254 auctoris
1774 3221 1897 3262 culpat.
1947 3223 2014 3261 Ego
2040 3220 2268 3261 vero',inquit‚
2292 3227 2348 3252 vos
2375 3218 2456 3251 illud

1414 3279 1551 3312 arbitror
1574 3279 1691 3312 debere
1707 3281 1868 3320 reputare,
1893 3279 2056 3311 decretum
2073 3279 2114 3310 ab
2139 3277 2202 3310 isto
2225 3286 2295 3310 esse
2318 3277 2456 3316 tactum,

1414 3346 1480 3369 non
1501 3336 1536 3370 ut
1553 3346 1592 3370 eo
1605 3338 1697 3370 irrito
1715 3337 1869 3371 molestiis
1886 3337 1980 3370 vacui
1995 3336 2109 3370 essetis
2136 3335 2300 3377 (licuisset
2323 3335 2409 3368 enim
2425 3337 2458 3368 et

1413 3397 1545 3429 omnino
1561 3397 1640 3430 nihil
1664 3397 1804 3430 scribere
1816 3420 1825 3437 ,
1845 3396 1872 3429 si
1894 3396 1970 3437 quid
1984 3397 2070 3429 esset
2090 3405 2108 3428 e
2129 3394 2294 3436 republica
2311 3396 2453 3435 spectare
2477 3421 2482 3426 .

1415 3453 1541 3495 vellet),
1566 3456 1620 3487 sed
1637 3457 1674 3487 ut
1689 3454 1781 3487 vobis
1805 3454 1945 3496 deceptis
1964 3454 2093 3496 quidam
2111 3461 2170 3494 ea,
2192 3461 2266 3494 quae
2294 3461 2368 3485 cum
2396 3461 2454 3486 ve·

2604 2243 2606 2246 .
2597 2111 2606 2235 ,μή-4,*
2599 2066 2606 2106 ...ν
2598 2033 2606 2055 ⁴..ae
