2606 3828
316 279 390 314 ³⁵6

311 361 539 415 ἐπίγραμμα,
579 359 669 398 ὥστε
713 358 905 409 ἐὸουλόμην
939 357 1021 396 αὐτὸ
1063 358 1131 406 ἤδη
1165 357 1354 411 ἐπιγεγρά-

311 423 409 461 ωθαι.

321 472 326 476 ”
366 479 573 527 (Lucienus
595 479 663 517 vit.
684 479 908 516 Demonact.
933 492 966 515 c.
988 477 1062 530 44.)

363 552 412 578 50.
446 537 544 576 Ἰδὼν
567 537 604 575 δέ
622 553 672 581 τις
692 537 749 574 ἐπὶ
769 538 837 573 τῶν
857 537 988 574 σκελῶν
1006 536 1110 575 αὐτοῦ
1132 529 1187 574 οἷα
1209 540 1280 580 τοῖς
1297 534 1355 587 γε’-

313 612 427 649 ρουσιν
450 598 609 638 ἐπιεικῶς
628 595 804 646 γίγνεται,
824 594 948 645 ἤρετο,
967 594 1015 633 Τί
1033 597 1136 633 τοῦτο
1149 624 1159 642 ,
1179 586 1209 632 ὦ
1227 596 1356 644 Δημῶ-

309 656 390 702 ναξς
408 659 425 693 ὁ
446 655 481 693 δὲ
503 655 703 705 μειδιάσας,
722 653 853 704 Χάρων
872 669 915 703 με
935 653 1069 701 ἔδακεν,
1087 653 1167 706 ἔφη.

366 715 574 766 (Lucianus
594 715 665 752 vit.
685 716 909 751 Demonact.
929 728 963 752 c.
985 714 1066 764 45.)

365 787 415 812 51.
448 771 519 811 Καὶ
553 771 669 822 μέντοι
698 771 756 809 καὶ
787 771 1064 822 Λακεδαιμόνιόν
1085 787 1162 810 τινα
1195 770 1276 810 ἰδὼν
1299 772 1356 812 τὸν

311 836 415 871 αὑτοῦ
446 833 581 877 οἰκέτην
615 833 871 880 μαστιγοῦντα,
895 832 1059 879 Παῦσαι,
1082 831 1169 884 ἔφη,
1189 831 1355 882 ὁμότιμον

312 894 439 929 σαυτοῦ
463 890 519 928 τὸν
543 891 662 927 δοῦλον
685 888 899 942 ἀποφαίνων.

367 950 575 1001 (Lucianus
595 949 669 986 vit.
693 949 921 987 Demonact.
944 964 975 988 c.
999 949 1081 1003 46.)
1190 951 1199 985 l

359 1023 407 1048 52.
439 1010 578 1056 Δανάης
602 1009 640 1046 δέ
661 1023 752 1052 τινος
773 1007 858 1060 πρὸς
881 1007 939 1047 τὸν
961 1008 1107 1062 ἀδελφὸν
1136 1008 1234 1058 δίκην
1254 1009 1356 1062 ἕχού·

306 1085 388 1116 σης,
406 1067 572 1121 Κρίθητι,
590 1069 674 1119 ἔφη,
693 1067 731 1104 οὗ
763 1066 831 1119 γὰρ
857 1060 890 1104 εἷ
907 1067 1029 1114 Δανάη
1056 1069 1078 1114 ἡ
1099 1067 1271 1120 Ἀκρισίου
1292 1072 1353 1107 θυ-

305 1127 431 1179 γάτηρ·

358 1185 565 1236 (Luci-anus
585 1185 658 1224 vit.
684 1185 909 1224 Demonact.
931 1199 966 1224 c.
990 1186 1069 1237 47.)

357 1258 405 1284 53.
439 1244 606 1287 Μάλιστα
641 1243 676 1281 δὲ
711 1243 875 1293 ἐπολέμει
904 1244 974 1288 τοῖς
1003 1245 1042 1282 οὗ
1074 1244 1158 1296 πρὸς
1187 1244 1354 1292 ἀλήθειαν

305 1302 395 1342 ἀλλὰ
418 1303 502 1355 πρὸς
523 1302 684 1348 ἐπίδειξιν
704 1304 959 1357 φιλοσοφοῦσιν·
980 1303 1042 1342 ἕνα
1070 1306 1150 1355 γοῦν
1172 1302 1253 1342 ἷδὼν
1279 1305 1354 1342 Κυ-

303 1364 397 1402 νικὸν
430 1362 584 1415 τρίὸωνα
618 1363 680 1414 μὲν
714 1363 774 1401 καὶ
805 1364 922 1416 πήραν
954 1363 1099 1416 ἔχοντα,
1121 1362 1199 1401 ἀντὶ
1229 1363 1264 1401 δὲ
1294 1365 1355 1409 τῆς

307 1420 498 1474 βακτηρίας
531 1421 671 1472 ὕπερον,
701 1420 761 1459 καὶ
794 1421 991 1474 κεκραγότα
1023 1422 1083 1461 καὶ
1121 1421 1267 1474 λέγοντα
1302 1422 1354 1459 ὅτι

304 1479 537 1523 Ἀντισθένους
557 1479 616 1518 καὶ
640 1479 825 1532 Κράτητος
846 1480 906 1519 καὶ
929 1479 1109 1532 Διογένους
1138 1481 1213 1519 ἐστὶ
1243 1482 1354 1527 ζηλω-

301 1540 364 1586 τής
377 1570 387 1587 ,
406 1539 469 1587 Μὴ
489 1539 616 1592 ψεύδου
630 1568 641 1586 ,
661 1538 725 1592 ἔφη
738 1569 748 1586 ,
769 1539 809 1577 σὺ
827 1539 895 1592 γὰρ
916 1539 1103 1592 Ὑπερίδου
1125 1538 1284 1591 μαθητὴς
1304 1539 1351 1577 ὢν

303 1598 496 1649 τυγχάνεις.

358 1658 564 1706 (Lucienus
585 1658 658 1695 vit.
679 1658 906 1697 Demonact.
925 1673 957 1698 e.
976 1659 1058 1709 48.)

357 1730 404 1755 54.
437 1716 541 1755 Ἐπεὶ
562 1716 679 1766 μέντοι
699 1717 848 1760 πολλοὺς
868 1719 937 1755 τῶν
959 1718 1118 1764 ἀθλητῶν
1138 1716 1230 1768 ἑώρα
1247 1732 1351 1755 κακο-

303 1780 522 1828 μαχοῦντας,
546 1775 605 1813 καὶ
637 1774 737 1826 παρὰ
767 1775 825 1813 τὸν
856 1776 960 1826 νόμον
983 1776 1042 1814 τὸν
1069 1775 1254 1825 ἐναγώνιον
1277 1777 1352 1814 ἀντὶ

300 1838 363 1873 τοῦ
382 1835 656 1886 παγκρατιάζειν
685 1835 896 1883 δάκνοντας,
913 1836 992 1874 Οὔκ
1025 1835 1238 1885 ἀπεικότως,
1266 1834 1352 1887 ἔφη,

302 1894 379 1937 τοὺς
415 1897 474 1931 νῦν
508 1893 659 1940 ἀθλητὰς
693 1895 724 1930 οἱ
756 1897 1063 1946 παρομαρτοῦντες
1100 1893 1241 1935 λέοντας
1283 1908 1352 1930 κα·-

302 1952 436 1992 λοῦσίν.
451 1964 516 1994 &2⁹13-

357 2011 565 2062 (Lucienus
584 2011 656 2050 vit.
681 2011 902 2050 Demonact.
928 2025 961 2049 c.
987 2012 1063 2060 49.)

1015 263 1324 310 ‘CYNICORUM
1357 269 1683 311 FRAGMENTA.

1415 358 1591 410 τουμένων
1605 358 1649 398 τὰ
1664 358 1770 405 σκέλη
1788 356 1900 397 καὶτὸ
1919 358 2022 408 σῶμα
2039 355 2130 396 ὅλον·
2150 358 2301 400 Κυνικοῦ
2317 356 2354 396 δέ
2370 371 2457 403 τινος

1416 417 1474 456 ἐπὶ
1501 417 1594 457 λίθον
1626 417 1818 462 ἀναὸάντος
1848 417 1908 455 καὶ
1940 416 2025 455 αὐτὸ
2051 420 2152 455 τοῦτο
2186 420 2458 470 κατηγοροῦντος

1417 478 1521 516 αὐτοῦ
1546 476 1606 515 καὶ
1639 477 1685 519 εἷς
1714 475 1886 514 κιναιδίαν
1912 474 2179 522 διαὸάλλοντος,
2214 474 2460 527 ἀγανακτήσας

1416 535 1475 574 καὶ
1509 538 1802 582 κατασπασθῆναι
1832 535 1891 573 τὸν
1930 535 2080 574 Κυνικὸν
2113 533 2279 580 κελεύσας
2314 534 2458 583 ἔμελλεν

1415 592 1438 641 ἢ
1464 593 1573 639 ξύλοις
1600 593 1792 648 ξυντρίψειν
1814 593 1836 641 ἢ
1864 594 1922 633 καὶ
1945 596 2035 647 φυγῇ
2065 593 2264 643 ζημιώσειν·
2285 594 2362 633 ἀλλ’
2378 594 2399 631 8
2420 609 2459 645 γε

1416 653 1591 703 Δημῶναξ
1605 653 1819 705 παρατυχὼν
1833 658 2024 706 παρῃτεῖτο
2038 651 2247 704 συγγνώμην
2257 651 2351 705 ἔχειν
2363 654 2467 706 αὐτῷ

1416 712 1509 750 κατά
1528 728 1606 751 τινα
1625 713 1772 764 πάτριον
1789 713 1861 757 τοῖς
1878 715 2042 757 Κυνικοῖς
2070 712 2272 767 παρῤησίαν
2292 715 2460 766 θρασυνο-

1418 768 1525 820 μένω.
1587 770 1756 815 Εἰπόντος
1791 771 1827 810 δὲ
1864 777 1923 811 τοῦ
1960 772 2183 823 ἀνθυπάτου,
2213 773 2288 812 Νῦν
2316 770 2381 822 μέν
2408 787 2458 811 σο.

1418 829 1546 881 ἀφίημι
1569 830 1687 879 αὐτόν,
1707 829 1748 867 ἂν
1770 829 1805 868 δὲ
1832 829 1973 883 ὕστερον
1997 830 2150 870 τοιοῦτόν
2170 846 2205 868 τι
2231 829 2413 882 τολμήσῃ,
2429 833 2461 869 τὶ

1416 891 1538 926 παθεῖν
1573 888 1662 933 ἄξιός
1682 891 1776 936 ἐστι;
1798 888 1870 928 Καὶ
1898 891 1916 927 ὁ
1943 888 2143 939 Δημῶναξ,
2166 890 2464 942 Δρωπακισθῆναι

1415 945 1494 985 τότε
1514 946 1617 985 αὑτὸν
1636 947 1811 987 κέλευσον.

1470 1004 1679 1054 (Lucianus
1699 1007 1771 1046 vit.
1797 1007 2024 1046 Demonaet.
2046 1021 2081 1046 c.
2108 1007 2183 1058 50.)

1469 1077 1516 1102 56.
1547 1061 1663 1117 Ἄλλῳ
1681 1064 1717 1102 δέ
1737 1080 1804 1103 τινι
1823 1064 2069 1117 στρατοπέδων
2090 1066 2166 1113 ἅμα
2188 1064 2250 1104 καὶ
2266 1064 2382 1109 ἔθνους
2401 1068 2463 1104 τοῦ

1417 1122 1581 1174 μεγίστου
1608 1123 1671 1169 τὴν
1698 1123 1811 1176 ἀρχὴν
1840 1124 2105 1174 ἐμπιστευθέντι
2132 1128 2170 1166 ἐκ
2196 1124 2366 1177 βασιλέως
2391 1126 2466 1177 ἐρο-

1417 1181 1527 1234 μένῳ,
1549 1185 1624 1226 πῶς
1646 1182 1774 1234 ἄριστα
1800 1183 1919 1236 ἄρξει;
1940 1183 2143 1236 Ἀόργητος,
2170 1184 2256 1237 ἔφη,
2277 1183 2336 1224 καὶ
2364 1183 2465 1236 ὀλίγα

1417 1240 1479 1291 μὲν
1500 1242 1632 1287 λαλῶν,
1651 1241 1766 1280 πολλὰ
1785 1243 1820 1282 δὲ
1841 1242 1992 1282 ἀκούων.

1472 1300 1682 1351 (Lucianus
1702 1301 1771 1342 vit.
1794 1302 2018 1340 Demonact.
2038 1316 2074 1342 c.
2098 1302 2181 1352 51.)

1469 1373 1517 1399 57.
1552 1359 1734 1412 Ἐρομένῳ
1772 1359 1810 1398 δέ
1840 1376 1908 1399 τινι
1940 1362 1969 1399 εἰ
2007 1361 2068 1399 καὶ
2106 1361 2209 1406 αὐτὸς
2246 1360 2466 1406 πλακοῦντας

1415 1417 1537 1469 ἐσθίοι,
1556 1418 1638 1457 Οἴει
1654 1413 1733 1466 oliv,
1753 1418 1833 1471 ἔφη,
1846 1425 1917 1464 τοῖς
1936 1422 2065 1473 μωροῖς
2078 1419 2139 1464 τὰς
2153 1419 2318 1471 μελίττας
2337 1420 2467 1460 τιθέναι

1414 1476 1458 1514 τὰ
1478 1476 1607 1528 κηρία;

1468 1535 1672 1586 (Lucianus
1694 1538 1764 1577 vit.
1785 1538 2011 1576 Demonao..
2029 1552 2062 1577 c.
2082 1537 2159 1589 52.)

1468 1610 1517 1634 58.
1549 1595 1642 1648 Πρὸς
1661 1595 1698 1634 δὲ
1717 1600 1761 1649 τῇ
1783 1598 1934 1647 Ποικίλῃ
1962 1595 2151 1649 ἀνδριάντα
2174 1595 2256 1635 ἰδὼν
2275 1595 2340 1642 τὴν
2361 1596 2462 1648 χεῖρα

1414 1655 1715 1705 ἀποκεκομμένον,
1739 1655 1800 1709 ὀψὲ
1821 1655 1884 1709 ἔφη
1913 1656 2112 1704 Ἀθηναίους
2134 1656 2238 1696 εἰκόνι
2255 1657 2374 1710 χαλκῇ
2406 1672 2467 1695 τε-

1413 1715 1598 1766 τιμηκέναι
1621 1716 1679 1753 τὸν
1704 1715 1949 1768 Κυναίγειρον.

1469 1772 1677 1823 (Lucianus
1698 1775 1769 1813 vit.
1786 1775 2019 1816 ,Demonach
2038 1789 2072 1814 c.
2094 1774 2157 1814 53.
2180 1774 2236 1812 De
2259 1773 2466 1826 Cynaegiro

1413 1833 1504 1869 vide
1524 1832 1764 1870 Herodotum
1784 1832 1854 1870 lib.
1873 1832 1923 1870 VI
1941 1847 2022 1884 cap.
2047 1833 2153 1882 114.)

1467 1904 1517 1929 59.
1551 1890 1622 1928 Καὶ
1655 1890 1725 1940 μὴν
1758 1891 1818 1928 καὶ
1841 1890 2021 1944 Ῥουφῖνον
2043 1890 2100 1929 τὸν
2123 1891 2279 1945 Κύπριον
2300 1892 2410 1944 (λέγω
2427 1891 2464 1930 δὲ

1413 1949 1470 1987 τὸν
1491 1949 1605 2000 χωλὸν
1625 1948 1684 1987 τὸν
1710 1951 1748 1988 ἐκ
1769 1953 1830 1988 τοῦ
1849 1950 2056 2004 περιπάτου)
2077 1950 2159 1989 ἰδὼν
2192 1949 2250 1989 ἐπὶ
2281 1949 2371 1988 πολὺ
2394 1953 2465 1995 τοῖς

1413 2008 1619 2061 περιπάτοις
1636 2009 1912 2062 ἐνδιατρίὸοντα,
1925 2010 2036 2049 Οὐδέν
2051 2012 2157 2059 ἐστιν,
2173 2009 2262 2061 ἔφη,
2281 2011 2467 2063 ἀναισχυν-

354 2084 404 2110 55.
438 2069 588 2108 Ἀστεῒον
608 2070 644 2107 δὲ
664 2072 805 2108 κάκεῖνο
829 2070 933 2108 αὐτοῦ
953 2069 1013 2107 καὶ
1035 2067 1197 2115 δηκτικὸν
1219 2068 1292 2118 ἅμα
1314 2067 1352 2106 τὸ
1379 2068 1385 2120 Ι
1415 2067 1552 2119 τότερον
1573 2068 1691 2119 χωλοῦ
1712 2070 2015 2120 Περιπατητικοῦ.

301 2128 385 2180 πρὸς
404 2128 462 2167 τὸν
484 2129 680 2167 ἀνθύπατον
701 2128 896 2181 εἰρημένον·
921 2124 963 2176 ἦν
985 2127 1048 2179 μὲν
1078 2128 1146 2181 γὰρ
1172 2129 1241 2165 τῶν
1272 2143 1349 2165 πιτ-
1379 2121 1385 2175 Ι

1470 2126 1677 2175 (Lucianus
1696 2127 1764 2164 vit.
1787 2127 2011 2166 Demonact.
2036 2142 2070 2167 c.
2095 2127 2170 2179 54.)
2199 2114 2204 2119 ’

343 2281 394 2309 50.
419 2279 527 2315 Quum
563 2277 595 2307 in
630 2276 777 2308 cruribus
808 2276 877 2316 ejus
908 2276 1187 2308 animadvertisset
1215 2276 1350 2316 aliquis,
1378 2270 1384 2316 Ι
1413 2284 1505 2306 crura
1534 2276 1703 2315 totumque
1729 2283 1858 2314 corpus.
1903 2276 2012 2312 Quum
2038 2275 2147 2306 autem
2173 2274 2314 2316 cynicus
2331 2274 2464 2315 quidam

303 2336 409 2377 qualia
437 2335 567 2368 senibus
597 2336 663 2368 tere
688 2336 858 2376 accidunt,
874 2334 1098 2375 interrogavit,
1117 2335 1201 2372 Quid
1221 2335 1281 2366 hoc
1308 2335 1351 2365 rei

301 2398 351 2427 est
365 2420 373 2434 ,
392 2397 555 2426 Demonax
570 2397 584 2427 ἓ
627 2394 682 2427 llle
700 2403 775 2427 vero
793 2394 980 2434 subridens,
1000 2394 1146 2434 Charon,
1163 2393 1263 2433 inquit
1275 2418 1284 2433 ,
1302 2402 1353 2425 me

303 2453 487 2485 momordit.

347 2515 398 2544 51.
421 2514 526 2553 Atque
542 2512 638 2544 etiam
655 2511 938 2544 Lacedaemonium
957 2511 1092 2544 intuitus
1110 2520 1239 2543 servum
1257 2519 1352 2542 suum

307 2571 411 2610 flagris
429 2571 618 2612 caedentem,
633 2571 759 2610 Desine,
776 2571 892 2611 inquit,
910 2579 1041 2602 servum
1060 2572 1151 2602 tuum
1170 2569 1353 2602 conditione

305 2629 363 2661 tihi
382 2638 488 2670 parem
508 2629 645 2662 efficere.

348 2691 399 2719 52.
425 2689 534 2724 Quum
564 2689 670 2719 Danae
695 2688 842 2728 quaedam
870 2688 957 2720 litem
980 2687 1110 2720 haberet
1129 2697 1202 2719 cum
1231 2688 1349 2724 fratre,

306 2746 442 2786 Legibus
474 2746 638 2786 discepta,
659 2746 784 2787 inquit,
816 2755 881 2778 non
914 2746 1000 2778 enim
1034 2755 1068 2778 es
1099 2748 1207 2778 Danae
1239 2745 1352 2777 Acrisii

307 2804 384 2836 tilia.

348 2865 399 2894 53.
424 2864 462 2894 In
487 2862 598 2903 primis
622 2872 699 2895 vero
726 2863 934 2904 impugnabat
950 2872 1005 2895 eos
1034 2864 1089 2904 qui
1117 2872 1181 2895 non
1209 2872 1241 2895 re
1260 2871 1352 2903 vera,

307 2922 363 2953 sed
380 2920 421 2952 ad
446 2922 693 2953 ostentationem
723 2922 1036 2962 philosopharentur.
1081 2925 1186 2959 Quare
1203 2922 1272 2954 viso
1289 2923 1354 2962 Cy·
1382 2935 1388 2973 Ι

307 2980 380 3012 nico
407 2980 463 3020 qui
487 2980 615 3020 pallium
644 2981 754 3012 tritiim
778 2983 810 3013 et
835 2990 941 3021 peram
971 2981 1127 3019 habebat,
1158 2990 1213 3021 pro
1242 2981 1355 3012 baculo

308 3045 384 3067 vero
404 3036 575 3077 pistillum,
593 3046 631 3068 ac
649 3037 878 3070 vociferabatur
892 3039 1081 3079 dicebatque
1107 3048 1142 3071 se
1159 3039 1356 3071 Antisthenis

311 3097 342 3127 et
358 3096 495 3127 Cratetis
509 3097 542 3128 et
555 3094 706 3135 Diogenis
722 3105 791 3127 esse
809 3097 976 3137 aemulum,
989 3099 1035 3129 Ne
1051 3098 1224 3136 mentiaris,
1236 3098 1355 3139 inquit3

310 3155 344 3185 tu
365 3154 450 3186 enim
473 3154 643 3194 Hyperidis
659 3153 837 3195 discipulus
852 3163 897 3187 es.
1272 3146 1275 3148 ’

355 3214 406 3244 54.
430 3212 490 3244 Sed
522 3221 621 3252 quum
655 3212 775 3243 multos
799 3212 990 3244 athletarum
1022 3213 1141 3246 videret
1159 3213 1269 3246 dolose
1296 3223 1354 3254 pu-

312 3274 462 3309 gnantes.
483 3280 520 3302 ac
547 3273 660 3311 praeter
690 3271 872 3303 certaminis
894 3271 995 3312 legem
1022 3280 1087 3304 non
1117 3272 1281 3312 pancratio
1303 3273 1356 3303 sed

314 3338 422 3361 morsu
440 3330 638 3362 decertantes
648 3353 657 3371 ,
672 3331 742 3362 Non
760 3330 918 3362 immerito
930 3354 939 3369 ,
954 3330 1058 3370 inquit
1067 3353 1077 3370 ,
1092 3330 1193 3362 nostri
1206 3330 1359 3371 temporis

314 3387 449 3420 athletas
467 3389 655 3421 comitantes
670 3388 751 3420 socii
767 3388 874 3420 leones
890 3388 1060 3428 appellant.

358 3449 409 3478 55.
433 3446 598 3479 Urbanum
624 3456 754 3488 quoque
781 3456 818 3479 ac
837 3447 931 3479 simul
951 3447 1082 3479 mordax
1104 3447 1184 3479 illud
1203 3451 1251 3480 est
1273 3443 1360 3488 quod

317 3503 500 3536 Proconsuli
519 3504 612 3537 dixit.
658 3506 733 3537 Erat
748 3505 834 3537 enim
851 3514 888 3537 ex
907 3505 944 3537 iis
959 3505 1076 3546 quibus
1090 3505 1160 3546 pice
1177 3505 1275 3537 oblita
1288 3506 1363 3537 sunt

1414 2333 1518 2373 lapide
1536 2342 1713 2365 conscenso
1732 2333 1766 2365 in
1786 2333 1847 2365 hac
1864 2334 1933 2374 ipsa
1954 2342 1988 2365 re
2010 2333 2098 2365 illum
2113 2333 2359 2374 reprehenderet
2366 2335 2467 2377 atque

1414 2391 1625 2431 impudicitiae
1649 2390 1868 2430 insimularet,
1897 2391 2080 2432 indignatus
2104 2391 2282 2424 proconsul
2307 2392 2465 2433 cynicum

1414 2449 1537 2481 detrahi
1566 2449 1682 2490 jussit,
1701 2458 1797 2490 quem
1816 2452 1870 2480 aut
1889 2449 2028 2480 fustibus
2053 2452 2247 2482 contusums
2272 2451 2328 2482 aut
2341 2450 2467 2485 exsilio

1416 2508 1610 2540 militaturus
1627 2509 1706 2540 erat.
1750 2510 1872 2540 Verum
1887 2510 2052 2540 Demonax
2072 2508 2153 2540 torte
2165 2508 2377 2541 interveniens
2389 2517 2466 2542 eum

1415 2567 1557 2607 rogabat,
1575 2570 1610 2599 ut
1629 2567 1751 2599 homini
1768 2567 1954 2607 ignosceret,
1973 2566 2028 2607 qui
2048 2575 2106 2607 pro
2126 2567 2248 2599 solenni
2267 2567 2463 2608 Cynicorum

1415 2626 1560 2658 libertate
1585 2626 1736 2658 audacter
1757 2625 1902 2658 dixisset.
1949 2624 2172 2665 Respondente
2190 2626 2299 2658 autem
2325 2627 2465 2659 Procon-

1416 2685 1498 2724 sule,
1515 2687 1607 2717 Nunc
1623 2684 1751 2725 quidem
1770 2684 1827 2716 tibi
1843 2684 1940 2716 istum
1957 2683 2125 2715 condono:
2139 2683 2197 2716 sed
2206 2685 2239 2722 ¹si
2253 2684 2387 2725 posthac
2403 2684 2466 2718 tale

1416 2743 1495 2785 quid
1514 2752 1611 2776 ausus
1623 2744 1728 2784 tuerit,
1745 2752 1808 2784 qua
1826 2752 1922 2784 poena
1944 2743 2158 2783 dignuserit?
2173 2744 2256 2775 Tum
2273 2744 2439 2776 Demonax
2454 2756 2462 2776 :

1417 2802 1512 2835 Illum
1530 2801 1642 2842 jubeto
1660 2801 1796 2842 dropace
1813 2801 1922 2834 oblini.

1460 2865 1511 2894 56.
1535 2861 1595 2894 Alii
1614 2864 1744 2902 autem,
1767 2861 1821 2901 qui
1840 2869 1859 2892 a
1879 2869 1952 2900 rege
1972 2861 2068 2892 simul
2087 2860 2240 2893 militibus
2268 2861 2302 2893 et
2318 2860 2466 2893 maximae

1420 2921 1506 2960 genti
1526 2920 1715 2961 praepositus
1731 2923 1811 2957 erat,
1833 2919 1988 2960 quaerenti
2009 2927 2073 2959 qua
2090 2919 2214 2951 ratione
2229 2919 2350 2959 optime
2362 2927 2466 2959 tmpe-

1418 2988 1488 3011 rare
1508 2982 1628 3020 posset,
1650 2979 1682 3011 Si
1701 2987 1765 3011 non
1793 2985 2001 3016 succenseas,
2023 2977 2140 3018 inquit,
2161 2979 2193 3009 et
2217 2985 2319 3018 pauca
2336 2976 2467 3018 quidem

1417 3037 1561 3078 loquaris
1572 3061 1581 3077 ‚
1601 3037 1703 3069 multa
1717 3045 1792 3068 vero
1809 3035 1931 3068 audias.

1461 3099 1512 3128 57.
1537 3095 1716 3127 sciscitanti
1747 3095 1890 3134 cuidam,
1911 3103 1990 3126 num
2015 3096 2047 3126 et
2074 3094 2141 3135 ipse
2173 3094 2327 3135 placentis
2357 3102 2467 3127 vec-ce-

1420 3157 1516 3194 retur,
1538 3157 1623 3188 Num
1644 3155 1827 3194 existimas,
1845 3154 1971 3194 inquit,
1991 3162 2068 3193 apes
2089 3153 2182 3185 fatuis
2196 3162 2274 3185 suos
2290 3153 2380 3185 savos
2403 3153 2464 3184 tin·

1420 3222 1492 3252 gere
1503 3215 1517 3244 Ρ

1463 3274 1513 3303 58.
1537 3271 1747 3311 conspicatus
1761 3270 1794 3303 in
1815 3270 1938 3311 porticu
1954 3279 2026 3311 quae
2047 3270 2163 3302 Poecile
2180 3271 2311 3302 vocatur
2328 3270 2468 3304 statuum

1421 3332 1545 3364 abscisa
1561 3341 1656 3365 manu
1678 3335 1822 3364 truncam
1833 3354 1843 3373 ,
1861 3340 1933 3364 sero
1950 3331 2033 3363 dixit
2049 3330 2257 3363 Athenienses
2277 3338 2366 3362 aeuea
2389 3329 2468 3361 ima-

1421 3390 1493 3430 gine
1506 3390 1707 3430 Cynaegirum
1724 3391 1906 3421 honorasse.

1465 3453 1516 3482 59.
1541 3449 1627 3486 Quin
1641 3449 1737 3481 etiam
1751 3457 1851 3488 quum
1870 3448 2022 3480 Rufinum
2039 3447 2201 3488 cyprium,
2213 3446 2363 3478 claudum
2376 3445 2467 3479 illum

1423 3505 1494 3537 dico
1511 3506 1768 3547 Peripateticum,
1787 3506 1920 3538 vidisset
1935 3505 1990 3537 diu
2007 3504 2299 3545 philosophantium
2325 3503 2467 3536 ambula-
