2606 3828
303 254 374 289 424

345 352 532 404 (Stobaeus
549 352 653 391 Flor.
675 351 750 398 CV,
774 351 821 388 56
843 348 1004 400 Βίωνος.)

342 426 373 452 8.
406 412 476 451 Καὶ
495 410 562 463 γαρ
575 414 596 457 ἡ
617 410 720 462 τύχη,
737 408 839 461 φησὶν
856 410 873 445 ὁ
891 406 996 456 Βίων,
1014 405 1134 458 ὥσπερ
1149 404 1328 457 ποιήτρια,

289 471 345 509 ὁτὲ
378 470 440 520 μὲν
469 467 691 522 πρωτολόγου
723 467 778 505 ὁτὲ
811 465 846 503 δὲ
878 465 1102 517 ὑστερολόγου
1135 463 1332 516 περιτίθησι

289 527 489 581 πρόσωπον,
511 526 570 564 καὶ
600 524 655 563 ὁτὲ
689 539 750 574 μεν
787 522 959 575 βασιλέως
982 522 1079 560 ὁτὲ
1061 521 1096 560 οὲ
1119 521 1260 567 ἀλήτου.

345 586 534 640 (Stobaeus
562 585 664 624 I⁴lor.
683 583 728 630 V,
748 584 835 631 67'
820 599 859 621 εκ
885 584 954 620 τῶν
983 597 1044 620 του
1073 580 1229 627 Ἰὲλητος
1252 579 1331 634 περὶ

290 644 507 697 αὐταρκείας.
520 645 531 695 )

341 719 372 743 9.
406 702 497 741 Βίων
520 701 651 752 ἔλεγεν,
673 699 793 751 ωσπερ
812 697 857 736 τὰ
889 700 1007 752 φαυλα
1028 700 1096 736 τῶν
1118 696 1330 750 βαλαντίων,

289 762 354 801 κᾶν
390 761 534 812 μηδενὸς
553 763 575 812 ᾐ
601 759 702 806 ἄξια,
733 756 899 797 τοσούτου
929 756 1021 797 ἐστὶν
1051 756 1153 804 ἄξια,
1185 755 1265 796 ὅσον
1297 756 1332 794 ἐν

291 821 424 863 ἑαυτοῖς
449 819 488 857 τὸ
508 818 664 869 νόμισμα
684 817 835 870 ἔχουσιν·
855 832 946 855 ουτω
971 816 1031 855 καὶ
1057 819 1126 855 τῶν
1157 813 1332 854 πλουσίων

289 897 366 924 τους
403 877 536 921 οὐδενὸς
574 876 688 922 ἀξίους
721 879 941 929 καρπουσθαι
972 874 1033 920 τὰς
1067 866 1163 921 ἀξίας
1196 877 1244 913 ὡν
1274 874 1333 913 κέ-

289 953 448 985 κτηνται.

344 996 531 1046 (Stobaeus
559 995 664 1033 Flor.
690 993 798 1041 XCI,
824 995 871 1031 32
893 993 1050 1044 Βίωνος.)

343 1069 390 1094 10.
422 1053 513 1093 Βίων
536 1053 652 1104 ἔλεγε,
669 1052 953 1105 καταγελάστους
973 1046 1061 1090 εἶναι
1089 1049 1167 1096 τοὺς
1184 1050 1334 1091 σπουδά-

288 1116 407 1158 ζοντας
436 1112 516 1164 περὶ
549 1112 713 1159 πλοῦτον,
731 1111 768 1150 ὃν
789 1110 881 1164 τύχη
913 1110 976 1162 μὲν
1003 1109 1173 1163 παρέχει,
1197 1111 1334 1149 ἀνελευ-

287 1170 382 1224 θερία
400 1170 435 1209 δὲ
456 1169 649 1223 φυλάττει,
667 1170 867 1223 χρηστότης
887 1168 923 1208 δὲ
940 1171 1155 1223 ἀφαιρεῖται.

340 1229 525 1281 (Stobaeus
547 1228 650 1267 Flor.
670 1229 819 1279 XCIII,
842 1230 890 1273 34
911 1228 1068 1279 Βίωνος.)

343 1303 390 1329 11.
421 1288 515 1328 Βίων
549 1288 644 1339 ἔλεγε
679 1287 918 1342 γελοιοτάτους
948 1281 1036 1326 εἶναι
1064 1285 1142 1331 τοὺς
1166 1289 1333 1341 ἀστρονο-

287 1352 455 1399 μοῦντας,
487 1346 520 1385 οἳ
551 1347 630 1392 τοὺς
652 1347 750 1400 παρὰ
785 1347 868 1386 ποσὶ
896 1346 975 1391 τοὺς
997 1347 1032 1385 ἐν
1065 1347 1134 1391 τοῖς
1166 1349 1335 1399 αἰγιαλοῖς

286 1411 382 1460 ἰχθῦς
402 1407 439 1445 οὗ
460 1405 666 1458 βλέποντες,
690 1405 770 1451 τοὺς
789 1407 824 1444 ἐν
844 1408 893 1459 τῷ
910 1407 1045 1460 οὐρανῷ
1066 1406 1256 1459 φάσκουσιν
1281 1410 1334 1446 εἰ-

287 1466 395 1506 δέναι.

342 1524 532 1574 (Stobaeus
552 1524 658 1562 Flor.
681 1523 829 1572 LXXX,
852 1525 872 1561 3
892 1521 1055 1575 Βίωνος.)

345 1597 391 1624 12.
421 1583 514 1622 Βίων
531 1583 615 1637 ἔφη,
636 1585 704 1621 δεῖν
734 1583 791 1621 τὸν
813 1582 941 1634 ἀγαθὸν
964 1582 1118 1636 ἄρχοντα
1138 1583 1334 1633 παυόμενον

289 1645 351 1690 τ’ἥς
381 1645 493 1695 ἀρχῆς
521 1642 570 1694 μὴ
597 1641 868 1694 πλουσιώτερον,
887 1643 964 1680 ἀλλ’
989 1641 1203 1689 ἐνδοξότερον
1236 1657 1334 1694 γεγο·

288 1701 398 1740 νέναι.

343 1759 535 1812 (Stobaeus
552 1758 654 1797 Flor.
672 1758 811 1806 XLVI,
831 1759 879 1795 23
900 1758 1061 1811 Βίωνος.)

342 1832 389 1859 1³.
421 1819 594 1871 Καθάπερ
608 1818 667 1856 καὶ
688 1818 722 1862 ἐξ
739 1817 867 1866 οἰκίας,
888 1817 992 1870 φησὶν
1010 1820 1028 1856 ὁ
1049 1817 1158 1866 Βίων,
1177 1818 1336 1865 ἐξοικιζό-

290 1882 404 1929 μεθα,
423 1877 505 1915 ὅταν
527 1877 567 1916 τὸ
600 1876 743 1915 ἐνοίκιον
776 1879 794 1914 ὁ
820 1876 1008 1927 γμισθώσας
1040 1877 1078 1914 οὔ
1111 1877 1336 1928 κομιζόμενος

287 1935 350 1984 τὴν
390 1936 494 1989 θύραν
535 1934 669 1989 ἀφέλῃ,
704 1935 763 1974 τὸν
796 1935 949 1988 κέραμον
983 1934 1115 1988 ἀφέλῃ,
1144 1935 1183 1974 τὸ
1226 1935 1335 1989 φρέαρ

290 1994 475 2047 ἔγκλείσῃ,
509 1994 600 2032 ουτω
634 1994 693 2032 καὶ
726 1995 765 2032 ἐκ
791 1996 852 2031 τοῦ
885 1994 1065 2044 σωματίου
1102 1993 1334 2045 ἐξοικίζομαι,

290 2054 410 2092 ὅταν(
393 2072 415 2102 η
438 2053 646 2106 μισθώσασα
666 2051 765 2105 φύσις
792 2051 870 2096 τους
896 2052 1097 2105 ὀφθαλμους
1117 2055 1334 2106 ἀφαιρῆται,

289 2114 332 2152 τὰ
352 2117 445 2162 ὠτα,
461 2113 523 2157 τὰς
543 2118 684 2166 χεῖρας,
701 2111 779 2156 τους
799 2111 924 2156 πόδας.
941 2112 1050 2164 Οὐχε
1037 2111 1226 2162 υπομένω,
1250 2113 1328 2151 ἀλλ’

289 2172 436 2226 ὥσπερ
422 2175 461 2211 ἐκ
475 2171 669 2223 συμποσίου
683 2172 968 2246 ἀπαλλάττομαι,
982 2170 1056 2210 οὖθὲ
1059 2171 1335 2225 νδυσχεραίνων,

289 2231 380 2272 οὕτω
399 2232 458 2271 καὶ
479 2234 517 2272 ἐκ
537 2247 595 2270 του
615 2230 714 2284 βίου,
731 2230 813 2270 ὅταν
835 2233 857 2278 ἡ
878 2230 953 2284 ὥρα
973 2234 995 2282 ᾐ
1008 2260 1018 2279 ,
1038 2230 1131 2281 ἔμὸα
1150 2231 1337 2285 πορθμίδος

289 2291 417 2344 ἔρυμα.

332 2477 363 2508 8.
387 2475 511 2507 Etenim
538 2474 680 2514 fortuna,
697 2473 803 2515 inquit:
820 2473 920 2515 Bion,
938 2478 1092 2514 tanquam
1110 2474 1233 2514 poetria
1249 2483 1335 2507 nunc

292 2534 407 2575 primi,
426 2542 513 2566 nunc
531 2533 635 2566 ultimi
652 2533 814 2566 histrionis
824 2557 833 2574 ‚
846 2533 879 2566 et
895 2532 975 2565 alias
987 2532 1070 2573 regis
1081 2557 1091 2574 ‚
1106 2533 1183 2565 alias
1197 2533 1335 2566 mendici

292 2602 458 2633 personam
478 2592 572 2625 nobis
590 2592 738 2634 imponit.

334 2655 367 2683 9.
391 2652 471 2683 Bion
490 2650 596 2691 ajebat
612 2663 619 2682 :
636 2650 910 2691 quemadmodum
927 2650 1003 2683 vilia
1020 2650 1178 2692 marsupia
1189 2675 1198 2692 ,
1212 2650 1335 2683 etiamsi

292 2711 412 2743 nullius
441 2709 531 2751 pretii
566 2709 647 2750 sint,
676 2709 758 2742 tanti
792 2711 899 2742 tamen
932 2709 1147 2750 aestimantur,
1176 2712 1334 2751 quantum

293 2777 500 2801 nummorum
520 2768 704 2808 continent;
723 2768 769 2800 sic
786 2768 921 2808 divites,
943 2768 1038 2800 eliam
1061 2768 1205 2800 homines
1226 2768 1336 2810 nihili,

291 2828 377 2869 justo
395 2836 506 2859 eorum
524 2835 596 2867 quae
614 2826 777 2867 possident
798 2827 957 2858 honorum
982 2828 1085 2867 pretio
1105 2827 1266 2860 fruuntur.

339 2891 389 2919 10.
406 2886 483 2918 Bion
495 2885 644 2917 ridiculos
658 2894 729 2917 esse
740 2875 866 2917 dicebat
875 2885 1022 2918 homines
1035 2886 1091 2926 qui
1102 2886 1232 2918 divitias
1248 2896 1336 2927 quae·

297 2946 421 2986 rerent;
438 2953 492 2977 eas
514 2944 599 2977 enim
616 2944 775 2976 fortunam
797 2943 996 2984 ministrare,
1021 2945 1185 2977 avaritiam
1206 2954 1335 2977 conser—

298 3013 389 3043 vare,
410 3003 637 3043 benignitatem
657 3002 865 3044 profundere.

340 3067 387 3095 tt.
416 3063 492 3095 Bion
513 3061 637 3094 dicebat
654 3061 862 3102 perridiculos
875 3069 945 3093 esse
957 3062 1149 3104 astrologos,
1165 3063 1221 3104 qui
1237 3072 1338 3104 quum

295 3130 359 3153 non
375 3122 521 3153 viderent
541 3121 640 3161 pisces
661 3120 752 3160 juxta
774 3129 808 3152 se
829 3119 860 3151 in
884 3120 991 3152 littore
1009 3122 1176 3162 natantes,
1197 3121 1266 3155 illos
1280 3123 1337 3163 qui

296 3180 329 3212 iu
347 3181 427 3212 coelo
444 3183 520 3212 sunt
539 3188 634 3212 nosse
653 3187 687 3211 se
703 3179 913 3212 affirmarent.

341 3244 390 3272 12.
414 3239 492 3272 Bion
511 3238 610 3279 dixit,
631 3239 779 3279 oportere
806 3238 927 3271 bonum
949 3238 1125 3280 principem
1152 3240 1337 3281 magistratu

297 3297 467 3329 abeuntem
478 3322 487 3337 ‚
508 3306 572 3329 non
588 3296 752 3337 ditiorem,
767 3296 822 3329 sed
840 3295 1007 3329 clariorem
1023 3297 1173 3330 evasisse.

343 3358 392 3388 13.
415 3356 503 3388 Sicut
522 3356 639 3396 domo,
659 3356 763 3396 inquit
781 3355 881 3396 Bion,
907 3355 1075 3396 exigimur,
1095 3365 1196 3397 quum
1219 3357 1339 3389 locator

299 3422 362 3445 non
373 3415 500 3454 accepta
511 3414 714 3446 habitationis
722 3414 868 3447 mercede
873 3414 1004 3454 januam
1014 3414 1116 3447 autert
1123 3415 1338 3456 tegulamque,

301 3473 485 3519 etputeum
509 3472 668 3513 obstruit,
681 3473 725 3506 ita
743 3473 839 3506 etiam
859 3482 898 3506 ex
918 3473 979 3506 hoc
1004 3474 1195 3515 corpusculo
1215 3474 1337 3515 eJicior‚

1369 875 1442 913 ‘ad
1479 875 1638 914 Anthol.
1682 875 1808 915 Graec.

973 257 1383 300 CYRENAICORUM
1411 257 1752 299 FRAGMENTA.

1447 346 1632 398 (Stobaeus
1655 347 1757 387 Flor.
1774 348 1817 396 V,
1839 350 1922 397 67’
1908 364 1946 387 εκ
1978 351 2045 388 τῶν
2079 366 2139 390 του
2171 351 2326 400 Τέλητος
2352 353 2434 405 περὶ

1393 405 1613 459 αὐταρκείας.
1636 406 1781 445 Ultima
1800 406 1894 457 ἔμὸα
1915 406 2145 460 πορθμίδος*
2126 425 2258 462 ερυμα,
2277 424 2363 463 quae
2385 411 2434 451 ad

1395 462 1602 503 Charontis
1634 465 1811 516 cymbam
1850 466 2071 515 referenda,
2101 480 2123 505 e
2158 470 2281 508 veteri
2322 478 2436 523 poeta

1394 531 1519 561 sumta
1537 523 1752 575 videntur.)

1448 594 1495 621 u.
1526 581 1619 621 Βίων
1637 582 1722 635 πρὸς
1739 582 1816 626 τοὺς
1833 582 1997 634 λέγοντας
2010 613 2021 634 ,
2038 583 2091 622 ὅτι
2110 599 2150 623 το
2167 583 2292 631 κᾶλλος
2308 601 2436 640 τυραν-

1394 639 1473 678 νίδα
1507 639 1602 693 ἔχει,
1633 642 1737 693 Φευ,
1768 641 1886 694 ἔλεγε,
1920 642 2117 695 τυραννίδος
2141 643 2237 696 τριχὶ
2266 645 2438 686 καταλυο-

1396 698 1515 750 μένης.

1448 757 1634 811 (Stobaeus
1676 757 1779 798 Flor.
1817 758 1946 811 LXVI,
1982 761 2018 800 5.
2051 760 2201 812 Scripsi
2231 759 2327 815 τριχὶ
2350 775 2437 802 cum

1394 816 1577 855 Jacobsio
1596 819 1636 855 in
1658 817 1943 858 Additamentis
1963 819 2010 857 ad
2029 820 2167 862 Athen.
2190 833 2280 873 pag.
2305 820 2381 859 283
2401 830 2440 860 et

1859 886 1952 916 tom.
1983 877 2036 916 IX
2067 892 2155 930 pag.
2191 880 2287 928 1283
2320 879 2435 921 codd.

1394 934 1527 987 τριχῇ)

1447 1004 1496 1031 15.
1521 991 1566 1031 Ὁ
1587 991 1751 1045 σοφιστὴς
1768 991 1858 1032 Βίων
1872 992 1934 1038 τὰς
1956 996 2023 1032 τῶν
2042 995 2159 1034 καλων
2174 994 2297 1049 τρίχας
2314 995 2440 1050 Ἁρμο-

1395 1050 1486 1095 δίους
1502 1049 1621 1090 ἐκάλει
1640 1050 1700 1089 καὶ
1717 1051 2009 1105 Ἀριστογείτονας
2021 1082 2031 1100 ,
2052 1054 2100 1098 ὥς
2118 1052 2195 1103 ἅμα
2218 1056 2269 1108 τῷ
2287 1058 2439 1108 καρῆναι

1394 1111 1505 1158 καλης
1534 1109 1733 1163 τυραννίδος
1765 1110 2095 1162 ἀπαλλαττομένους
2118 1113 2232 1152 αὐτῶν
2259 1112 2337 1158 τους
2356 1114 2438 1167 ἔρα·

1395 1169 1494 1214 στάς.

1451 1229 1693 1278 (Plutarchus
1723 1231 1895 1271 Amator.
1914 1244 1997 1283 cap.
2015 1237 2065 1277 αἱ,
2089 1231 2173 1271 vol.
2189 1231 2264 1272 ΧΠ
2282 1246 2367 1284 pag.
2387 1234 2436 1279 64

1395 1289 1452 1327 ed.
1470 1289 1628 1329 Hutten.
1645 1288 1792 1341 Scripsi
1813 1304 1822 1328 :
1842 1291 1888 1333 ὥς
1909 1289 1984 1340 ἅμα
2004 1292 2054 1343 τῷ
2073 1293 2224 1343 καρῆναι
2249 1292 2359 1339 καλῆς
2377 1308 2441 1331 τυ-

1398 1348 1551 1400 ραννίδος
1571 1348 1906 1400 ἀπαλλαττομένους
1926 1350 2062 1398 αὖτῶν;
2084 1350 2197 1388 codd.
2219 1352 2266 1394 ὡς
2285 1348 2360 1400 ἅμα
2377 1365 2442 1390 κα-

1396 1408 1457 1454 λης
1473 1408 1674 1460 τυραννίδος
1691 1407 2020 1460 ἀπαλλαττομένους
2036 1410 2095 1446 ὑπ’
2111 1409 2238 1447 αὐτῶν.
2243 1407 2254 1461 )

1453 1479 1496 1506 ¹6.
1528 1464 1802 1515 Ὀνειδιζόμενος
1839 1465 1898 1505 ἐπὶ
1919 1468 1968 1520 τῶ
1989 1465 2039 1517 μὴ
2067 1469 2220 1519 θηρᾶσαι
2244 1466 2438 1522 μειράκιον,

1395 1525 1476 1577 Οὗχ
1503 1519 1573 1564 οἶόν
1593 1540 1651 1573 τε,
1684 1524 1771 1578 ἔφη,
1789 1525 1923 1564 ἁπαλὸν
1953 1525 2055 1580 τυρὸν
2082 1525 2259 1580 ἀγκίστρῳ
2283 1528 2435 1571 ἐπισπα-

1395 1586 1491 1624 σθαι

1452 1643 1659 1693 (Diogenes
1692 1643 1869 1682 Laertius
1898 1643 1965 1681 lib.
1987 1644 2051 1690 lv,
2078 1649 2142 1692 47.
2171 1643 2443 1683 Adulescentes

1399 1701 1532 1739 molles
1557 1710 1593 1738 et
1624 1701 1866 1740 effeminatos
1894 1701 1942 1739 ad
1970 1702 2260 1754 philosophiam
2281 1702 2443 1741 minime

1397 1768 1506 1826 aptos
1526 1772 1608 1797 esse
1629 1760 1834 1809 significat.
1855 1759 1900 1798 In
1925 1761 2084 1798 eandem
2113 1761 2341 1799 sententiam
2370 1762 2443 1800 Ar-

1396 1818 1528 1856 rianus
1549 1819 1711 1859 Dissermt
1733 1817 1857 1870 Epict.
1879 1818 1951 1867 111,
1971 1833 2055 1871 cap.
2077 1819 2149 1858 vl·
2169 1822 2239 1858 τῶν
2259 1818 2345 1858 νέων
2365 1818 2444 1864 τους

1399 1876 1579 1926 μαλακους
1599 1879 1663 1916 οὐκ
1687 1877 1761 1916 ἔστι
1782 1877 1974 1931 προτρέψαι
1998 1878 2125 1933 ῥοίδιον·
2141 1880 2219 1918 οὐδὲ
2245 1879 2313 1933 γὰρ
2340 1879 2442 1934 τυρὸν

1398 1935 1576 1989 ἀγκίστρῳ
1605 1936 1744 1976 λαὸεῖν.
1764 1938 1810 1976 Οἱ
1832 1938 1862 1975 δ’
1886 1938 2039 1991 εὐφυεῖς,
2060 1939 2126 1976 κᾶν
2147 1938 2371 1992 ἀποτρέπῃς,
2393 1939 2443 1978 ἔτι

1398 1994 1571 2044 μᾶλλον”
1553 2011 1567 2032 ε
1571 2010 1694 2047 χονται
1713 2010 1773 2035 του
1792 1995 1929 2048 λόγου.)
2490 2039 2492 2041 ,

1455 2066 1503 2092 17.
1535 2052 1746 2105 Ἐρωτηθείς
1767 2068 1872 2103 ποτε,
1892 2053 1944 2097 τίς
1965 2055 2138 2105 μᾶλλον’
2119 2059 2268 2109 αγωνιᾷ,
2290 2054 2374 2135 ἔιρη·
2395 2053 2442 2094 ‘0

1397 2110 1441 2149 τὰ
1463 2111 1612 2162 μέγιστα
1633 2111 1840 2164 βουλόμενος
1864 2113 2061 2165 εὐημερεῖν.
2098 2156 2109 2165 ,

1451 2171 1658 2222 (Diogenes
1680 2171 1858 2211 Laertius
1875 2172 1946 2212 lib.
1966 2173 2030 2223 IV,
2051 2174 2132 2226 48.)

1452 2243 1500 2269 18.
1532 2230 1759 2284 Ἐρωτηθείς,
1778 2233 1808 2270 εἷ
1824 2237 1949 2283 γαμεῖν
1963 2232 2066 2279 δεῖ,”
2048 2245 2128 2285 εφη·
2147 2231 2234 2272 Ἐὰν
2251 2221 2314 2284 μεν
2327 2232 2444 2286 γήμῃς

1361 2279 1370 2344 Ι
1398 2289 1563 2343 αἰσχράν,
1585 2289 1671 2335 ἕξεις
1689 2305 1824 2338 ποινην·
1842 2289 1882 2328 ἂν
1902 2289 1938 2329 δὲ
1954 2290 2080 2341 καλήν,
2102 2290 2155 2336 ἕξε
2141 2306 2188 2335 εις
2204 2290 2334 2338 κοινήν.

1397 2475 1526 2516 quando
1546 2485 1618 2516 quae
1641 2476 1756 2508 locavit
1774 2477 1892 2508 natura
1917 2475 2030 2508 oculos
2047 2475 2126 2507 mihi
2142 2475 2313 2516 eripuerit,
2326 2485 2442 2517 aurea,

1398 2545 1528 2577 manuS,
1545 2537 1654 2577 pedes.
1671 2538 1740 2569 Non
1755 2537 1905 2577 exspecto
1922 2535 2059 2576 amplius
2071 2558 2081 2575 ‚
2097 2535 2155 2567 sed
2167 2534 2441 2576 quemadmodum

1397 2605 1417 2629 e
1441 2597 1589 2629 convivio
1620 2597 1773 2637 discedo,
1798 2596 1883 2628 haud
1902 2599 2048 2636 gravate,
2067 2595 2113 2627 sic
2139 2604 2181 2628 ex
2206 2595 2271 2628 vita
2289 2604 2441 2636 quoque,

1398 2656 1452 2688 ubi
1471 2657 1598 2697 tempus
1613 2656 1690 2695 erit,
1707 2655 1832 2696 cymbae
1849 2654 2122 2696 propugnaculum
2141 2653 2363 2688 conscendito.

1442 2717 1491 2748 14.
1517 2714 1595 2747 Bion
1629 2714 1828 2754 dicentibus,
1855 2712 2126 2755 pulchritudinem
2158 2711 2319 2752 quandam
2351 2712 2443 2753 quasi

1399 2775 1587 2816 potestatem
1607 2773 1723 2806 habere
1735 2798 1745 2814 ,
1768 2776 1796 2806 0
1817 2774 2019 2814 potestatem,
2036 2772 2160 2813 inquit,
2180 2778 2254 2813 qnae
2274 2780 2368 2804 coma
2385 2771 2443 2804 de-

1399 2835 1518 2868 fluente
1537 2835 1741 2867 dissolvitur.

1442 2898 1492 2927 15.
1518 2894 1596 2928 Bion
1612 2893 1754 2933 sophista
1766 2892 1980 2924 formosorum
1993 2890 2098 2923 crines
2105 2889 2301 2922 Harmodios
2315 2891 2349 2922 et
2366 2890 2440 2922 Ari-

1398 2953 1572 2993 stogitoncs
1593 2953 1747 2993 vocabat,
1765 2951 1852 2992 quod
1867 2951 1907 2983 iis
1925 2949 2062 2983 desectis
2078 2949 2247 2990 pulchrum
2273 2948 2442 2990 imperium

1399 3015 1556 3044 amatores
1570 3012 1776 3053 deponerent.

1445 3071 1494 3101 16.
1519 3070 1754 3110 Reprehensus,
1768 3067 1852 3109 quod
1866 3066 2099 3100 adolescentem
2107 3074 2172 3098 non
2180 3066 2362 3105 venaretur,
2371 3065 2444 3097 Non

1402 3128 1526 3168 potest,
1541 3127 1662 3168 inquit,
1681 3127 1786 3159 mollis
1804 3135 1915 3158 caseus
1934 3126 2028 3158 hamo
2044 3123 2172 3156 attrahi.

1446 3188 1494 3218 17.
1521 3187 1663 3226 Rogatus
1685 3184 1878 3226 aliquando,
1894 3183 1968 3226 quis
1983 3182 2188 3224 potissimum
2215 3181 2363 3214 aestuaret
2380 3180 2443 3212 du·

1401 3243 1573 3284 bitatione,
1590 3242 1754 3292 respondit
1774 3253 1782 3274 :
1802 3242 1863 3275 ille
1874 3265 1884 3283 ,
1901 3243 2012 3284 quise
2027 3242 2183 3273 maxima
2191 3238 2372 3280 felicitate
2386 3240 2443 3271 uli

1402 3303 1509 3342 cupit.

1446 3362 1495 3391 18.
1517 3361 1751 3401 interrogatus,
1765 3368 1844 3392 num
1868 3358 2014 3392 ducenda
2032 3361 2118 3390 esset
2141 3365 2233 3397 uxor,
2251 3355 2414 3396 respoudit
2430 3367 2441 3389 ι

1401 3417 1434 3450 Si
1464 3418 1642 3450 deformem
1666 3418 1821 3460 duxeris,
1837 3417 1966 3450 habebis
1993 3425 2148 3458 poenam:
2171 3414 2220 3446 sin
2246 3414 2442 3456 formosam,

1366 3509 1375 3516 ,
1403 3475 1534 3508 habebis
1551 3485 1766 3509 communem.
