2638 3840
693 253 917 303 EJUSQUE
944 251 1231 293 mscn’ums
1260 252 1327 293 ΕΤ
1353 250 1771 293 SUCCESSORIBUS.

1247 343 1250 365 ³
1280 356 1395 394 quam
1414 340 1558 382 licebat
1569 341 1687 381 uxori
1706 340 1924 380 divortium
1942 342 2067 381 facere
2082 356 2169 381 cum
2190 344 2332 383 marito

172 346 230 386 ris
246 343 508 384 violatoribus
525 344 809 396 irrogarentur,
828 343 1075 394 rogationum
1091 351 1217 381 autem

166 406 332 453 latores,
357 405 391 444 si
412 405 594 444 concioni
612 402 894 456 displicebant,
916 403 1113 456 supplicio
1132 403 1215 441 affi-
1248 399 1250 418 '

170 472 368 512 cerentur,
396 477 479 502 non
503 471 563 503 est
587 461 810 503 mirandum
846 475 992 515 paucos
1020 462 1216 501 exstitisse
1248 503 1250 506 ,

167 525 238 578 qui
273 524 418 564 civium
454 535 583 563 mores
614 521 821 562 emendare
854 535 899 560 ac
932 520 1214 574 rempublicam

165 583 358 623 institutis
372 592 586 635 temperare
599 590 849 621 conarentur.
868 581 963 620 Tria
980 590 1126 620 tantum
1143 581 1216 619 hu·

162 642 338 695 jusmodi
358 641 537 694 exempla
554 641 818 694 proferuntur.
840 640 936 680 Nam
959 654 1080 692 quum
1098 640 1216 679 homo
1248 643 1251 696 ζ

164 701 297 742 luscus
329 700 410 755 (29)
439 701 602 741 alterius
632 700 782 753 injuria
809 701 924 740 oculo
954 701 1133 754 privatus
1169 700 1217 739 de

167 761 337 800 caecitate
369 774 441 801 sua
470 769 712 814 quereretur,
739 760 874 800 delicti
905 769 1103 800 auctorem
1135 774 1215 799 non
1248 726 1251 797 i

165 819 339 871 legitima
362 820 429 860 sed
448 819 595 873 duplici
612 833 730 872 poena
749 820 995 865 multandum,
1016 833 1100 860 esse
1119 834 1215 859 con·
1248 798 1252 846 ί

166 878 362 920 tendebat.
397 880 555 932 Quippe
574 892 624 918 ex
648 879 847 919 communi
864 880 1095 932 praescripto
1117 879 1216 918 civi·
1248 850 1252 911 Ι

165 938 256 978 tatis
273 939 343 991 qui
359 938 585 978 adversario
601 938 758 977 oculum
772 938 963 990 elisisset,
978 938 1064 991 ejus
1080 938 1218 978 oculus

166 998 344 1038 vicissim
373 996 662 1037 everberandus
684 1005 779 1037 erat.
799 997 950 1044 Quodsi
964 998 1131 1045 ‘sceleris
1153 1010 1219 1036 ar—

166 1057 332 1097 chitecto
362 1057 460 1097 alter
492 1057 630 1096 oculus
661 1065 923 1107 excuteretur,
957 1058 1089 1096 minus
1119 1057 1220 1096 foret

167 1116 301 1168 miser,
318 1130 435 1170 quam
445 1117 572 1156 cocles
585 1130 701 1168 quem
715 1116 829 1155 oculo
845 1117 988 1157 effosso
1000 1130 1218 1156 excaecave·

167 1185 242 1219 rat.
255 1176 443 1228 utigitur
457 1190 529 1229 par
542 1176 749 1228 utriusque
762 1177 913 1216 caecitas
928 1185 1044 1225 esset,
1059 1176 1219 1229 injuriae

168 1244 306 1275 auctor
323 1249 403 1275 non
422 1236 544 1275 altero
565 1235 700 1283 oculo,
724 1235 793 1274 sed
817 1236 979 1275 omnino
1001 1235 1218 1275 luminibus

168 1294 368 1335 orbandus
382 1304 479 1334 erat.
501 1294 594 1333 Eam
615 1302 744 1333 autem
762 1294 887 1345 legem
907 1294 1055 1347 injecto
1070 1295 1217 1335 cervici

166 1352 306 1406 laqueo
325 1353 498 1406 pertulit.
516 1352 643 1392 Porro
673 1353 755 1405 (30)
775 1352 962 1405 abrogata
980 1363 1038 1393 est
1060 1355 1123 1393 lex
1148 1368 1218 1407 per

167 1503 207 1537 ἂν
235 1502 311 1536 ὅτου
333 1502 390 1542 τὴν
417 1502 520 1545 κρίσιν
541 1504 560 1535 ὁ
585 1504 686 1545 τ’,ῆμος
710 1503 780 1543 περὶ
801 1507 858 1536 τοῦ
879 1505 1096 1547 διορθουμένου
1120 1507 1218 1547 νόμου

167 1549 358 1591 ποιήσηται,
383 1550 441 1583 κᾶν
470 1550 526 1592 μὲν
551 1553 572 1590 ἡ
598 1551 752 1590 ἐκκλησία
774 1553 980 1594 προσδέξηται
1007 1554 1060 1587 τὸν
1089 1555 1217 1597 ὕστερον

165 1597 377 1640 γραφόμενον,
394 1597 586 1631 ἀπολύεσθαι
609 1599 663 1631 τὸν
689 1599 958 1641 εἰσηγησάμενον·
973 1601 1028 1633 ἐὰν
1046 1601 1079 1634 δὲ
1103 1602 1218 1644 ἄκυρον

165 1645 338 1684 ποιήσηται
373 1645 430 1684 τὴν
453 1644 639 1687 διόρθωσιν»
664 1650 858 1688 παραχρῆμα
886 1647 1031 1686 θνήσκειν
1067 1650 1130 1682 ὑπὸ
1160 1654 1217 1683 τοῦ

169 1691 288 1735 βρόχου
308 1692 530 1735 σφιγγόμενον.
553 1693 707 1732 Τοιαύτης
731 1693 764 1726 δὲ
787 1694 870 1727 κατὰ
898 1695 1140 1738 την.διόρθωσιν
1164 1701 1218 1737 τῆς

167 1738 353 1781 νομοθεσίας
374 1739 472 1778 οὔσης
483 1762 494 1779 ,
509 1741 564 1773 καὶ
579 1743 636 1773 τοῦ
663 1741 762 1782 φόδου
775 1742 849 1780 τοὺς
864 1743 1032 1784 νεωτέρους
1050 1746 1217 1785 νομοθέτας

167 1786 370 1828 κολάζοντος,
396 1786 495 1825 οὐδεὶς
526 1787 644 1829 ἐτόλμα
665 1790 735 1831 περὶ
761 1789 868 1831 νόμων
893 1791 1089 1833 διορθώσεως
1113 1794 1218 1835 φωνὴν

167 1833 352 1876 προίεσθαι,
382 1835 415 1867 έν
444 1835 537 1868 παντὶ
559 1835 593 1868 δὲ
619 1839 667 1877 τῷ
695 1838 775 1878 μετὰ
795 1840 895 1870 ταῦτα
920 1839 1024 1880 χρόνῳ
1046 1840 1133 1882 παρὰ
1154 1847 1218 1879 τοῖς

169 1881 312 1924 Θουρίοις
327 1885 409 1925 τρεῖς
433 1883 463 1915 οἱ
487 1881 603 1919 πάντες
625 1883 827 1925 εἰσηγοῦνται
854 1884 906 1917 διά
930 1897 1014 1923 τινας
1045 1887 1217 1929 ἀναγκαίας

168 1931 366 1973 περιστάσεις
381 1930 432 1963 επὶ
450 1930 508 1968 τὴν
524 1930 605 1972 ὕπερ
619 1934 673 1970 τῆς
689 1931 883 1974 διορθώσεως
901 1935 1095 1975 συμδουλίαν
1116 1948 1217 1978 παρα-

167 1978 321 2021 γενέσθαι.
335 1995 378 2003 -
392 1977 459 2019 (29)
477 1977 636 2011 Diodorus
647 1978 778 2012 Siculus
790 1980 847 2013 lib.
862 1982 936 2023 ΧΠ,
951 1990 1023 2023 cap.
1046 1986 1082 2016 17
1096 1996 1104 2016 ε
1119 1985 1217 2027 νόμου

168 2027 228 2069 γὰρ
248 2026 354 2066 ὄντος,
373 2024 426 2059 ἐάν
441 2025 488 2063 τίς
506 2037 587 2063 τινος
612 2025 768 2069 ὀφθαλμὸν
787 2027 929 2070 έκκόψῃ,
951 2029 1217 2065 ἀντεκκόπτεσθαι

168 2074 222 2107 τὸν
246 2073 384 2114 ίκείνου,
410 2073 634 2116 ἑτερόφθαλμος
654 2086 704 2113 τις
735 2075 880 2113 ἐκκοπεὶς
907 2078 962 2110 τὸν
983 2077 1140 2120 ὀφθαλμὸν
1162 2082 1217 2114 καὶ

169 2121 323 2163 στερηθεὶς
338 2120 410 2159 ὅλης
425 2125 480 2160 τῆς
495 2121 635 2163 ὁράσεως
648 2122 684 2154 τὸ
702 2123 758 2163 μὲν
779 2123 969 2166 ἀντεκκόψαι
985 2126 1038 2157 τὸν
1060 2126 1217 2169 δράσαντα

168 2168 302 2200 ἱλασσον
314 2168 450 2200 buna&
463 2167 636 2210 πρόστιμον
646 2169 768 2202 ἐκτῖσαι
779 2179 787 2187 ·
801 2171 1006 2212 τυφλώσαντα
1015 2172 1075 2217 γὰρ
1087 2175 1142 2209 ἕνα
1154 2180 1217 2209 τῶν

168 2216 321 2255 πολιτῶν,
338 2216 365 2248 εἰ
392 2215 429 2248 τὸ
447 2216 528 2248 κατὰ
552 2215 648 2258 νόμον
669 2216 842 2258 πρόστιμον
870 2219 888 2250 ό
909 2219 1025 2261 πράξας
1045 2222 1217 2265 ὑπομένοι,

170 2263 214 2304 μὴ
228 2262 403 2304 τετευχέναι
416 2266 470 2302 τῆς
485 2262 556 2301 ῐσης
574 2268 732 2307 συμφορᾶς
745 2275 754 2285 ·
768 2265 889 2299 δίκαιον
908 2266 964 2299 οὖν
983 2268 1062 2301 εἶναι
1083 2270 1138 2301 τὸν
1150 2272 1217 2304 έτε-

168 2309 343 2351 ρόφθαλμον
367 2309 424 2349 τὴν
443 2309 552 2352 ὅρασιν
578 2311 766 2353 ἀφελόμενον
795 2312 986 2355 ἀμφοτέρους
1006 2315 1216 2351 έκκόπτεσθαι

168 2355 240 2392 τοὺς
257 2354 451 2398 ὀφθαλμούς,
478 2358 506 2390 εἰ
526 2358 632 2399 μέλλοι
660 2359 717 2398 τὴν
735 2360 808 2399 ἴσην
829 2361 1034 2404 ἀναδέχεσθαι
1053 2365 1215 2408 τιμωρίαν.

171 2403 228 2436 Διὸ
248 2404 302 2435 καὶ
322 2404 472 2445 περιαλγῆ
491 2405 658 2447 γενόμενον
676 2406 731 2440 τὸν
755 2406 980 2450 ἑτερόφθαλμον
998 2409 1217 2451 ἀποτολμῆσαι

171 2449 264 2489 λόγον
286 2450 318 2482 έν
336 2449 489 2494 ἐκκλησίᾳ
511 2452 670 2486 διαθέσθαι
688 2455 758 2495 περὶ
772 2458 826 2494 τῆς
849 2455 927 2494 ἰδίας
949 2461 1128 2499 συμφορᾶς,
1151 2460 1218 2501 ἅμα
1247 2452 1250 2499 Ι

170 2497 226 2539 μὶν
242 2501 310 2535 τοῖς
333 2497 475 2536 πολίταις
493 2498 726 2542 ἀποδυρόμενον
743 2502 800 2541 τὴν
826 2502 906 2535 ἰδίαν
927 2503 1077 2546 ἀτυχίαν,
1098 2505 1166 2547 ἅμα
1184 2508 1216 2541 δὲ

170 2544 427 2586 συμδουλεύοντα
446 2549 512 2583 τοῖς
529 2547 663 2586 πλήθεσι
682 2548 914 2590 διορθώσασθαι
933 2552 987 2584 τόν
1004 2551 1100 2594 νόμον
1111 2570 1119 2579 ·
1131 2555 1218 2593 τέλος

168 2591 202 2624 δὲ
220 2591 313 2625 δόντα
331 2591 384 2625 τὸν
402 2591 556 2635 τράχηλον
578 2595 619 2631 εἰς
647 2595 782 2637 βρόχον,
802 2597 990 2640 ἐπιτυχόντα
1012 2603 1052 2642 τῇ
1075 2602 1217 2642 συμδου·

170 2638 221 2680 λίᾳ
240 2638 402 2680 ἀκυρῶσαι
424 2639 479 2680 μὶν
499 2641 553 2673 τόν
573 2640 754 2684 ὑπάρχοντα
774 2642 887 2686 νόμον,
911 2645 1088 2686 βεδαιῶσαι
1113 2649 1146 2680 δὲ
1165 2643 1226 2681 τὸν

169 2685 393 2728 διορθωθέντα,
407 2687 461 2719 καὶ
481 2687 532 2720 διὰ
543 2691 639 2721 τοῦτο
659 2693 763 2730 φυγεῖν
787 2691 840 2723 τὸν
860 2695 916 2724 τοῦ
934 2693 1054 2735 βρόχου
1073 2695 1214 2729 θάνατον.

171 2749 211 2756 -
232 2732 299 2775 (30)
325 2732 485 2766 Diodorus
507 2734 635 2768 Siculus
664 2735 719 2769 lib.
743 2739 903 2780 xll.cap.
932 2743 968 2772 18
993 2753 1002 2773 2
1026 2741 1165 2784 δεύτερος
1184 2745 1215 2776 δε

169 2779 331 2822 διωρθώθη
354 2778 448 2821 νόμος
472 2781 490 2812 6
509 2781 609 2820 διδοὺς
628 2782 771 2820 έξουσίαν
789 2789 828 2827 τῇ
856 2788 977 2827 γυναικὶ
997 2787 1143 2821 ἀπολύειν
1165 2792 1217 2822 τὸν

169 2827 265 2870 ἄνδρα
281 2828 335 2860 καὶ
349 2831 502 2860 συνοικεῖν
522 2829 550 2871 ᾧ
568 2829 606 2862 ἂν
626 2830 786 2872 βούληται.
810 2833 882 2865 Τῶν
896 2834 956 2875 γὰρ
975 2835 1216 2876 προᾶεὸηκότων

170 2878 209 2918 τῇ
231 2874 338 2918 ἡλικία
354 2886 400 2913 τις
418 2875 501 2917 ἔχων
519 2880 653 2918 γυναῖκα
663 2879 814 2923 νεωτέραν
837 2881 890 2912 καὶ
915 2883 1124 2921 καταλειφθεὶς
1143 2895 1216 2917 συν-

169 2923 312 2956 εδοῦλευε
330 2926 395 2960 τοῖς
413 2923 556 2965 Θουρίοις
578 2925 743 2967 διορθῶσαι
762 2927 816 2959 τὸν
828 2928 923 2970 νόμον
942 2931 995 2961 καὶ
1016 2931 1215 2973 προσγράψαι

167 2971 224 3010 τὴν
242 2970 477 3004 καταλιποῦσαν
497 2971 595 3014 ἄνδρα
613 2978 771 3007 συνοικεῖν
790 2974 818 3016 ᾧ
841 2976 879 3007 ἂν
899 2977 1049 3017 βούληται
1073 2979 1116 3019 μὴ
1138 2990 1214 3012 νεω·

167 3017 248 3060 τέρφ
274 3020 331 3050 τοῦ
348 3018 515 3060 προτέρου·
543 3020 659 3060 ὁμοίως
682 3022 715 3054 δε
734 3022 791 3055 κάν
811 3021 890 3063 ἀνὴρ
909 3024 1029 3065 έκὸἁλῃ
1062 3029 1215 3067 γυναῖκα,

170 3064 213 3105 μή
230 3067 342 3107 γαμεῖν
359 3065 454 3103 ἀλλην
474 3068 627 3109 νεωτέραν
645 3069 760 3109 ταύτης
779 3074 834 3109 τῆς
854 3071 1069 3109 έκδληθιίσης.
1096 3072 1214 3106 Eumo-

169 3110 270 3152 χὴσας
294 3111 322 3144 δ’
340 3111 372 3143 ἂν
398 3116 438 3153 τῆ
457 3113 632 3157 συμδουλίᾳ
651 3117 702 3148 καὶ
726 3115 892 3158 ἀκυρώσας
913 3119 966 3149 τὸν
987 3118 1134 3160 πρότερον
1153 3120 1202 3152 νό-

169 3167 248 3200 μον,
267 3158 388 3199 διέφυγε
411 3160 466 3199 μιν
488 3160 541 3192 τὸν
560 3161 598 3193 εκ
616 3165 672 3194 τοῦ
693 3162 810 3205 βρόχου
824 3163 981 3203 κίνδυνον,
996 3168 1050 3203 τῆς
1064 3166 1096 3198 δε
1108 3177 1211 3207 γυναι-

170 3205 223 3242 κὸς
243 3204 433 3243 κωλυθείσης
450 3207 591 3250 νεωτέρῳ
613 3213 798 3248 συνοικῆσαι
820 3211 911 3241 πάλιν
934 3211 1030 3251 ἔγημε
1058 3213 1112 3245 τὸν
1135 3213 1214 3247 ἀπο-

170 3250 310 3284 λυθέντα.
330 3252 438 3294 Τρίτος
452 3252 485 3285 δε
505 3252 599 3296 νόμος
614 3254 774 3297 διωρθωθη
787 3259 804 3289 ὀ
825 3259 893 3298 περὶ
907 3261 969 3289 τῶν
983 3258 1175 3302 ἐπικλήρων,
1196 3261 1214 3294 ό

168 3298 223 3331 καὶ
243 3298 327 3340 παρὰ
347 3298 463 3331 Σόλωνι
484 3300 634 3342 κείμενος.
647 3302 787 3336 Ἐκέλιυι
808 3305 866 3345 γαρ
879 3307 918 3344 τῇ
938 3303 1096 3347 έπικλήρφ
1115 3306 1212 3340 ίπιδι·

168 3345 314 3384 πιέζεσθαι
327 3346 380 3378 τὸν
399 3346 528 3388 ἔγγιστα
546 3350 672 3388 γένους,
685 3351 836 3387 ὡσαύτως
858 3351 889 3383 δι
910 3352 962 3383 καὶ
975 3353 1032 3391 τήν
1050 3352 1214 3397 ἐπίκληρον

170 3392 455 3435 :attimaro
466 3393 630 3437 ἀγχιστεῖ,
648 3395 675 3437 ᾧ
693 3396 731 3436 ἦν
750 3398 873 3438 ἀνάγκη
896 3402 1051 3431 συνοικεῖν
1069 3400 1090 3438 ἢ
1106 3411 1214 3435 πεντα·

173 3438 283 3476 noete<
303 3439 425 3472 tutum
444 3441 583 3483 δραχμάς
603 3443 644 3479 εἰς
668 3445 794 3485 προικὸς
820 3445 911 3484 λόγον
931 3448 969 3486 τῇ
989 3450 1120 3490 πενιχρᾷ
1145 3447 1213 3481 lm-

174 3485 286 3528 ΜΝ·
313 3485 447 3529 ‘ommi
484 3488 543 3530 γάρ
571 3499 616 3526 τις
647 3489 772 3531 εὐγενὴς
801 3491 983 3534 ἐπίκληρος,
1016 3492 1212 3537 ἀπορουμένη

2194 264 2330 293 xxxlx

1280 403 1427 454 aliique
1457 401 1605 440 nubere
1625 402 1728 440 viro.
1756 401 1960 440 Acciderat
1979 403 2107 451 enim,
2130 412 2173 442 ut
2192 404 2334 443 mulier

1280 476 1367 514 quae
1382 463 1424 500 in
1444 462 1531 512 ipso
1550 461 1673 500 aetatis
1688 461 1783 500 flore
1798 470 1901 510 erat,
1919 471 2124 514 postquam
2147 465 2231 503 seni
2251 478 2333 503 ma·

1248 522 1250 561 ἶ
1282 523 1360 561 rito
1390 522 1573 560 nuntium
1594 521 1770 570 remisit,
1795 520 1974 573 junioris
1993 523 2072 562 viri
2094 524 2251 576 nuptias
2268 539 2334 564 cu-

1281 589 1402 634 peret.
1425 581 1553 627 Quare
1570 594 1688 620 senex
1703 581 1747 620 in
1769 580 1942 621 medium
1962 583 2154 634 processit
2178 583 2333 623 habita-

1281 653 1358 691 que
1377 642 1556 679 oratione
1581 638 1752 679 ostendit
1780 640 2041 693 perniciosam
2061 642 2192 694 potius
2218 657 2334 695 quam

1248 709 1251 724 ³
1280 699 1415 737 utilem
1440 712 1524 738 esse
1541 699 1648 738 illam
1672 699 1795 749 legem
1810 729 1822 750 ,
1847 700 1927 739 nisi
1946 700 2150 739 hominum
2177 702 2335 752 cupidi-

1281 766 1377 797 tates
1403 767 1690 800 coercerentur.
1709 758 1935 798 Postulabat
1954 759 2089 810 igitur,
2114 772 2163 798 ne
2188 759 2334 812 conjux

1282 832 1304 857 a
1332 819 1476 857 marito
1504 818 1679 869 digressa
1707 827 1801 857 natu
1833 819 2052 867 minorem,
2075 832 2192 871 quam
2224 821 2336 873 prior

1281 887 1388 926 erat,
1410 878 1542 916 virum
1563 878 1714 930 nuptiis
1743 877 1911 917 ambiret
1931 891 2031 917 neve
2055 878 2219 918 maritus
2247 891 2336 932 post

1280 936 1523 988 repudiatam
1546 936 1752 988 conjugem
1775 937 1936 976 duceret
1957 950 2122 977 uxorem
2141 948 2252 978 aetate
2272 940 2335 978 in-

1279 995 1462 1034 feriorem
1476 1026 1487 1047 ‚
1510 1008 1626 1048 quam
1644 996 1754 1047 prior
1773 996 1865 1035 vitae
1884 996 1993 1035 socia
2010 997 2145 1036 fuerat.
2165 997 2245 1038 Ubi
2260 1000 2336 1050 igi-

1281 1063 1344 1093 tur
1366 1055 1507 1094 mortis
1527 1064 1631 1094 metu
1652 1054 1841 1094 liberatus
1859 1055 1961 1095 hanc
1976 1057 2216 1108 rogationem
2243 1071 2335 1111 per-

1279 1114 1391 1163 tulit,
1419 1115 1536 1154 simul
1572 1114 1615 1153 id
1646 1124 1878 1154 consecutus
1906 1124 1987 1166 est,
2017 1124 2061 1155 ut
2091 1117 2205 1168 prior
2234 1132 2338 1158 uxor

1279 1174 1440 1215 domum
1473 1184 1627 1228 recepta
1656 1189 1743 1214 cum
1777 1175 1865 1228 ipso
1901 1176 1944 1214 in
1980 1177 2143 1226 gratiam
2178 1177 2335 1218 rediret.

1279 1234 1454 1286 Contigit
1474 1235 1564 1274 item
1577 1264 1589 1284 ‚
1619 1243 1663 1274 ut
1685 1234 1942 1285 abrogaretur
1962 1236 2026 1274 lex
2046 1237 2261 1276 constituta
2287 1238 2336 1277 de

1281 1294 1440 1334 filiabus
1468 1308 1556 1346 quae
1588 1294 1723 1333 omnia
1756 1303 1962 1347 parentum
1991 1294 2096 1334 bona
2123 1295 2337 1336 hereditate

1281 1354 1459 1406 accipere
1489 1353 1700 1392 debebant.
1736 1353 1922 1393 Voluerat
1947 1364 2076 1394 autem
2109 1355 2336 1395 Charondas

1280 1413 1349 1451 tali
1380 1413 1521 1465 puellae
1543 1412 1763 1464 adjudicari
1780 1413 1912 1452 virum
1946 1427 2087 1464 genere
2110 1415 2334 1466 proximum

1279 1473 1507 1524 pariterque
1522 1473 1692 1524 puellam
1713 1473 1902 1523 assignari
1932 1481 2086 1524 agnato.
2109 1472 2187 1519 Qui
2207 1475 2240 1513 si
2267 1488 2336 1513 no·

1278 1531 1383 1570 lebat
1402 1545 1613 1584 pauperem
1631 1531 1710 1571 sibi
1727 1531 1944 1583 adjungere
1959 1545 2146 1581 uxorem,
2170 1535 2336 1584 cogeba-

1280 1598 1344 1629 tur
1368 1591 1516 1640 virgini
1550 1590 1713 1629 nubenti
1743 1590 1977 1642 quingentas
2009 1591 2214 1630 drachmas
2234 1592 2337 1631 dotis

1278 1650 1472 1688 conferre.
1514 1650 1565 1687 At
1595 1649 1748 1701 pupilla
1777 1649 1954 1700 quaedam
1987 1649 2135 1689 nobilis
2175 1651 2336 1701 solaque
2361 1678 2364 1681 ι

1278 1707 1392 1748 heres
1419 1722 1446 1755 a
1470 1707 1702 1762 parentibus
1733 1708 1886 1757 relicta,
1911 1708 1980 1748 sed
2008 1710 2172 1750 summis
2203 1723 2334 1749 rerum

1280 1768 1590 1807 necessariarum
1623 1768 1816 1817 angustiis
1837 1780 1974 1820 pressa
1994 1767 2164 1820 ideoque
2186 1768 2337 1808 nubere

1277 1826 1480 1879 prohibita
1499 1826 1547 1864 ad
1566 1826 1705 1879 populi
1723 1826 1968 1866 clementiam
1986 1827 2175 1878 confugit.
2192 1827 2336 1867 Simul-

1278 1894 1395 1937 atque
1414 1886 1535 1936 igitur
1560 1899 1633 1938 pro
1650 1886 1788 1925 rostris
1801 1886 1851 1925 de
1869 1886 2039 1925 orbitate
2055 1900 2127 1926 sua
2139 1900 2185 1926 ac
2198 1887 2247 1926 de
2262 1889 2334 1927 illo

1280 1958 1359 1996 quo
1378 1943 1574 1983 laboraret
1595 1953 1794 1983 contemtu
1815 1944 2113 1984 lacrimabunda
2130 1945 2333 1995 disseruit,

1278 2017 1432 2055 :equum
1447 2017 1531 2043 esse
1548 2003 1651 2042 dixit
1666 2004 1753 2054 cogi
1771 2004 1901 2043 virum
1923 2012 2028 2043 arcta
2041 2004 2336 2057 propinquitate

1280 2062 1533 2114 conjunctum
1568 2076 1648 2101 non
1694 2064 1929 2114 quingentas
1964 2063 2169 2103 drachmas
2201 2077 2335 2104 nume-

1278 2134 1365 2160 rare
1387 2122 1646 2174 propinquae,
1676 2122 1744 2160 sed
1770 2135 1854 2161 eam
1875 2123 1917 2161 in
1940 2123 2233 2163 matrimonium
2261 2125 2334 2163 du·

1280 2193 1382 2220 cere.
1409 2180 1538 2227 Quum
1576 2193 1673 2219 vero
1705 2181 1746 2219 in
1784 2181 1885 2220 hanc
1918 2183 2151 2221 sententiam
2204 2184 2334 2223 locuta

1278 2247 1400 2287 esset,
1422 2253 1501 2278 non
1519 2239 1635 2278 modo
1650 2240 1799 2292 populo
1819 2241 1860 2279 id
1881 2241 1987 2293 quod
2001 2242 2158 2280 volebat
2174 2255 2334 2292 persua-

1278 2299 1350 2345 sit,
1371 2311 1510 2337 verum
1532 2299 1647 2337 etiam
1665 2298 1781 2337 diviti
1801 2300 1892 2338 viro
1913 2302 2060 2352 nupsit.
2085 2301 2236 2340 Etenim
2260 2303 2333 2342 mi·

1278 2356 1491 2396 seriem-dia
1536 2366 1673 2410 captus
1718 2358 1888 2410 populus
1929 2360 2171 2409 rogationem
2215 2375 2331 2413 quam

1278 2415 1408 2466 puella
1435 2417 1577 2455 tulerat
1599 2417 1739 2464 jussit,
1761 2426 2047 2470 cognatumque
2075 2421 2203 2470 coegit
2233 2421 2332 2460 illud

1279 2475 1571 2513 matrimonium
1603 2475 1859 2524 contrahere,
1880 2477 1965 2528 lege
1987 2477 2100 2528 data,
2126 2488 2168 2518 ut
2187 2481 2228 2519 in
2258 2495 2332 2534 po-

1279 2541 1425 2571 sterum
1446 2533 1547 2572 idem
1565 2536 1847 2586 consanguinei
1870 2546 1909 2575 et
1925 2539 2133 2577 necessarii
2150 2539 2331 2581 facerent.

1278 2591 1469 2632 Caeterum
1516 2593 1691 2646 ejusdem
1736 2595 1895 2635 familiae
1935 2597 2114 2637 homines
2148 2607 2332 2652 tanquam

1279 2652 1414 2691 eodem
1453 2653 1616 2705 panario
1652 2662 1804 2694 utentes
1833 2656 2047 2707 ὁμοσιπύους
2073 2671 2095 2696 a
2124 2658 2332 2700 Charonda

1279 2712 1516 2763 appellatos,
1541 2711 1590 2751 ab
1610 2711 1842 2765 Epimenide
1863 2723 1990 2754 autem
2011 2718 2122 2768 quasi
2144 2720 2331 2772 praesepis

1278 2780 1478 2809 consortes
1506 2770 1708 2821 ὁμοκάπους
1727 2771 1853 2812 dictos
1880 2787 1965 2813 esse
1997 2785 2156 2815 annotat
2176 2778 2332 2816 Aristo-

1277 2829 1370 2868 teles
1392 2828 1487 2883 (31).
1512 2829 1618 2869 ldem
1638 2831 1837 2872 Catinensi
1857 2834 2095 2888 philosopho
2125 2850 2212 2875 cum
2240 2838 2331 2878 aliis

1275 2933 1433 2970 παντελῶς
1458 2934 1540 2967 κατὰ
1569 2935 1622 2968 τὸν
1652 2936 1721 2979 βίον
1741 2938 1793 2970 καὶ
1823 2938 1876 2971 διὰ
1899 2939 1956 2978 τὴν
1982 2939 2092 2972 πενίαν
2113 2941 2151 2973 οὐ
2174 2942 2327 2984 δυναμένη

1277 2984 1487 3021 συνοικῆσαι,
1507 2982 1678 3025 κατέφυγεν
1711 2985 1763 3016 επὶ
1784 2985 1838 3018 τὸν
1865 2985 1984 3028 δῆμον,
2007 2987 2060 3019 καὶ
2081 2988 2159 3029 μετὰ
2187 2989 2329 3032 δακρύων

1277 3027 1425 3069 ἐκθεμένη
1444 3029 1500 3067 τήν
1521 3029 1631 3070 ίαυτῆς
1651 3031 1782 3073 ἐρημίαν
1803 3042 1836 3064 τε
1857 3034 1909 3065 καὶ
1930 3033 2178 3075 καταφρόνησιν,
2198 3037 2272 3076 πρὸς
2295 3037 2327 3068 δὲ

1274 3073 1394 3111 τούτοις
1413 3075 1659 3118 ὑπογραψαμένη
1683 3078 1739 3117 τὴν
1763 3078 1927 3120 διόρθωσιν
1943 3083 2000 3112 τοῦ
2021 3081 2137 3122 νόμου,
2158 3083 2240 3114 ὥστε
2260 3084 2327 3116 ἀντὶ

1274 3124 1329 3160 τῆς
1354 3121 1503 3161 ὶκτίσεως
1528 3127 1592 3156 τῶν
1614 3126 1835 3159 πεντακοσίων
1857 3127 2008 3170 δραχμῶν
2030 3129 2147 3170 γράψαι
2173 3135 2327 3164 συνοικεῖν

1274 3166 1344 3201 κατ’
1367 3169 1505 3210 ἀνάγκην
1534 3171 1588 3204 τὸν
1617 3173 1755 3215 ἄγχιστα
1786 3174 1893 3215 γένους
1922 3178 1960 3215 τῇ
1990 3175 2227 3217 επιόικασθιίσῃ
2254 3179 2325 3210 ἐπι-

1273 3215 1400 3257 κλήρῳ·
1413 3220 1469 3249 τοῦ
1485 3218 1518 3251 δὲ
1538 3218 1639 3260 δήμου
1659 3220 1712 3252 διὰ
1734 3221 1789 3253 τόν
1809 3221 1894 3253 ἔλεον
1913 3222 2134 3263 ψηφισαμένου
2157 3225 2324 3264 διορθῶσαι

1274 3262 1324 3294 τὸν
1343 3263 1436 3304 νόμον
1449 3288 1459 3305 ,
1481 3266 1502 3303 ἡ
1528 3266 1583 3307 μὲν
1608 3266 1725 3309 ὸρρανή
1748 3269 1802 3300 τὸν
1821 3268 1858 3300 ἐκ
1877 3273 1934 3301 τοῦ
1960 3270 2078 3310 βρόχου
2101 3270 2242 3302 κίνδυνον
2262 3272 2323 3309 ἰξε-

1274 3319 1367 3349 φυγεν
1377 3333 1386 3349 ,
1400 3310 1419 3343 ό
1430 3310 1458 3343 δ’
1470 3310 1639 3354 ἀγχιστεὺς
1650 3314 1800 3352 πλούσιος
1813 3316 1859 3348 ὧν
1877 3316 2060 3357 ἠναγκάσθη
2080 3320 2178 3358 γῆμαι
2191 3322 2324 3358 γυναῖκα

1274 3356 1424 3398 πενιχρὰν
1443 3358 1608 3400 ἐπίκληρον
1626 3360 1700 3393 ἀνευ
1719 3363 1857 3404 προικός.

1316 3404 1382 3445 (31)
1410 3405 1594 3439 Aristoteles
1621 3408 1783 3442 Polillcor.
1808 3410 1862 3443 m».
1879 3412 1907 3449 1,
1918 3419 1990 3452 cap.
2006 3415 2037 3451 2,
2054 3420 2124 3451 pag.
2144 3415 2224 3446 1252
2238 3412 2259 3445 b
2272 3414 2324 3447 ml.

1275 3449 1408 3483 Bekktr.
1427 3464 1436 3484 ε
1455 3453 1475 3491 ἡ
1492 3453 1548 3494 μὶν
1566 3453 1620 3486 οὖν
1637 3454 1681 3491 εἰς
1697 3458 1801 3487 πᾶσαν
1816 3458 1934 3497 ἡμέραν
1953 3462 2165 3496 συνεστηκυῖα
2177 3462 2325 3494 κοινωνία

1273 3497 1355 3530 κατὰ
1371 3497 1462 3539 φύσιν
1481 3500 1566 3537 οἶκός
1579 3501 1681 3542 ἐστιν,
1695 3502 1748 3539 οῦς
1758 3503 1926 3545 Χαρώνδας
1942 3505 1997 3546 μὲν
2015 3506 2104 3539 καλιῖ
2116 3507 2321 3549 ὁμοσιπύους,
