2638 3840
0 3192 2 3206 l

0 3240 4 3307 i

0 3310 5 3326 l

2 3336 5 3352 l

307 288 424 317 Lxxn
1169 274 1238 312 DE
1270 271 1603 314 PROTAGORA.

303 365 482 417 exempla
514 365 657 403 intacta
686 363 945 416 permansisse
968 370 1083 412 atque
1112 361 1161 399 ad
1191 361 1348 399 tertium

304 434 392 477 post
423 424 513 463 Chr.
537 438 575 462 n.
603 423 784 462 saeculum
811 429 1024 474 propagata
1058 433 1141 458 esse
1173 420 1352 470 explora-

305 493 387 522 tum
408 483 606 522 habemus.
630 482 776 533 Nempe
804 480 981 526 Platoni,
1004 478 1213 516 Plutarcho
1227 507 1238 526 ‚
1257 478 1351 516 Dio-

304 543 394 592 geni
407 542 562 581 Laertio
578 541 702 579 libros
718 541 973 589 Protagoreos
991 537 1156 575 lectione
1175 538 1352 587 cognitos

306 601 424 639 fuisse
454 614 503 639 ex
535 601 667 638 multis
703 599 862 637 iudiciis
892 605 1009 648 patet.
1043 597 1237 646 Diogenes
1272 597 1350 648 (39)

304 660 386 698 haec
405 658 491 710 ejus
513 659 714 697 volumina
744 668 946 709 superesse
966 655 1020 693 ait
1043 670 1052 693 z
1076 655 1198 707 Τέχνη
1224 656 1352 707 ἐριστι-

305 722 390 758 κῶν.
415 719 504 772 Περὶ
524 718 652 764 πάλης.
676 716 764 770 Περὶ
786 719 856 755 τῶν
881 713 1120 767 μαθημάτων.
1142 713 1230 767 Περὶ
1251 716 1351 754 πολι-

304 777 411 822 τείας.
449 776 538 830 Περὶ
568 777 779 828 φιλοτιμίας.
815 773 903 826 Περὶ
929 774 1074 826 ἀρετῶν.
1109 773 1197 826 Περὶ
1222 776 1285 821 τῆς
1316 775 1351 813 ἐν

305 839 399 890 ἀρχῇ
430 836 691 877 καταστάσεως.
721 833 809 886 Περὶ
839 834 908 870 τῶν
937 833 972 870 ἐν
996 830 1125 890 “’ᾼδου.
1161 833 1250 885 Περὶ
1284 835 1352 871 τῶν

305 898 367 935 οὐκ
381 898 488 949 ὀρθῶς
509 895 579 938 τοῖς
606 892 797 946 ἀνθρώποις
822 892 1094 945 πρασσομένων.
1122 893 1351 944 Προστακτι-

305 954 377 999 κός.
399 954 489 1002 Δίκη
511 952 597 1006 ὑπὲρ
619 954 758 1003 μισθοῦ.
775 950 996 1003 Ἀντιλογιῶν
1019 949 1090 988 δύο.
1109 951 1219 989 Adde
1239 951 1351 989 libel-

305 1016 385 1052 lum
405 1013 484 1065 περὶ
515 1015 576 1050 τοῦ
602 1010 697 1055 ὄντος
728 1019 986 1049 memoratum
1019 1010 1244 1063 Porphyrio
1274 1012 1348 1062 (4ο)

304 1072 406 1124 apud
429 1071 570 1111 Euseb.
594 1071 722 1122 Praep.
745 1070 891 1119 Evang.
916 1069 987 1107 lib.
1013 1069 1046 1108 X
1070 1083 1155 1121 cap.
1179 1070 1217 1118 3,
1239 1083 1353 1120 quem

304 1145 383 1171 non
401 1131 599 1170 diversum
619 1129 736 1168 fuisse
751 1129 930 1180 suspicor
945 1128 993 1166 ab
1007 1142 1053 1167 eo
1072 1131 1141 1179 qui
1153 1137 1235 1166 erat
1251 1128 1354 1175 Ἀλή-

304 1194 381 1229 θεια
409 1189 635 1240 inscriptus.
658 1187 745 1226 Vid.
773 1187 874 1225 Plat.
911 1187 1058 1227 Theaet.
1088 1201 1130 1239 p.
1162 1188 1233 1224 161
1259 1187 1288 1225 C
1317 1197 1355 1225 et

307 1249 365 1287 ibi
384 1248 563 1286 Graecum
589 1248 858 1298 interpretem.
891 1245 942 1283 At
969 1245 1071 1283 liber
1101 1247 1149 1282 de
1172 1248 1245 1282 diis
1267 1259 1355 1283 curn

307 1309 457 1347 caeteris
503 1307 589 1358 ejus
623 1306 773 1356 ingenii
825 1305 1087 1343 monumentis
1137 1305 1352 1344 intercidit.

306 1368 423 1406 Fama
438 1376 497 1406 est
511 1367 713 1404 Platonem
728 1365 808 1416 (41)
834 1366 876 1402 in
893 1363 1178 1402 conscribendo
1198 1365 1356 1413 egregio

306 1427 355 1465 de
375 1426 576 1478 republica
594 1424 795 1463 volumine
805 1436 928 1475 prope
942 1423 1074 1460 onmia
1092 1435 1113 1460 e
1129 1423 1356 1472 cognomini
1375 1421 1383 1430 ⁸

305 1486 531 1534 Protagorae
552 1485 877 1521 commentatione
896 1482 1070 1519 hausisse
1083 1509 1094 1528 ‚
1115 1480 1221 1530 quod
1241 1479 1356 1519 nobis

307 1545 540 1584 incredibile
560 1543 728 1582 videtur.
755 1542 808 1580 De
834 1542 1058 1591 Protagorae
1087 1540 1241 1592 placitis
1271 1555 1357 1591 quae

309 1605 362 1643 ob
383 1605 685 1654 fragmentorum
716 1602 947 1654 paucitatem
980 1600 1142 1638 uberius
1160 1600 1357 1651 explicare

306 1665 399 1704 nolo
420 1662 650 1701 consulendi
671 1670 811 1713 praeter
826 1661 1028 1699 Platonem
1047 1660 1091 1698 in
1111 1659 1306 1697 Theaeteto
1323 1669 1360 1698 et

307 1724 522 1773 Protagora
536 1730 616 1760 tum
633 1720 858 1759 Aristoteles
873 1729 952 1757 tum
966 1719 1104 1758 Sextus
1125 1718 1357 1770 Empiricus.

309 1779 494 1833 Ejusdem
523 1781 565 1819 in
584 1778 846 1831 eloquentiam
868 1779 1015 1816 merita
1031 1779 1071 1816 in
1095 1778 1292 1829 superiori
1309 1777 1357 1815 de

310 1841 505 1893 Sophistis
525 1838 788 1891 disputatione
810 1837 1057 1876 adumbravi.
1079 1837 1191 1875 Dicta
1216 1836 1301 1886 ejus
1320 1845 1358 1874 ct

312 1901 525 1950 fragmenta
543 1911 628 1950 quae
645 1906 795 1936 exstant
810 1897 1018 1946 diligenter
1042 1895 1234 1934 recensita
1256 1895 1359 1933 infra

309 1957 610 2011 interpretabor.

364 2018 443 2057 Nec
458 2027 586 2056 tamen
600 2016 752 2068 pigebit
771 2015 822 2053 iis
839 2028 925 2065 quae
936 2014 1122 2052 hactenus
1139 2013 1221 2051 dixi
1238 2026 1361 2064 pauca

314 2077 490 2130 quaedam
510 2076 694 2127 adjicere.
723 2074 770 2112 In
802 2074 1002 2112 tradendis
1021 2073 1242 2125 disciplinis
1262 2073 1360 2110 Pro-

316 2145 471 2187 tagoras
513 2133 731 2173 disserendi
781 2133 1034 2171 subtilitatem
1080 2132 1358 2170 sententiarum

312 2197 604 2245 verborumque
624 2192 841 2230 luminibus
858 2201 896 2230 et
914 2192 1130 2230 carminum
1150 2191 1358 2228 dulcedine

316 2254 549 2294 suavissime
568 2250 820 2303 temperabat.
853 2250 1010 2288 Solebat
1028 2251 1130 2290 enim
1156 2263 1243 2288 cum
1261 2250 1362 2288 alio-

315 2328 400 2353 rum
418 2321 621 2366 poetarum
635 2340 646 2358 ,
670 2320 749 2349 tum
771 2310 988 2348 Simonidis
1003 2310 1177 2348 carmina
1195 2310 1238 2348 in
1252 2309 1362 2348 scho-

313 2375 363 2413 lis
382 2385 566 2412 enarrare
596 2371 693 2423 (42).
726 2369 812 2415 Qua
837 2370 878 2407 in
910 2382 952 2407 re
979 2369 1122 2408 fabulis
1152 2382 1307 2421 quoque
1326 2378 1364 2408 et

358 2504 423 2544 (39)
441 2503 598 2542 Diogenes
622 2501 767 2533 Laertius
791 2499 841 2532 his
854 2500 962 2532 verbis
979 2501 1114 2532 testatur
1130 2500 1186 2531 lib.
1211 2501 1270 2539 lx,
1290 2504 1328 2531 55
1350 2512 1358 2531 ι

315 2552 382 2584 ἔστι
405 2551 438 2582 δὲ
466 2550 505 2581 τὰ
533 2548 693 2589 σωζόμενα
714 2548 810 2579 αὐτοῦ
837 2547 942 2588 βιὸλία
969 2546 1051 2578 τάδε’
1077 2547 1170 2588 τέχνη
1202 2547 1363 2588 ἐριστικῶν

315 2600 383 2630 κτλ.
398 2616 438 2623 -
453 2596 518 2638 (40)
534 2595 732 2635 Porphyrius
748 2594 833 2635 apud
856 2594 1030 2625 Eusebium
1048 2595 1152 2635 Praep.
1169 2596 1289 2634 Evang.
1307 2594 1364 2626 lib.

315 2647 346 2678 X
362 2654 436 2685 cap.
450 2647 468 2676 3
485 2656 494 2676 2
511 2641 724 2684 Πρωταγόρου
737 2642 794 2682 γὰρ
812 2642 863 2673 τὸν
879 2642 947 2681 περὶ
967 2644 1023 2672 τοῦ
1039 2641 1125 2678 ὄντος
1141 2641 1365 2681 ἀναγινώσκων

316 2692 411 2733 λόγον
423 2691 498 2733 πρὸς
513 2690 585 2726 τοὺς
598 2689 629 2720 ἓν
640 2689 676 2721 τὸ
691 2688 725 2720 ὃν
739 2688 918 2728 εἰσάγοντας
933 2688 1090 2725 τοιαύταις
1116 2688 1208 2721 αὐτὸν
1226 2689 1362 2729 εὑρίσκω

318 2739 478 2780 χρώμενον
499 2736 727 2773 ἀπαντήσεσιν.
762 2735 852 2767 Plato
884 2736 1010 2767 Tlieaet.
1035 2744 1067 2775 p.
1101 2738 1156 2767 161
1179 2737 1204 2768 C
1232 2737 1314 2774 ιτὴν
1339 2735 1366 2768 δ’

320 2786 421 2827 ἀρχὴν
443 2786 500 2816 τοῦ
523 2784 618 2824 λόγου
637 2783 836 2823 τεθαύμακα,
858 2783 904 2814 ὅτι
932 2782 990 2814 οὐκ
1014 2783 1100 2815 εἶπεν
1125 2783 1295 2826 ἀρχόμενος
1312 2788 1366 2822 τῆς

319 2831 493 2872 Ἀληθείας,
507 2831 555 2862 ’ότι
569 2829 693 2862 πάντων
705 2829 873 2872 χρημάτων
891 2831 1000 2872 μέτρον
1021 2830 1104 2862 ἐστὶν
1119 2830 1154 2867 ὗς
1167 2833 1186 2869 ἢ
1201 2832 1369 2873 mitonem*

319 2881 371 2915 λος
384 2879 452 2910 κτλ.
473 2877 514 2909 ad
527 2885 624 2917 quem
642 2876 750 2908 locum
766 2878 901 2909 Graecus
917 2877 1093 2918 interpres:
1113 2878 1149 2909 τὸ
1162 2881 1218 2909 τοῦ
1239 2880 1368 2920 Πρωτα-

321 2925 417 2967 γόρου
428 2924 630 2965 σύγγραμμα,
646 2923 678 2955 ἐν
690 2923 716 2963 ᾧ
730 2926 830 2955 ταῦτα
846 2924 962 2960 δοξάζει
973 2948 981 2963 ,
999 2924 1138 2962 Ἀλήθεια
1151 2925 1289 2957 ἐκαλεῖτο
1306 2926 1366 2958 ὑπὸ

321 2972 544 3013 Πρωταγόρου.
566 2971 620 3003 Cf.
636 2970 781 3010 ejusdem
796 2970 911 3011 dialogi
929 2980 959 3011 p.
979 2974 1036 3003 162
1049 2973 1092 3010 A;
1118 2975 1175 3003 166
1189 2973 1233 3010 ῦς
1255 2976 1312 3005 170
1330 2976 1366 3005 Ε.

321 3038 364 3044 -
372 3020 438 3061 (41)
450 3019 607 3058 Diogenes
616 3018 759 3051 Laertius
771 3019 825 3050 lib.
839 3020 897 3056 ΙΙΙ,
910 3020 947 3050 37
963 3019 1017 3056 εῆν
1028 3019 1196 3051 Πολιτείαν.
1206 3020 1370 3061 Ἀριστόξε-

322 3067 374 3104 νός
390 3078 465 3110 φησι
478 3069 584 3098 πᾶσαν
605 3066 719 3108 σχεδὸν
739 3066 770 3097 ἐν
790 3070 854 3102 τοῖς
869 3066 1082 3106 Πρωταγόρου
1095 3067 1263 3108 γεγράφόαι
1277 3068 1365 3100 Ἀντι-

322 3114 472 3153 λογικοῖς·
485 3112 517 3143 et
532 3112 636 3150 ejusd.
651 3111 704 3144 lib.
723 3111 742 3152 ἓ
757 3114 793 3144 57
811 3122 818 3143 :
833 3116 886 3151 τῆς
903 3112 957 3152 μὲν
973 3112 1135 3144 Πολιτείας
1146 3114 1188 3149 εἷς
1202 3114 1278 3144 δέκα
1294 3114 1369 3146 διαι-

325 3160 472 3201 ρουμένης
486 3184 494 3198 ,
508 3159 547 3197 ἢν
566 3160 619 3190 καὶ
634 3158 830 3199 εὑρίσκεσθαι
846 3161 958 3200 σχεδον
980 3160 1054 3197 ὃλην
1069 3160 1153 3200 παρὰ
1174 3161 1369 3202 Πρωταγόρᾳ

326 3208 358 3239 ἐν
370 3210 435 3243 τοῖς
449 3206 664 3246 Ἀντιλογικοῖς
682 3217 756 3245 φησι
770 3206 953 3246 Φαῧωρῖνος
971 3206 1001 3237 ἐν
1017 3207 1214 3244 παντοδαπῆς
1231 3207 1367 3248 ἱστορίας

326 3255 470 3295 δευτέρῳ.
485 3273 525 3280 -
544 3253 609 3294 (42)
627 3253 824 3285 Themistius
843 3256 923 3284 orat.
947 3254 1053 3285 XXIII
1068 3262 1099 3293 p.
1121 3257 1181 3285 289
1204 3262 1211 3281 :
1235 3254 1300 3285 ἐπεὶ
1318 3256 1369 3285 καὶ

329 3301 480 3343 Πρόδικος
491 3301 543 3332 καὶ
559 3300 770 3343 Πρωταγόρας
784 3301 801 3331 ὁ
818 3301 1013 3342 Ἀὅδηρίτης,
1027 3302 1044 3332 ὁ
1067 3300 1121 3340 μὲν
1145 3301 1322 3341 ὀρθοέπειάν
1337 3313 1370 3333 τε

326 3349 379 3379 καὶ
394 3347 664 3389 ὁρθοῤῥημοσύνην
685 3348 796 3389 μισθοῦ
816 3348 1009 3379 ἐκδιδάσκων
1031 3348 1102 3384 τοὺς
1127 3348 1232 3389 νέους,
1250 3349 1267 3379 ό
1281 3349 1313 3379 δὲ
1330 3350 1369 3380 τὰ

1413 362 1645 414 opinionum
1660 360 1887 400 commentis
1907 359 2011 398 viam
2033 358 2111 397 sibi
2133 358 2182 396 ad
2203 356 2462 410 philosophiae

1414 430 1605 474 praecepta
1622 420 1837 460 muniebat.
1856 419 1955 457 Hinc
1982 426 2143 456 venusta
2176 418 2244 455 illa
2263 416 2394 454 fabula
2413 415 2462 454 de

1414 481 1573 519 humani
1588 480 1741 530 generis
1753 487 1839 516 ortu
1856 479 2074 530 primisque
2091 474 2332 520 civitatibus,
2347 486 2462 524 quain

1414 553 1462 578 ex
1491 540 1659 591 quodam
1687 538 1872 590 sophistae
1889 537 1991 575 libro
2011 536 2158 588 profert
2176 533 2285 572 Plato
2306 534 2346 572 in
2366 533 2463 571 Pro-

1416 609 1549 651 tagora
1565 599 1661 650 (43).
1680 598 1807 644 Quum
1830 597 1898 635 alii
1918 597 1959 635 in
1976 596 2066 634 aliis
2083 595 2225 633 studiis
2242 601 2462 641 versentur,

1416 660 1630 697 communis
1651 666 1778 695 tamen
1800 656 1974 694 omnium
1994 654 2195 693 hominum
2213 652 2348 704 judice
2368 651 2466 690 Pro·

1417 726 1546 768 tagora
1564 715 1718 768 justitia
1743 727 1826 753 esse
1842 714 1957 752 debet
1980 714 2023 752 in
2050 726 2127 765 qua
2144 711 2307 751 colenda
2326 710 2466 749 civita·

1417 785 1496 814 tum
1514 777 1675 815 salutem
1693 775 1858 826 positam
1882 786 1965 812 esse
1988 771 2254 811 arbitrabatur
2278 769 2377 822 (44).
2396 770 2464 808 At·

1420 848 1495 886 que
1530 843 1574 873 ut
1607 828 1707 872 hanc
1742 833 1929 871 virtutum
1965 832 2139 870 omnium
2174 830 2467 869 fundamentum

1417 893 1583 931 habebat
1600 907 1608 931 ε
1628 893 1684 930 ita
1715 892 1835 930 animi
1868 890 2189 942 tranquillitatem
2212 887 2470 939 exaggerabat

1418 966 1503 1004 quae
1528 952 1691 990 multum
1721 959 1759 988 et
1782 951 1830 988 ad
1859 950 2079 988 felicitatem
2099 958 2136 987 et
2157 948 2205 987 ad
2225 947 2375 986 doloris
2402 960 2470 986 va·

1419 1012 1600 1049 euitatem
1622 1010 1826 1062 prodesset
1842 1009 1938 1062 (45).
1955 1008 2061 1046 Idem
2079 1008 2297 1046 doctrinam
2309 1006 2470 1056 ingenio

1418 1079 1456 1108 et
1486 1069 1766 1107 exercitatione
1806 1067 1984 1117 indigere
2018 1067 2094 1116 ait,
2141 1066 2208 1105 sed
2236 1067 2291 1103 ita
2317 1065 2471 1103 discere

1415 1128 1529 1179 jubet
1559 1127 1761 1174 mortales,
1785 1135 1829 1164 ut
1856 1127 1936 1175 jam
1956 1125 2006 1163 ab
2031 1123 2296 1163 adolescentia
2320 1122 2470 1162 studio·

1419 1201 1504 1225 rum
1522 1187 1679 1224 initium
1702 1186 1843 1224 faciant
1859 1183 1951 1237 (46).
1978 1184 2112 1235 Neque
2130 1183 2237 1222 enim
2257 1181 2471 1234 quidquam

1419 1259 1502 1284 esse
1531 1254 1652 1283 artem
1681 1245 1766 1283 sine
1790 1243 2087 1293 exercitatione,
2122 1254 2249 1292 neque
2280 1240 2472 1279 exercita-

1421 1306 1564 1343 tionem
1585 1306 1670 1343 sine
1686 1313 1767 1342 arte
1786 1304 1879 1354 (47).

1474 1364 1518 1401 ln
1538 1377 1667 1402 rerum
1690 1361 2016 1413 contemplatione
2046 1360 2243 1412 profectus
2262 1358 2312 1398 ab
2341 1359 2466 1398 Hera-

1420 1424 1542 1461 cliteae
1581 1423 1658 1474 (48)
1698 1420 1958 1473 philosophiae
1990 1419 2119 1458 initiis
2156 1419 2244 1457 visa
2278 1427 2472 1470 perpetuo

1421 1491 1526 1520 motu
1544 1482 1717 1519 fluminis
1737 1481 1860 1519 instar
1880 1479 1961 1517 labi
1982 1479 2129 1518 statuit.
2155 1481 2240 1516 Hoc
2261 1478 2392 1529 posito
2421 1478 2472 1517 il-
2490 1529 2494 1532 Β

1421 1542 1488 1580 lud
1518 1554 1760 1592 consequens
1790 1548 1899 1586 erat,
1941 1547 1984 1576 ut
2017 1537 2065 1575 de
2099 1537 2208 1575 omni
2245 1539 2406 1575 materia
2432 1537 2475 1575 in

1421 1610 1627 1652 utramque
1659 1609 1808 1652 partem
1837 1598 2028 1649 disputari
2059 1609 2174 1648 posse
2195 1596 2471 1644 contenderet,

1422 1660 1527 1711 quod
1544 1659 1703 1697 eandem
1725 1672 1806 1697 rem
1828 1671 1932 1695 nunc
1952 1656 2188 1695 laudandam
2209 1668 2314 1694 nunc
2341 1662 2474 1707 repre-

1421 1719 1664 1757 hendendam
1682 1731 1765 1757 esse
1782 1725 1987 1770 appareret
2018 1717 2114 1768 (49).
2141 1715 2335 1762 Quocirca
2357 1716 2472 1754 etiam

1423 1777 1610 1816 adhibitis
1637 1777 1856 1815 rationibus
1888 1789 2043 1814 causam
2071 1775 2308 1813 inferiorem.
2321 1774 2476 1813 efficere

1424 1837 1664 1888 superiorem
1682 1842 1951 1874 consueverat.
1970 1834 2085 1880 Quod
2105 1847 2185 1885 quo
2201 1834 2356 1872 facilius
2373 1832 2476 1873 obti-

1424 1903 1548 1943 neret,
1584 1908 1686 1946 saepe
1716 1894 1956 1944 argumentis
1983 1893 2113 1931 minus
2134 1893 2258 1931 firmis
2280 1891 2475 1940 utebatur,

1425 1967 1511 2004 quae
1531 1953 1635 1991 haud
1663 1966 1752 1991 raro
1779 1966 1828 1991 ex
1848 1951 2076 1991 nominibus
2102 1951 2316 2003 verbisque
2343 1951 2477 2003 potius

1425 2025 1540 2062 quam
1562 2025 1611 2049 ex
1635 2011 1751 2050 rebus
1770 2012 1886 2050 ducta
1914 2012 2156 2063 speciosiora
2181 2023 2298 2062 quam
2317 2010 2478 2050 veriora

1425 2071 1743 2109 existimarentur
1780 2072 1876 2123 (50).
1911 2071 2068 2109 Scilicet
2103 2071 2382 2109 necessarium
2399 2070 2475 2109 hoc

1425 2139 1520 2181 erat,
1545 2130 1615 2169 ubi
1636 2144 1748 2169 causa
1774 2130 1941 2168 inferior
1957 2138 2057 2169 esset
2077 2130 2190 2167 mala.
2226 2129 2351 2168 Porro
2371 2143 2476 2182 quae-

1429 2190 1575 2228 stiones
1590 2203 1613 2227 a
1629 2190 1804 2241 propriis
1819 2190 1998 2241 personis
2014 2198 2052 2227 et
2068 2187 2310 2240 temporibus
2328 2189 2377 2228 ad
2393 2189 2478 2229 uni·

1426 2262 1580 2288 versum
1597 2263 1754 2300 quoque
1771 2262 1892 2299 genus
1904 2248 2094 2286 traduxit.
2117 2247 2349 2299 Cujusmodi
2363 2250 2477 2300 posi-

1426 2309 1550 2347 tiones
1576 2322 1698 2358 graece
1724 2308 1833 2351 θέσεις
1853 2308 2112 2360 appellantur.
2138 2307 2184 2344 ln
2205 2307 2266 2346 his
2289 2307 2477 2358 Protago—

1428 2381 1492 2406 ras
1527 2369 1788 2407 adolescentes
1816 2381 1896 2406 non
1928 2368 2050 2417 magis
2076 2367 2124 2404 ad
2145 2367 2474 2419 philosophorum

1429 2501 1538 2541 fragm.
1560 2504 1590 2532 3.
1612 2519 1650 2524 --
1671 2498 1738 2539 (46)
1759 2498 1835 2530 Vid.
1860 2498 1973 2538 fragm.
1993 2501 2029 2529 8.
2050 2515 2092 2520 -
2106 2498 2172 2537 (47.)
2195 2497 2274 2530 Vid.
2307 2498 2422 2538 fragm.
2440 2502 2471 2532 7.

1427 2567 1467 2575 -
1480 2547 1545 2588 (48)
1563 2546 1654 2578 Plato
1670 2546 1791 2578 Tneaet.
1812 2555 1847 2586 p.
1876 2550 1933 2578 152
1951 2548 1976 2577 o
1999 2555 2007 2576 ;
2031 2545 2094 2586 ἐγὼ
2110 2545 2170 2586 ἐρῶ
2189 2546 2244 2576 καὶ
2262 2544 2332 2586 μάλ·
2350 2547 2387 2578 οὐ
2399 2538 2479 2587 ’φαῦ-

1426 2597 1478 2627 λον
1500 2595 1604 2636 λόγον·
1631 2595 1674 2630 ὡς
1693 2593 1752 2634 ἄρα
1769 2593 1801 2625 ἓν
1820 2593 1874 2634 μὲν
1888 2593 1965 2625 αὐτὸ
1980 2593 2050 2624 καθ’
2077 2593 2154 2624 abre
2181 2592 2268 2624 οὐδέν
2294 2593 2391 2632 ἐστιν,
2409 2594 2476 2626 οὐδ’

1427 2644 1464 2675 ἄν
1482 2654 1511 2674 τι
1530 2641 1709 2683 προσείποις
1723 2640 1820 2682 ὀρθῶς
1834 2639 1898 2672 οὐδ’
1913 2641 2076 2672 ὁποιονοῦν
2094 2651 2124 2671 τι
2137 2664 2146 2680 ,
2164 2639 2241 2680 ἀλλ’,
2266 2640 2319 2672 ἐὰν
2336 2642 2378 2677 ὡς
2396 2641 2478 2682 μέγα

1426 2689 1675 2732 προσαγορεὺῃς,
1701 2689 1755 2719 καὶ
1768 2688 1899 2729 σμικρὸν
1918 2690 2079 2727 φανεῖται,
2094 2688 2146 2719 καὶ
2163 2687 2217 2719 ἐὰν
2238 2687 2329 2728 βαρύ,
2348 2690 2477 2729 κοῦφον,

1425 2736 1584 2779 ξύμπαντά
1598 2746 1632 2767 τε
1648 2735 1746 2771 οὕτως
1759 2759 1768 2775 ,
1786 2737 1828 2772 ὡς
1846 2735 1973 2776 μηδενὸς
1996 2734 2082 2770 ὄντος
2105 2734 2186 2774 ἑνός,
2210 2735 2288 2776 μήτε
2304 2734 2384 2770 τινὸς
2402 2734 2479 2775 μήτε

1426 2785 1603 2816 ὁποιουοῦν·
1613 2784 1648 2816 ἐκ
1661 2782 1695 2814 δὲ
1710 2783 1747 2820 δὴ
1759 2785 1851 2824 φορᾶς
1860 2793 1892 2814 τε
1900 2782 1952 2814 καὶ
1961 2781 2111 2819 κινήσεως
2122 2781 2174 2812 καὶ
2187 2780 2327 2822 κράσεως
2339 2781 2415 2820 πρὸς
2430 2781 2481 2812 ἅ).-

1426 2832 1504 2866 ληλα
1510 2831 1647 2872 γίγνεται
1654 2831 1770 2870 πάντα,
1780 2831 1800 2862 ἃ
1807 2831 1844 2868 δή
1858 2841 1955 2872 φαμεν
1965 2830 2055 2868 εἶναι,
2065 2830 2123 2860 οὐκ
2133 2828 2229 2870 ὀρθῶς
2237 2829 2481 2870 προσαγορεύον-

1426 2888 1486 2917 τες
1495 2880 1562 2912 ἐστι
1570 2880 1624 2920 μὲν
1631 2880 1690 2922 γὰρ
1698 2877 1838 2911 οὐδέποτ’
1849 2879 1948 2917 οὐδέν,
1963 2877 2010 2909 ἀεὶ
2019 2878 2052 2909 δὲ
2060 2876 2209 2917 γίγνεται.
2219 2877 2281 2907 Καὶ
2288 2877 2357 2917 περὶ
2366 2876 2478 2908 τούτου

1427 2929 1538 2964 πάντες
1553 2929 1618 2966 ἑξῆς
1632 2930 1661 2960 οἱ
1674 2926 1776 2967 σοφοί,
1790 2926 1869 2963 πλὴν
1887 2925 2097 2965 Παρμενίδου,
2113 2924 2329 2965 ξυμφέρεσθον,
2350 2925 2480 2965 Πρωτα·

1428 2975 1522 3016 γόρας
1538 2985 1571 3006 τε
1585 2975 1639 3006 καὶ
1662 2973 1859 3015 Ἡράκλειτος
1875 2973 1928 3003 καὶ
1944 2971 2158 3011 Ἐμπεδοκλῆς
2168 2995 2177 3010 ,
2194 2971 2247 3002 καὶ
2261 2973 2324 3002 τῶν
2340 2974 2480 3010 ποιητῶν

1428 3025 1458 3054 οἱ
1475 3023 1563 3064 ἄκροι
1580 3027 1633 3061 τῆς
1653 3022 1810 3060 ποιήσεως
1836 3020 1995 3062 ἑκατέρας·
2016 3020 2185 3060 κωμῳδίας
2200 3019 2255 3059 μὲν
2272 3019 2478 3061 Ἐπίχαρμος,

1428 3070 1600 3111 τραγῳδίας
1618 3071 1651 3102 δὲ
1673 3070 1811 3110 ’Όμηρος
1824 3092 1833 3108 ,
1851 3068 1884 3104 ὃς
1905 3067 2013 3106 εἰπών,
2035 3066 2189 3099 Ὠκεανόν
2207 3077 2242 3098 τε
2260 3067 2337 3098 θεῶν
2359 3067 2479 3106 γένεσιν

1429 3117 1482 3148 καὶ
1498 3117 1615 3158 μητέρα
1628 3117 1749 3155 Τηθύν,
1775 3115 1877 3147 πάντα
1897 3113 2017 3155 εἴρηκεν
2037 3113 2151 3152 ἔκγονα
2170 3113 2243 3151 ῥοῆς
2261 3123 2294 3143 τε
2317 3113 2369 3143 καὶ
2395 3112 2479 3150 κινή-

1429 3172 1519 3200 σεως·
1537 3165 1556 3202 ἢ
1578 3164 1615 3195 οὐ
1642 3164 1728 3195 δοκεῖ
1748 3166 1841 3194 τοῦτο
1857 3162 1978 3200 λε’γειν;
1998 3178 2038 3185 -
2061 3161 2128 3200 (49)
2149 3159 2304 3198 Diogenes
2332 3159 2479 3190 Laertius

1429 3210 1484 3242 lib.
1504 3212 1559 3249 lx,
1583 3214 1617 3242 51
1639 3219 1646 3240 t
1665 3213 1788 3251 πρῶτος
1802 3209 1858 3248 ἔφη
1882 3207 1937 3238 δύο
1955 3205 2065 3247 λόγους
2086 3206 2245 3246 εἶναιπερὶ
2268 3205 2382 3241 παντὸς
2399 3205 2478 3245 πρά-

1429 3268 1545 3298 γματος
1566 3257 1794 3298 ἀντικειμένους
1817 3255 1978 3292 ἀλλήλοις,
2001 3254 2047 3289 οἷς
2069 3254 2122 3284 καὶ
2147 3253 2331 3293 συνηρώτα,
2357 3255 2479 3293 πρῶτος

1429 3309 1520 3336 τοῦτο
1535 3304 1711 3345 πράξας.-
1723 3303 1788 3344 (50)
1803 3303 1960 3342 Diogenes
1974 3301 2121 3332 Laertius
2136 3300 2192 3331 lib.
2205 3302 2264 3339 IX,
2281 3303 2319 3331 52
2334 3311 2342 3331 :
2359 3299 2412 3330 καὶ
2426 3299 2474 3330 >13-

1400 3383 1406 3401 ι
1429 3362 1493 3391 γων
1514 3352 1635 3390 ἀγῶνας
1649 3352 1838 3389 ἐποιήσατο,
1856 3350 1912 3381 καὶ
1938 3348 2079 3389 σόφισμα
2094 3350 2158 3383 τοῖς
2179 3347 2475 3387 πραγματολογοῦσι

327 3395 498 3435 Σιμωνίδου
509 3407 542 3427 τε
553 3395 607 3427 καὶ
620 3395 721 3427 ἄλλων
732 3395 893 3436 ποιήματα
906 3395 1108 3436 ἐξηγούμενος
1121 3396 1265 3436 σοφισταὶ
1285 3397 1370 3436 ὅμως
1400 3405 1406 3436 3
1429 3399 1621 3438 προσήγαγε·
1646 3400 1699 3430 καὶ
1722 3399 1777 3437 τήν
1793 3397 1930 3429 διάνοιαν
1947 3396 2032 3437 ἀφεὶς
2055 3395 2129 3436 πρὸς
2150 3394 2288 3433 τοῦνομα
2311 3393 2454 3433 διελέχθη
2468 3416 2478 3432 ‚

327 3443 379 3472 καὶ
405 3442 504 3480 ἤστην
522 3444 576 3475 καὶ
603 3442 775 3483 ἐλεγέσθην.
791 3459 833 3465 -
848 3442 913 3483 (43)
930 3443 1018 3474 Plato
1035 3444 1164 3483 Protag.
1186 3444 1303 3483 p.'320
1327 3444 1365 3474 C.

327 3487 402 3519 vid.
419 3488 530 3529 fragm.
556 3491 590 3522 4.
616 3506 657 3512 —
676 3488 743 3531 (44)
768 3489 844 3523 Vid.
863 3489 977 3530 fragm.
1003 3492 1021 3521 4
1050 3489 1110 3522 [in.
1130 3507 1170 3513 —
1197 3490 1264 3530 (45)
1290 3490 1367 3523 Vid.

1430 3447 1483 3476 καὶ
1508 3447 1543 3477 τὸ
1563 3449 1616 3477 νῦν
1637 3446 1817 3478 ἐπιπόλαιον
1841 3445 1927 3485 γένος
1950 3446 2013 3475 τῶν
2035 3443 2196 3483 ἐριστικῶν
2222 3441 2394 3480 ἐγέννησεν·
2420 3439 2472 3471 ἵνα

1400 3517 1405 3524 .
1430 3492 1483 3523 καὶ
1505 3492 1611 3534 Τίμων
1631 3494 1705 3534 φησὶ
1721 3493 1790 3534 περὶ
1806 3492 1912 3524 αὐτοῦ·
1935 3489 2143 3533 Πρωταγόρης
2159 3489 2185 3520 τ’
2202 3487 2361 3528 ἐπίμικτος
2379 3487 2473 3524 ἐριζέ-

2605 2514 2627 2579 Lffiv*
2604 2361 2628 2508 §Q't-'ffirssjc'fi-
2605 2258 2627 2359 SW]
2608 2241 2628 2255 ’.ἱ
2615 2227 2617 2229 ·
2608 2194 2626 2219 ¹62
2607 2130 2628 2189 'Bk-‘⁴-
2606 2109 2625 2125 ts,
2607 2072 2629 2103 ..531
2603 1992 2628 2067 π-μωῗ-
2612 1982 2622 1989 1
2606 1958 2629 1978 1,

2614 2770 2626 2782 ε-
2622 2759 2627 2764 .
2610 2723 2626 2754 ⁴²6¹>-
2605 2584 2627 2718 QQK..
